2071 3508
750 427 918 466 LIBER
947 427 1170 468 PRIMUS.
1574 437 1623 472 ’ῖό

292 536 625 605 philosophiae
667 535 883 596 deditus,
930 553 1031 585 non
1078 537 1228 585 modo
1280 554 1454 602 parum
1493 557 1623 588 com-

293 617 456 675 mode,
495 615 581 663 sed
606 615 754 663 etiam
779 616 991 681 turpiter
1015 623 1066 663 et
1090 616 1332 681 flagitiose
1359 616 1494 666 dicta
1518 635 1623 667 esse

292 695 504 743 dicebat.
553 695 795 760 Idemque
821 695 923 744 Ser.
942 695 1174 755 Galbam,
1200 714 1348 761 quem
1372 697 1624 745 hominem

289 774 442 838 probe
468 774 861 823 commeminisse
899 791 951 823 se
987 775 1168 835 aiebat,
1209 777 1515 841 pergraviter
1552 793 1625 824 re-

289 852 598 917 prehendere
623 852 830 913 solebat,
855 854 989 918 quod
1012 854 1070 913 is,
1107 854 1167 902 L.
1196 855 1453 903 Scribonio
1479 872 1625 920 quae-

289 932 501 980 stionem
542 933 594 980 in
636 949 750 980 eum
774 933 986 992 ferente,
1028 932 1199 998 populi
1238 934 1625 982 misericordiam

290 1012 607 1070 concitasset,
644 1027 758 1060 curn
786 1011 860 1060 M.
889 1011 1034 1072 Cato,
1070 1012 1263 1062 Galbae
1287 1013 1450 1078 gravis
1475 1021 1624 1078 atque

290 1106 404 1138 acer
427 1091 675 1150 inimicus,
711 1107 881 1156 aspere
917 1092 1050 1157 apud
1073 1092 1313 1158 populum
1340 1093 1624 1140 Romanum

290 1177 341 1217 et
364 1169 685 1219 vehementer
726 1178 855 1219 esset
894 1171 1121 1220 locutusz
1161 1188 1308 1236 quam
1351 1172 1624 1220 orationem

290 1248 341 1295 in
367 1248 656 1313 Originibus
692 1250 790 1298 suis
821 1251 1050 1315 exposuit
1074 1251 1194 1315 ipse.
1268 1250 1749 1316 Reprehende-228.

293 1329 380 1376 bat
403 1328 556 1392 igitur
581 1328 794 1378 Galbam
823 1329 1059 1389 Rutilius,
1085 1330 1220 1394 quod
1254 1331 1293 1378 is
1332 1331 1388 1378 C.
1419 1330 1623 1395 Sulpicii

291 1406 444 1466 Galli,
484 1408 746 1473 propinqui
788 1409 880 1467 sui,
929 1409 993 1466 Q.
1034 1408 1279 1473 pupillum
1316 1408 1471 1457 filium
1519 1410 1624 1474 ipse

289 1502 419 1550 pene
459 1487 509 1534 in
548 1487 778 1536 humeros
803 1504 914 1536 suos
940 1488 1217 1548 extulisset,
1243 1489 1326 1553 qui
1350 1489 1502 1554 patris
1528 1489 1624 1537 cla-

287 1564 462 1612 rissimi
503 1568 846 1616 recordatione
889 1575 940 1616 et
981 1569 1218 1617 memoria
1242 1569 1413 1617 fletum
1437 1568 1624 1634 populo

289 1653 528 1703 moveret,
554 1653 605 1693 et
629 1645 752 1693 duos
776 1645 899 1694 filios
915 1663 1028 1694 suos
1045 1663 1222 1711 parvos
1241 1647 1429 1695 tutelae
1451 1648 1623 1713 populi

288 1723 700 1783 commendasset,
725 1740 784 1772 ac
809 1741 879 1783 se,
903 1732 1140 1788 tanquam
1165 1725 1215 1771 in
1239 1726 1504 1789 procinctu
1528 1735 1624 1776 tes-

286 1810 562 1851 tamentum
577 1801 785 1860 faceret,
810 1802 915 1850 sine
938 1801 1064 1850 libra
1078 1810 1227 1867 atque
1246 1804 1444 1864 tabulis,
1468 1822 1623 1872 popu.

284 1880 388 1929 lum
415 1881 698 1930 Romanum
722 1887 940 1929 tutorem
976 1880 1235 1930 instituere
1273 1883 1478 1933 dixisset
1518 1886 1622 1935 illo-

286 1977 394 2008 rum
434 1960 649 2009 orbitati.
721 1959 898 2024 Itaque
939 1976 1054 2007 cum
1093 1967 1143 2007 et
1191 1961 1379 2009 invidia
1420 1970 1470 2010 et
1506 1964 1622 2014 odio

283 2039 455 2105 populi
495 2047 602 2088 tum
635 2038 799 2087 Galba
821 2045 1148 2103 premeretur,
1184 2038 1258 2086 his
1284 2055 1482 2104 quoque
1507 2058 1620 2091 eum

285 2118 554 2184 tragoediis
589 2117 851 2167 liberatum
892 2118 1118 2178 ferebat3
1157 2119 1292 2183 quod
1332 2120 1453 2168 item
1489 2122 1622 2186 apud

287 2198 530 2248 Catonem
573 2198 813 2262 scriptum
853 2213 957 2245 esse
1003 2196 1169 2256 video,
1216 2197 1310 2245 nisi
1362 2199 1528 2264 pueris
1571 2209 1622 2250 et

284 2276 549 2343 lachrymis
573 2293 688 2326 usus
713 2283 859 2335 esset,
891 2291 1076 2341 poenas
1100 2291 1215 2324 eum
1247 2276 1479 2326 daturum
1504 2280 1621 2328 fuis-

285 2373 353 2406 se.
426 2356 570 2404 Haec
613 2355 833 2405 Rutilius
870 2354 1014 2403 valde
1050 2355 1380 2420 vituperabat,
1417 2365 1469 2406 et
1503 2358 1619 2408 huic

283 2435 551 2484 humilitati
577 2435 776 2484 dicebat
814 2433 894 2483 vel
934 2433 1161 2483 exsilium
1184 2434 1353 2495 fuisse,
1389 2436 1469 2485 vel
1493 2454 1619 2486 mor-

284 2523 387 2564 tem
429 2513 844 2579 anteponendam.
932 2514 1111 2578 Neque
1157 2530 1275 2562 vero
1322 2515 1417 2564 hoc
1460 2516 1616 2564 solum
1633 2531 1743 2571 5229,

286 2595 431 2653 dixit,
457 2593 544 2642 sed
568 2594 672 2658 ipse
697 2600 749 2641 et
773 2592 943 2651 sensit,
978 2599 1029 2640 et
1051 2590 1204 2640 fecit:
1244 2610 1357 2640 nam
1397 2611 1510 2642 cum
1548 2612 1618 2644 es-

286 2682 362 2723 set
402 2672 484 2720 ille
522 2671 596 2719 vir
638 2669 941 2735 exemplum,
990 2677 1047 2716 ut
1084 2670 1237 2730 scitis,
1281 2671 1618 2735 innocentiae,

288 2768 501 2818 cumque
533 2749 618 2798 illo
655 2765 801 2798 nemo
826 2764 987 2812 neque
1011 2747 1250 2812 integrior
1275 2759 1403 2799 esset
1427 2752 1477 2799 in
1503 2754 1618 2802 civi-

286 2842 409 2893 tate,
433 2846 595 2896 neque
619 2827 853 2887 sanctior,
894 2843 995 2875 non
1030 2827 1179 2875 modo
1215 2828 1421 2893 supplex
1437 2829 1618 2895 judici-

285 2917 379 2966 bus
403 2928 510 2963 esse
534 2908 711 2969 noluit,
747 2907 835 2958 sed
869 2922 932 2957 ne
967 2907 1187 2957 ornatius
1212 2909 1432 2973 quidem,
1456 2919 1542 2961 aut
1564 2912 1618 2960 li-
