2071 3508
384 422 464 459 436
887 394 1227 459 oRATomAE

378 527 568 594 judex:
603 535 690 577 aut
713 528 776 577 de
799 527 996 589 futuris,
1020 537 1077 577 ut
1100 536 1312 578 senatus.
1384 528 1465 577 Sic
1488 527 1583 576 tria
1606 532 1721 576 suns:

387 624 592 673 genera,
602 606 799 672 judicii,
818 607 1200 664 deliberationis,
1219 607 1569 666 exornationis,
1594 621 1722 671 quae

390 688 507 751 quia
528 688 581 735 in
603 686 911 735 laudationes
935 686 1148 735 maxime
1175 686 1442 743 confertur,
1467 685 1727 750 proprium.

389 765 542 814 habet
557 765 662 830 jam
688 782 749 813 ex
775 781 834 813 eo
853 781 1052 812 nomen.

458 845 651 893 F1L1ns.
715 843 851 900 Quas
892 859 969 891 res
1011 842 1101 891 sibi
1136 851 1381 907 proponet
1415 843 1466 890 in
1501 842 1605 890 istis
1633 841 1717 890 tri-

389 925 483 972 bus
516 923 782 987 generibus
814 922 1010 970 orator?
1081 921 1269 969 PATER.
1317 921 1720 970 Delectationem

390 1002 443 1049 in
474 1001 827 1049 exornati-one:
871 1000 923 1046 in
955 998 1167 1063 judicio,
1209 1007 1295 1047 aut
1329 999 1599 1058 saevitiam,
1635 1005 1723 1046 aut

392 1079 708 1129 clementiam
749 1077 968 1142 judicis:
1022 1077 1074 1123 in
1124 1078 1349 1125 suasione
1397 1085 1583 1136 autem,
1636 1083 1726 1124 aut

391 1176 547 1225 spem,
595 1165 680 1206 aut
725 1155 1179 1205 reformidationem
1227 1155 1559 1203 deliberantis.
1641 1155 1723 1202 F1-

390 1256 521 1287 L1Us.
572 1238 674 1286 Cur
709 1236 861 1300 igitur
891 1235 1096 1299 exponis
1126 1234 1222 1282 hoc
1251 1233 1363 1282 loco
1398 1250 1583 1299 genera
1607 1249 1722 1282 con-

389 1317 770 1367 troversiarum?
842 1315 1031 1363 PATER.
1092 1314 1165 1363 Ut
1200 1314 1442 1362 rationem
1479 1312 1724 1362 collocan-

390 1397 441 1445 di
476 1398 541 1445 ad
579 1395 729 1443 finem
772 1393 1010 1458 cujusque
1052 1392 1443 1442 accommodem.
1527 1391 1722 1439 F1L1us.

390 1476 622 1533 Quonam
661 1473 864 1521 tandem
907 1471 1093 1519 modo?
1172 1470 1361 1518 PATER.
1420 1469 1569 1529 Quia,
1619 1469 1724 1533 qui-

386 1556 479 1604 bus
520 1553 573 1600 in
622 1551 924 1600 erationibus
975 1548 1243 1598 delectatio
1294 1548 1403 1596 finis
1456 1556 1545 1605 est,
1602 1547 1724 1596 vari-i

388 1640 505 1682 sunt
544 1631 742 1680 ordines
779 1628 1073 1678 collocandi.
1156 1628 1287 1676 Nam
1322 1636 1409 1675 aut
1443 1636 1724 1692 temporum

388 1720 645 1761 servantur
681 1709 883 1775 gradus,
919 1715 1006 1756 aut
1041 1723 1281 1771 generum
1317 1706 1723 1766 distributiones;

385 1799 473 1840 aut
507 1808 536 1838 a
577 1789 848 1838 minoribus
884 1787 948 1834 ad
983 1785 1167 1850 majora
1203 1785 1533 1844 ascendimus,
1575 1792 1661 1832 aut
1695 1802 1724 1833 a

384 1869 650 1935 majoribus
675 1867 738 1914 ad
773 1866 963 1914 minora
987 1864 1261 1912 delabimur
1281 1884 1294 1923 3
1334 1871 1419 1911 aut
1442 1863 1566 1911 haec
1591 1863 1724 1912 inae-

387 1948 572 2015 quabili
606 1946 845 1995 varietate
873 1943 1240 2008 distinguimus,
1278 1959 1391 1990 cum
1416 1959 1566 2006 parva
1588 1959 1724 2006 mag-

386 2030 476 2086 nis,
516 2026 758 2091 simplicia
783 2023 1083 2088 conjunctis,
1119 2023 1328 2070 obscura
1352 2021 1601 2079 dilucidis,
1627 2021 1728 2070 lae-

385 2116 438 2157 ta
461 2107 700 2164 tristibus,
736 2102 1045 2152 incredibilia
1079 2101 1414 2166 probabilibus
1436 2101 1725 2160 inteximus,

387 2204 513 2253 quae
555 2186 607 2232 in
644 2183 1017 2233 exornationem
1056 2181 1242 2229 cadunt
1280 2181 1458 2228 omnia.
1530 2180 1724 2228 F1L1us.

390 2265 565 2324 Quid?
602 2265 652 2311 in
679 2261 1034 2310 deliberatione
1072 2260 1192 2324 quid
1228 2259 1459 2324 spectas?
1531 2259 1722 2307 PATER.

389 2343 657 2409 Principia,
681 2341 760 2389 vel
784 2357 884 2388 non
907 2339 1071 2403 longa,
1107 2338 1186 2386 vel
1210 2354 1354 2402 saepe
1379 2336 1529 2385 nulla.
1599 2337 1726 2385 Sunt

389 2422 523 2471 enim
559 2421 622 2469 ad
646 2418 968 2477 audiendum,
1007 2417 1091 2481 qui
1134 2416 1426 2475 deliberant,
1466 2433 1553 2464 sua
1577 2433 1725 2464 causa

389 2501 563 2566 parati.
634 2500 744 2547 Nec
770 2497 979 2545 multum
1000 2513 1115 2544 sane
1141 2512 1284 2560 saepe
1310 2495 1608 2543 narrandum
1633 2502 1723 2544 est.

389 2581 481 2628 Est
506 2579 638 2628 enim
662 2577 877 2625 narratio
901 2584 987 2624 aut
1021 2575 1396 2640 praeteritarum
1421 2590 1604 2633 rerum,
1638 2584 1727 2624 aut

387 2658 744 2725 praesentium:
766 2655 925 2703 suasio
944 2662 1130 2714 autem,
1145 2653 1439 2702 futurarum.
1479 2653 1646 2709 Quare
1661 2653 1725 2702 ad

388 2738 556 2796 fidem,
582 2744 632 2785 et
656 2736 720 2784 ad
743 2744 934 2783 motum
958 2733 1242 2781 adhibenda
1266 2740 1341 2780 est
1365 2731 1524 2780 omnis
1549 2731 1722 2780 oratio.

389 2816 582 2865 FILIUS.
639 2814 809 2872 Quid?
845 2814 896 2861 in
923 2812 1126 2878 judiciis
1163 2827 1288 2877 quae
1325 2818 1400 2860 est
1425 2809 1725 2859 collocatio?

389 2894 578 2947 PATER.
626 2893 744 2944 Non
785 2891 961 2943 eadem
999 2890 1319 2951 accusat01·iS‚
1357 2897 1409 2940 et
1448 2888 1552 2939 rei:
1590 2885 1723 2954 quod
