2071 3508
791 390 1166 436 ORATORIBUSL
1573 405 1652 443 339

302 515 405 548 non
430 501 694 550 indisertus
712 499 843 550 fuit:
884 503 941 551 C.
963 519 1095 560 vero,
1123 504 1248 552 filius
1269 503 1387 569 ejus,
1417 507 1644 558 disertus.

304 578 550 644 Caiusque
577 579 857 628 Tuditanus
884 598 998 629 cum
1025 582 1160 630 omni
1184 583 1286 631 vita
1322 593 1470 649 atque
1508 587 1645 635 victu

302 657 545 714 excultus,
586 671 735 724 atque
773 659 1039 724 expolitus,
1076 669 1181 708 tum
1210 660 1314 725 ejus
1341 663 1542 729 elegans
1569 674 1644 714 est

298 735 520 783 habitum
558 737 707 785 etiam
745 739 980 787 orationis
1011 757 1186 805 genus.
1260 741 1552 806 Eodemque
1589 743 1642 792 in

294 829 480 875 genere
506 826 583 864 est
609 817 806 866 habitus
827 819 881 875 is,
907 820 1007 882 qui,
1034 819 1211 885 injuria
1236 831 1461 885 accepta,
1488 821 1641 887 fregit

296 891 410 942 Tib.
440 894 731 946 Gracchum
757 900 1016 964 patientia,
1044 900 1164 949 civis
1190 901 1239 948 in
1265 902 1412 949 rebus
1439 903 1638 966 optimis

292 977 735 1036 constantissimus,
764 979 839 1027 M.
868 979 1125 1029 Octavius.
1190 981 1262 1029 At
1287 998 1402 1029 vero
1431 981 1506 1029 M.
1536 983 1637 1031 Ae-

291 1053 456 1103 milius
480 1055 721 1122 Lepidus,
764 1060 847 1124 qui
887 1070 962 1109 est
990 1061 1201 1109 Porcina
1239 1061 1421 1120 dictus,
1458 1062 1637 1112 iisdem

290 1137 596 1201 temporibus
620 1139 744 1199 fere,
771 1141 948 1205 quibus
974 1141 1155 1199 Galba,
1190 1141 1276 1189 sed
1300 1141 1449 1206 paulo
1474 1142 1636 1190 minor

290 1222 427 1273 natu,
472 1225 523 1265 et
565 1235 784 1268 summus
820 1229 984 1268 orator
1011 1229 1086 1269 est
1111 1221 1323 1277 habitus,
1364 1230 1414 1269 et
1438 1220 1552 1281 fuit,
1577 1229 1635 1271 ut

290 1304 497 1361 apparet
544 1314 607 1346 ex
654 1299 977 1361 orationibus,
1038 1301 1249 1366 scriptor
1297 1318 1412 1349 sane
1454 1303 1631 1351 bonUS.

291 1373 408 1423 Hoc
445 1376 496 1423 in
533 1387 726 1427 oratore
764 1379 946 1428 Latino
970 1380 1185 1444 primum
1211 1379 1331 1426 mihi
1357 1381 1555 1428 videtur
1581 1388 1632 1429 et

286 1453 464 1504 lenitas
507 1459 789 1522 apparuisse
825 1459 908 1506 illa
933 1460 1264 1518 Graecorum,
1291 1468 1341 1508 et
1365 1443 1631 1508 verborum

287 1536 684 1600 comprehensio,
725 1539 874 1586 etiam
912 1539 1090 1587 artifex
1119 1542 1200 1603 (ut
1224 1539 1294 1587 ita
1319 1539 1507 1601 dicam)
1534 1548 1632 1606 sty-

283 1613 375 1664 lus.
451 1617 608 1666 Hunc
648 1619 868 1666 studiose
895 1619 995 1667 duo
1026 1618 1370 1668 adolescentes
1405 1620 1631 1684 ingenio-

283 1695 477 1756 sissimi,
520 1706 572 1746 et
611 1715 766 1763 prope
808 1699 1053 1764 aequaleS‚
1099 1699 1156 1748 C.
1199 1699 1382 1758 Carbo,
1424 1708 1475 1748 et
1512 1699 1626 1749 Tib.

283 1774 546 1825 Gracchus
583 1779 754 1828 audire
791 1778 921 1827 soliti
958 1787 1103 1827 sunt:
1143 1778 1204 1826 de
1231 1779 1408 1843 quibus
1423 1779 1529 1844 jam
1557 1779 1628 1827 di-

283 1856 432 1904 cendi
456 1856 597 1905 locus
634 1859 746 1918 erit,
784 1875 898 1907 cum
937 1859 998 1907 de
1036 1859 1310 1906 senioribus
1334 1876 1495 1923 pauca
1520 1859 1627 1907 dix-

281 1952 382 1984 ero.
446 1937 510 1994 Q.
539 1939 671 1986 enim
699 1939 964 2004 Pompeius
989 1955 1091 1987 non
1117 1946 1434 2003 contemptus
1460 1947 1626 1988 orator

282 2017 589 2081 temporibus
614 2018 708 2067 illis
732 2019 843 2076 fuit,
864 2020 950 2084 qui
977 2036 1193 2066 summos
1218 2019 1448 2078 honores,
1474 2019 1625 2069 homo

279 2112 369 2160 per
393 2113 444 2145 se
471 2099 717 2163 cognitus,
757 2100 862 2148 sine
887 2099 986 2147 ulla
1011 2099 1448 2148 commendatione
1474 2099 1625 2164 majo-

280 2192 390 2224 rum
419 2186 494 2227 est
520 2179 745 2244 adeptus.
819 2180 952 2227 Tum
986 2179 1045 2227 L.
1076 2179 1274 2227 Cassius
1299 2178 1513 2226 multum
1537 2196 1624 2243 po-

277 2257 394 2317 tuit,
419 2275 520 2306 non
546 2259 848 2324 eloquentia,
875 2260 963 2309 sed
988 2259 1204 2308 dicendo
1228 2267 1396 2307 tamen
1419 2279 1432 2318 3
1471 2259 1622 2308 homo

276 2353 377 2386 non
400 2337 716 2399 liberalitate,
741 2348 798 2389 ut
819 2340 922 2399 alii,
948 2340 1034 2389 sed
1059 2340 1163 2405 ipsa
1186 2339 1388 2388 tristitia
1412 2347 1463 2387 et
1486 2356 1621 2387 seve-

277 2417 424 2470 ritate
448 2419 698 2484 popularis
720 2439 732 2469 ε
773 2419 912 2485 cujus
956 2420 1157 2485 quidem
1199 2419 1300 2484 legi
1335 2419 1619 2468 tabellariae

279 2496 356 2546 M.
385 2498 572 2548 Antius
592 2501 751 2561 Briso,
770 2502 999 2549 tribunus
1016 2500 1193 2565 plebis,
1211 2501 1297 2548 diu
1313 2499 1513 2558 restitit,
1541 2499 1616 2547 M.

277 2576 473 2643 Lepido
509 2580 713 2629 consule
745 2579 1027 2645 adjuvante.
1101 2580 1272 2644 anue
1297 2596 1374 2628 res
1402 2580 1455 2626 P.
1485 2578 1619 2627 Afri-

276 2674 402 2707 cano
426 2659 779 2723 vituperationi
802 2658 918 2718 fuit,
943 2659 1077 2723 quod
1103 2658 1206 2722 ejus
1232 2660 1528 2707 auctoritate
1555 2658 1618 2707 de

276 2739 526 2788 sententia
550 2739 797 2789 deductus
836 2739 976 2787 Briso
999 2739 1282 2804 putabatur.
1355 2739 1490 2786 Tum
1517 2738 1617 2786 duo

278 2818 556 2885 Caepiones
594 2819 806 2868 multum
849 2818 1056 2867 clientes
1096 2817 1302 2866 consilio
1340 2826 1391 2867 et
1426 2817 1616 2883 lingua,

272 2899 384 2965 plus
425 2900 723 2952 auctoritate
768 2908 939 2950 tamen
986 2907 1038 2949 et
1073 2899 1235 2964 gratia
1275 2898 1615 2950 sublevabant.

1194 2996 1225 3028 Y
1251 2987 1281 3026 2
