2071 3508
740 381 908 422 LIBER
938 380 1161 420 PRIMUS.
1571 381 1624 421 67

288 505 375 545 aut
399 491 744 544 consuetudini
768 497 854 538 aut
877 497 1081 538 naturae
1119 504 1277 547 meae,
1315 488 1531 552 petimus
1559 489 1619 536 ab

288 574 529 631 Antonio,
575 578 631 618 ut
669 586 744 629 ea,
792 586 918 634 quae
957 568 1202 627 continet,
1249 583 1411 631 neque
1455 567 1615 615 adhuc

284 648 506 717 protulit,
532 666 594 698 ex
619 649 794 713 quibus
819 664 975 695 unum
999 647 1220 696 libellum
1255 646 1345 694 sibi
1372 645 1616 694 excidisse

274 729 570 795 jamdudum
595 735 796 792 questus
821 734 913 787 est,
939 725 1156 791 explicet
1180 725 1339 784 nobis,
1364 733 1415 773 et
1438 723 1522 772 illa
1547 723 1615 771 di-

283 801 429 857 cendi
454 807 687 873 mysteria
711 806 971 855 enuntiet?
1008 805 1080 854 Ut
1094 805 1309 864 videtur,
1328 804 1490 869 inquit
1509 802 1617 852 Sul-

279 886 439 952 picius
459 908 473 947 3
512 903 642 944 nam,
688 886 915 935 Antonio
950 885 1171 944 dicente,
1210 884 1360 933 etiam
1399 883 1520 948 quid
1560 891 1615 931 tu

280 967 481 1026 sentias,
505 965 857 1031 intelligemus.
918 965 1044 1013 Pet‘b
1078 965 1250 1029 igitur,
1288 963 1450 1028 inquit
1475 963 1614 1011 Cras·
1630 973 1725 1016 207
1733 1002 1743 1011 ,,

281 1062 378 1105 sus,
431 1063 460 1093 a
499 1053 569 1105 te,
623 1045 856 1110 quoniam
902 1044 956 1093 id
995 1044 1156 1101 nobiS‚
1199 1043 1411 1102 Antoni,
1458 1042 1613 1091 homi-

280 1125 424 1174 nibus
454 1125 508 1174 id
531 1125 725 1185 aetatis,
750 1125 913 1173 oneris
938 1125 998 1173 ab
1017 1124 1195 1172 horum
1219 1122 1613 1172 adolescentium

280 1205 454 1254 studiis
478 1204 768 1271 imponitur,
792 1211 850 1252 ut
875 1220 1112 1268 exponas,
1133 1203 1254 1267 quid
1277 1203 1334 1250 iis
1361 1203 1422 1250 de
1450 1203 1613 1261 rebus,

280 1299 400 1348 quas
424 1301 453 1332 a
475 1291 526 1333 te
552 1284 720 1349 quaeri
744 1284 897 1340 videS,
926 1282 1121 1332 sentias.

345 1363 727 1429 Deprehensum
752 1363 982 1428 equidem
1018 1380 1116 1422 me,
1154 1363 1317 1427 inquit
1343 1338 1734 1423 A11t0nius‚482

274 1441 422 1506 plane
459 1444 605 1493 video
646 1452 794 1508 atque
835 1443 1026 1502 senti03
1064 1458 1165 1490 non
1203 1441 1361 1490 solum
1397 1442 1533 1506 quod
1557 1459 1615 1491 ea

277 1523 596 1587 requiruntur
619 1541 647 1571 a
670 1540 768 1582 me,
788 1538 997 1587 quorum
1017 1538 1124 1570 sum
1148 1522 1348 1587 ignarus
1368 1533 1517 1590 atque
1541 1526 1614 1572 in-

278 1601 458 1662 solens,
483 1603 571 1651 sed
596 1602 727 1667 quia,
755 1602 890 1668 quod
911 1602 962 1650 in
990 1601 1147 1650 causis
1172 1602 1314 1652 valde
1339 1602 1515 1668 fugere
1540 1621 1614 1653 so-

274 1679 372 1741 leo,
407 1697 471 1730 ne
495 1682 606 1743 tibi,
637 1683 826 1740 Crasse,
868 1682 1155 1742 succedam,
1189 1683 1242 1730 id
1265 1700 1345 1732 me
1371 1701 1505 1732 nunc
1530 1685 1610 1732 isti

270 1760 426 1810 vitare
452 1778 552 1810 non
577 1762 760 1811 sinunt.
832 1761 1022 1810 Verum
1047 1762 1143 1811 hoc
1167 1763 1418 1828 ingrediar
1446 1764 1509 1813 ad
1535 1783 1610 1825 ea,
1628 1769 1740 1809 208.

275 1856 402 1905 quae
426 1840 593 1901 vultis,
617 1840 873 1900 audacius,
889 1840 1025 1905 quod
1047 1841 1181 1890 idem
1206 1843 1326 1891 mihi
1352 1861 1495 1909 spero
1519 1862 1612 1896 usu

276 1936 382 1969 esse
406 1928 674 1968 venturum
711 1920 763 1967 in
801 1919 894 1968 hac
926 1920 1280 1985 disputatione,
1306 1924 1441 1988 quod
1464 1925 1516 1973 in
1541 1926 1612 1974 di·

274 1998 437 2049 cendo
469 1998 613 2059 solet,
649 2006 707 2047 ut
738 1998 874 2047 nulla
899 2008 1217 2063 exspectetur
1240 2011 1413 2051 ornata
1438 2005 1610 2054 oratio.

273 2080 454 2145 Neque
492 2079 625 2128 enim
663 2097 772 2128 sum
811 2079 874 2128 de
904 2088 1009 2128 arte
1035 2080 1276 2141 dicturus,
1315 2099 1462 2147 quam
1488 2099 1612 2135 nun-

274 2175 423 2224 quam
448 2159 620 2218 djdici,
651 2160 740 2208 sed
764 2159 826 2208 de
850 2176 962 2208 mea
986 2161 1379 2223 consuetudine;
1408 2164 1611 2232 ipsaque

271 2237 375 2298 illa,
416 2255 543 2304 quae
579 2238 631 2286 in
668 2240 1080 2288 commentarium
1105 2239 1271 2290 meum
1296 2244 1462 2305 retuli,
1498 2260 1613 2301 sunt

275 2317 537 2383 ejusmodi,
572 2335 673 2367 non
705 2318 868 2384 aliqua
891 2319 1012 2367 mihi
1049 2319 1276 2369 doctrina
1299 2323 1500 2385 tradita,
1525 2329 1613 2379 sed

271 2397 324 2446 in
347 2414 512 2447 rerum
536 2415 630 2446 usu
655 2398 913 2463 causisque
937 2407 1177 2448 tractata:
1218 2418 1343 2466 quae
1382 2404 1422 2452 si
1453 2408 1612 2469 vobis,

271 2477 555 2527 hominibus
596 2477 954 2537 eruditissimis,
991 2495 1092 2527 non
1129 2481 1488 2544 probabuntur,
1530 2504 1612 2536 ve-

274 2564 424 2605 stram
471 2557 785 2620 iniquitatem
832 2565 1137 2618 accusatote,
1189 2561 1274 2623 qui
1322 2578 1384 2609 ex
1431 2581 1510 2612 me
1552 2583 1611 2615 ea

274 2635 602 2700 quaesieritis,
626 2651 752 2700 quae
777 2653 873 2700 ego
896 2637 1139 2685 nescirem
1159 2658 1173 2698 3
1211 2655 1372 2687 meam
1404 2641 1610 2694 facilita-

272 2724 376 2766 tem
411 2714 683 2774 laudatote,
717 2731 830 2764 cum
855 2716 1012 2774 vobis,
1037 2733 1135 2764 non
1162 2734 1272 2766 meo
1287 2718 1500 2783 judicio,
1526 2724 1613 2774 sed

273 2803 439 2846 vestro
464 2793 628 2842 studio
651 2793 906 2854 inductUS,
941 2811 1042 2843 non
1065 2805 1268 2859 gravate
1293 2802 1611 2866 respondero.

279 2875 412 2925 Tum
438 2875 660 2935 CraSSUS,
688 2875 846 2942 Perge
865 2876 1029 2934 mod0,
1051 2877 1230 2943 inquit,
1253 2878 1478 2948 Antoni,
1505 2883 1611 2937 nul.
1627 2891 1741 2934 209.

1150 2975 1181 3011 ε
1208 2965 1237 3005 2
