2071 3508
772 413 849 453 oR
858 413 1149 454 ATORIBUS.
1554 418 1632 455 343

295 523 482 589 primus
525 523 586 571 de
631 522 856 586 pecuniis
902 521 1211 585 repetundis,
1260 520 1537 570 Censorino
1585 530 1637 572 et

298 601 508 650 Manilio
549 599 852 659 consulibus,
899 600 1049 649 tulit:
1099 599 1204 665 ipse
1242 599 1392 648 etiam
1435 600 1547 647 Piso
1584 608 1635 648 et

296 696 465 728 causas
490 680 611 743 egit,
650 687 700 727 et
723 678 1185 744 multarumlegum
1210 687 1296 727 aut
1320 686 1509 736 auctor,
1548 686 1635 727 aut

294 757 539 806 dissuasor
561 757 690 806 fuit:
728 757 866 823 isque
907 766 958 807 et
993 758 1240 807 orationes
1264 758 1477 823 reliquit,
1507 775 1633 822 quae

283 833 389 899 jam
415 845 742 897 evanuerunt,
779 846 830 886 et
866 838 1085 897 annaleS‚
1122 855 1238 886 sane
1264 837 1459 886 exiliter
1485 837 1634 902 scrip-

291 914 394 976 tos)
420 924 471 964 et
486 916 680 981 judicia
705 917 892 982 populi,
919 917 1096 981 quibus
1122 917 1293 964 aderat
1318 917 1499 975 Carbo,
1527 915 1634 980 jam

291 995 449 1060 magis
500 1003 767 1061 patronum
827 996 1196 1056 desiderabant,
1253 995 1436 1044 tabella
1483 996 1630 1044 data:

292 1089 440 1138 quam
486 1074 652 1139 legem
694 1075 755 1124 L.
794 1075 1011 1135 Cassius,
1053 1075 1248 1141 Lepido
1296 1083 1347 1123 et
1390 1075 1632 1124 Mancino

292 1153 591 1212 consulibus,
617 1154 750 1203 tulit.

357 1233 541 1282 Vester
578 1235 728 1283 etiam
765 1236 831 1284 D.
861 1236 1062 1295 Brutus,
1101 1235 1175 1284 M.
1202 1235 1348 1295 filius,
1384 1242 1441 1284 ut
1476 1252 1539 1284 ex
1563 1234 1634 1284 fa·
1666 1219 1772 1283 28.

291 1311 470 1361 miliari
509 1312 612 1378 ejus
655 1314 714 1363 L,
751 1314 914 1364 Accio
938 1319 1088 1381 poeta
1111 1333 1218 1363 sum
1244 1316 1415 1364 audire
1441 1315 1632 1375 solitus,
1674 1320 1677 1322 ’

293 1400 345 1440 et
369 1393 537 1442 dicere
562 1410 662 1442 non
687 1394 875 1443 inculte
901 1387 1109 1453 solebat,
1135 1402 1184 1443 et
1205 1403 1310 1443 erat
1340 1411 1455 1443 cuin
1478 1394 1634 1442 literis

292 1471 502 1530 Latinis,
546 1481 653 1521 tum
680 1473 829 1522 etiam
855 1474 1083 1534 G1·aeciS‚
1108 1482 1165 1522 ut
1189 1474 1494 1538 temporibus
1520 1473 1634 1533 illis,

294 1554 533 1603 eruditus.
607 1556 750 1612 Quae
791 1555 1043 1604 tribuebat
1079 1554 1211 1602 idem
1257 1554 1447 1602 Accius
1483 1554 1633 1603 etiam

294 1632 357 1690 Q.
404 1634 652 1694 Maximo,
694 1635 754 1682 L.
797 1634 937 1683 Pauli
974 1634 1163 1699 nepoti.
1235 1634 1302 1682 Et
1348 1651 1466 1682 vero
1516 1642 1633 1683 ante

239 1761 241 1763 ,
294 1712 596 1774 Maximum,
634 1714 773 1762 illum
810 1714 1112 1779 Scipionem,
1139 1730 1237 1778 quo
1274 1714 1404 1761 duce
1439 1714 1634 1778 privato

291 1791 408 1842 Tib.
452 1793 715 1843 Gracchus
757 1794 951 1842 occisus
990 1801 1137 1852 esset,
1176 1810 1291 1841 cum
1316 1793 1545 1842 omnibus
1581 1794 1633 1840 in

291 1875 438 1922 rebus
462 1873 832 1932 vehementem,
868 1880 977 1921 tum
1013 1889 1177 1920 acrem
1203 1872 1366 1920 aiebat
1390 1873 1441 1919 in
1467 1873 1635 1921 dicen-

294 1953 359 2002 do
382 1952 550 2001 fuisse.
606 1953 739 2000 Tum
759 1952 910 2001 etiam
937 1952 992 1999 P.
1013 1951 1259 1999 Lentulus
1282 1951 1364 1999 ille
1383 1952 1635 2017 princeps,

293 2033 358 2081 ad
382 2031 739 2097 rempublicam
766 2032 1010 2080 duntaxat
1034 2031 1169 2095 quod
1199 2048 1321 2096 opus
1348 2040 1491 2088 esset,
1519 2033 1635 2081 satis

292 2112 522 2161 habuisse
565 2110 878 2175 eloquentiae
921 2110 1118 2158 dicitur.
1192 2111 1475 2175 Iisdemque
1511 2122 1636 2161 tein-

293 2193 495 2258 poribus
534 2193 593 2241 L.
631 2191 809 2239 Furius
845 2191 1014 2239 Philus
1048 2193 1268 2256 perbene
1294 2192 1474 2241 Latine
1498 2193 1634 2259 loqui

293 2273 579 2338 putabatur,
603 2270 946 2335 literatiusque
971 2287 1119 2336 quam
1145 2273 1344 2320 caeteri.
1407 2274 1473 2322 P:
1491 2276 1635 2326 Scae-

295 2351 407 2401 vola
429 2350 574 2401 valde
598 2351 872 2417 prudenter
897 2359 948 2400 et
967 2358 1132 2410 acute,
1150 2352 1299 2416 paulo
1325 2354 1474 2401 etiam
1501 2359 1635 2422 copi-

294 2433 441 2481 osius.
513 2431 624 2479 Nec
663 2430 822 2479 multo
845 2431 1007 2479 minus
1031 2431 1304 2496 prudenter
1331 2433 1405 2481 M,
1435 2434 1636 2485 Manili-

295 2529 368 2561 us.
442 2509 596 2575 Appii
623 2509 820 2558 Claudii
844 2510 1090 2570 volubilis,
1116 2511 1204 2558 sed
1226 2512 1374 2576 paulo
1398 2512 1635 2567 fervidior

298 2597 404 2640 erat
427 2589 600 2638 oratio.
651 2588 712 2636 In
731 2589 896 2653 aliquo
920 2606 1128 2638 numero
1153 2590 1302 2638 etiam
1329 2590 1404 2639 M.
1432 2593 1634 2646 Fulvius

296 2669 525 2727 Flaccus,
549 2675 602 2715 et
626 2667 684 2716 C.
711 2667 838 2716 Cato
859 2666 1086 2715 Africani
1111 2669 1288 2716 sororis
1312 2669 1457 2731 filius,
1482 2676 1636 2724 medi-

297 2765 438 2798 ocres
463 2754 714 2807 oratores3
755 2746 846 2794 etsi
885 2745 1053 2794 Flacci
1093 2746 1276 2811 scripta
1311 2757 1440 2806 sunt,
1468 2753 1557 2801 sed
1580 2764 1638 2805 ut

298 2825 506 2878 studiosi
551 2826 824 2875 literarum.
895 2823 1063 2873 Flacci
1105 2833 1273 2874 autem
1314 2830 1538 2880 aemulus
1578 2834 1632 2885 P.

299 2908 491 2960 Decius
512 2906 628 2970 fuit,
652 2923 754 2959 non
776 2905 939 2958 infans
961 2905 1046 2957 ille
1071 2906 1273 2974 quidem
1291 2928 1306 2972 5
1333 2909 1422 2961 sed
1440 2919 1497 2962 ut
1513 2913 1633 2977 vita,

1146 3003 1179 3036 Y
1198 2996 1229 3036 4«
