2071 3508
761 394 1138 446 ORATORIBUs.
1543 402 1624 450 419-

277 529 506 579 mamque
530 513 765 571 venisset,
800 520 964 561 totum
1001 514 1047 561 ei
1080 530 1160 562 me
1184 512 1387 572 tradidi,
1413 514 1622 565 admira-

276 593 362 643 bili
388 594 601 658 quodam
627 591 691 639 ad
724 591 1089 657 philosophiam
1114 593 1280 641 studio
1306 594 1617 643 concitatus?

274 673 328 720 in
352 689 449 738 quo
490 672 585 719 hoc
623 671 773 718 etiam
811 674 1154 722 commorabar
1178 672 1437 731 attentius,
1467 674 1621 737 quod,

274 751 367 799 etsi
403 767 568 799 rerum
604 750 821 815 ipsarum
858 751 1071 800 varietas
1097 760 1148 800 et
1171 752 1468 817 magnitudo
1493 769 1623 800 sum-

273 841 354 879 ma
393 847 474 879 me
517 829 852 894 delectatione
898 832 1166 892 retinebat,
1214 841 1384 882 tamen
1431 833 1625 882 sublata

262 910 370 976 jam
395 928 501 959 esse
525 911 577 958 in
601 919 901 976 perpetuum
938 913 1064 960 ratio
1091 912 1398 977 judiciorum
1422 913 1624 962 videba-

270 998 369 1040 tur.
459 992 734 1042 Occiderat
781 993 1029 1058 Sulpicius
1070 993 1155 1042 illo
1203 1011 1366 1054 anno;
1418 1002 1620 1059 tresque

271 1072 500 1137 proximo
525 1074 675 1121 trium
701 1080 922 1122 aetatum
947 1081 1166 1122 oratores
1186 1082 1327 1122 erant
1343 1073 1622 1122 crudelissi-

273 1168 354 1200 me
378 1151 652 1212 interfecti,
680 1153 743 1210 Q.
772 1152 998 1212 Catulus,
1043 1153 1119 1201 M.
1149 1153 1422 1213 Antonius,
1449 1153 1506 1201 C.
1533 1153 1622 1203 Ju-

273 1230 385 1280 lius.
457 1232 650 1281 Eodem
690 1249 821 1280 anno
860 1233 1011 1281 etiam
1053 1233 1250 1281 Moloni
1291 1234 1493 1282 Rhodio
1521 1234 1623 1282 Ro-

273 1326 384 1359 mae
424 1311 653 1360 dedimus
695 1328 916 1376 operam,
953 1320 1005 1359 et
1043 1311 1200 1360 actori
1236 1328 1429 1360 summo
1456 1329 1623 1361 causa-

273 1405 404 1449 rum,
430 1398 481 1438 et
506 1391 759 1455 magistro.
1736 1454 1743 1461 .

343 1468 488 1517 Haec
529 1470 621 1518 etsi
661 1470 896 1518 videntur
937 1487 1043 1519 esse
1082 1487 1110 1518 a
1143 1471 1398 1535 proposita
1431 1471 1625 1520 ratione
1658 1459 1767 1523 90.

275 1548 487 1608 diversa,
513 1557 683 1597 tamen
702 1549 892 1597 idcirco
917 1566 945 1596 a
969 1566 1049 1598 me
1067 1549 1405 1615 proferuntur,
1434 1559 1491 1599 ut
1515 1568 1626 1600 nos-

274 1635 408 1676 trum
434 1645 633 1676 cursum
668 1628 952 1693 perspicere
989 1629 1222 1692 quoniam
1246 1630 1466 1690 voluisti,
1504 1632 1627 1681 Bru-

272 1712 344 1766 te,
385 1707 560 1772 possis,
587 1710 726 1772 (nam
754 1705 932 1754 Attico
956 1706 1081 1755 haec
1105 1715 1226 1757 nota
1250 1708 1391 1771 sunt)
1417 1719 1469 1759 et
1492 1711 1628 1760 vide-

274 1802 349 1846 re,
385 1786 809 1851 quemadmodum
847 1786 998 1834 simus
1034 1786 1085 1833 in
1125 1789 1284 1852 spatio
1311 1789 1375 1845 Q.
1405 1790 1626 1839 Horten-

275 1865 403 1914 sium
427 1865 581 1930 ipsius
605 1864 827 1928 vestigiis
858 1865 1126 1928 persecuti.
1199 1866 1496 1916 Triennium
1520 1869 1626 1919 fere

275 1946 374 1995 fuit
397 1948 515 1995 urbs
540 1947 644 1993 sine
682 1946 848 2010 armiS,
886 1946 974 1993 sed
1012 1954 1264 1995 oratorum
1290 1957 1376 1996 aut
1401 1949 1626 2011 interitu,

277 2034 364 2074 aut
389 2026 628 2084 discessu,
665 2033 752 2073 aut
774 2024 910 2089 fuga,
939 2027 1079 2089 (nam
1104 2027 1310 2075 aberant
1335 2029 1485 2077 etiam
1511 2031 1628 2079 ado-

276 2105 524 2154 lescentes
568 2103 643 2151 M.
689 2104 911 2163 Crassus,
948 2112 1000 2152 et
1035 2104 1241 2153 Lentuli
1277 2106 1402 2169 duo)
1443 2109 1629 2173 primas

277 2186 331 2234 in
370 2185 530 2234 causis
570 2185 752 2250 agebat
796 2184 1128 2232 Hortensius:-
1173 2188 1330 2250 magis
1369 2190 1627 2255 magisque

278 2265 503 2330 quotidie
522 2264 839 2329 probabatur.
891 2262 1158 2321 Antistius,
1188 2265 1301 2314 Piso
1327 2284 1474 2333 saepe
1495 2270 1657 2320 dice-2.

275 2345 434 2406 bant3
487 2344 650 2391 minus
693 2359 839 2407 saepe
880 2342 1215 2408 Pomponius;
1271 2363 1382 2395 raro
1425 2348 1589 2399 Carbo
1609 2372 1626 2414 3

278 2423 432 2473 semel
473 2431 561 2471 aut
594 2423 776 2471 iterum
816 2422 1089 2487 Philippus.
1162 2424 1236 2473 At
1267 2442 1385 2475 vero
1410 2445 1505 2493 ego
1529 2430 1628 2480 hoc

277 2512 505 2569 tempore
531 2503 666 2551 omni
690 2511 866 2551 noctes
902 2511 954 2550 et
978 2502 1084 2550 dies
1119 2503 1171 2550 in
1196 2506 1420 2554 omnium
1446 2508 1629 2557 doctri.

281 2600 459 2632 narum
494 2583 821 2631 meditatione
857 2580 1102 2631 versabar.
1175 2583 1325 2632 Eram
1362 2603 1477 2634 cum
1504 2590 1631 2638 Stoi-

282 2681 343 2713 co
386 2663 647 2712 Diodoro:
709 2663 793 2727 qui
835 2679 951 2711 cum
993 2663 1314 2714 habitavisset
1355 2668 1488 2732 apud
1529 2687 1631 2733 me,

282 2759 583 2808 mecumque
606 2741 826 2799 vixisset,
865 2758 1026 2807 nuper
1061 2751 1136 2792 est
1172 2744 1306 2792 domi
1337 2764 1478 2797 meae
1503 2767 1631 2799 mor.

281 2832 414 2874 tuus.
488 2823 539 2871 A
564 2839 663 2888 quo
687 2839 803 2871 cum
827 2821 879 2869 in
904 2821 1010 2870 aliis
1045 2824 1207 2882 rebus,
1245 2833 1354 2874 tum
1379 2828 1632 2880 studiosis.

283 2904 407 2955 nime
447 2903 500 2953 in
537 2902 802 2954 dialectica
838 2904 1142 2967 exercebam
1182 2921 1309 2970 quae
1350 2910 1490 2974 quasi
1514 2927 1631 2961 con.

1133 3001 1168 3034 n
1195 2985 1230 3035 d
1265 2995 1295 3034 2
