2071 3508
385 418 465 454 424
877 414 953 453 DE
983 414 1184 454 CLARIS

383 524 489 573 lum
535 523 958 572 enumerationem
1005 523 1288 581 oratoriam,
1345 522 1715 569 verumetiam

384 611 652 669 praecepta
697 603 938 668 quaedam
986 602 1267 662 desiderat3
1323 600 1442 665 quid
1481 608 1718 663 tanquam

387 683 662 732 notandum
699 690 761 735 et¹
783 681 1278 730 animadvertendum
1314 680 1377 727 sit
1410 679 1461 726 in
1500 678 1718 726 Horten-

388 761 478 820 sio,
512 759 729 809 breviter
763 760 882 808 licet
907 760 1089 808 dicere.
1159 760 1289 807 Nam
1327 758 1367 806 is
1407 765 1519 823 post
1543 773 1719 805 consu-

386 838 543 888 latum
579 839 756 904 (credo
782 838 916 903 quod
938 838 1149 896 videret,
1186 854 1248 885 ex
1275 835 1611 885 consularibus
1635 851 1719 883 ne-

387 919 572 967 minem
620 934 725 966 esse
772 933 941 965 secum
990 916 1395 981 comparandum,
1442 914 1721 979 negligeret

387 1005 554 1046 autem
597 1012 680 1044 eos
721 996 805 1060 qui
842 994 1067 1043 consules
1092 1010 1192 1042 non
1215 993 1447 1055 fuissent)
1474 1009 1720 1041 summum

387 1074 511 1123 illud
553 1090 696 1122 suum
721 1074 939 1121 studium
964 1073 1170 1132 remisit,
1207 1088 1306 1136 quo
1330 1089 1359 1120 a
1380 1089 1535 1137 puero
1559 1070 1722 1120 fuerat

386 1152 633 1209 incensus,
671 1160 820 1216 atque
862 1152 913 1199 in
955 1152 1176 1200 omnium
1218 1168 1381 1199 rerum
1418 1150 1723 1199 abundantia

387 1231 545 1285 voluit
568 1231 780 1290 beatius,
816 1239 873 1279 ut
907 1231 1011 1295 ipse
1034 1231 1260 1295 putabat,
1297 1229 1543 1278 remissius
1569 1236 1724 1288 certe,

387 1311 570 1359 vivere.
643 1311 854 1369 Primus,
892 1317 943 1358 et
979 1310 1226 1358 secundus
1263 1325 1438 1367 annus,
1475 1316 1526 1356 et
1548 1307 1725 1356 tertius

387 1397 582 1444 tantum
608 1390 745 1455 quasi
771 1391 832 1438 de
857 1390 1082 1454 picturae
1100 1389 1281 1438 veteris
1308 1387 1471 1436 colore
1498 1387 1723 1436 detraxe-

386 1478 481 1528 rat,
518 1478 757 1534 quantum
800 1486 900 1515 non
937 1469 1095 1531 quivis
1119 1486 1247 1515 unus
1289 1485 1352 1514 ex
1391 1466 1592 1531 populo,
1636 1467 1724 1514 sed

388 1548 696 1596 existimator
738 1547 915 1594 doctus
965 1554 1017 1594 et
1067 1545 1350 1610 intelligens
1401 1552 1569 1609 posset
1610 1562 1724 1610 cog-

388 1643 611 1675 noscere.
683 1625 906 1688 Longius
932 1633 1098 1672 autem
1122 1624 1418 1689 procedenS‚
1455 1632 1506 1672 et
1540 1624 1591 1671 in
1616 1640 1724 1672 cae-
1769 1607 1777 1614 ⁸

388 1706 507 1755 teris
550 1704 863 1768 eloquentiae
898 1703 1139 1768 partibUS‚
1175 1711 1283 1753 tum
1324 1702 1539 1750 maxime
1568 1703 1620 1750 in
1645 1719 1723 1752 ce-v

389 1785 584 1833 leritate
633 1792 684 1832 et
731 1783 1106 1831 continuatione
1152 1783 1415 1830 verborum
1469 1781 1723 1831 adhaeres-

390 1881 526 1924 cens,
546 1864 618 1911 sui
640 1862 919 1910 dissimilior
937 1861 1198 1909 videbatur
1216 1860 1320 1908 fieri
1341 1860 1579 1924 quotidie.
1617 1861 1723 1910 Nos

390 1951 555 1991 autem
582 1959 682 1990 non
699 1941 1078 2004 desistebamus,
1119 1956 1233 1988 cum
1259 1939 1392 1987 omni
1433 1956 1617 2003 genere
1642 1957 1725 1988 ex-

391 2021 710 2078 ercitationis,
749 2028 859 2068 tum
892 2020 1105 2068 maxime
1143 2018 1288 2085 stylo,
1326 2026 1548 2067 nostrum
1583 2017 1725 2079 illud,

391 2102 525 2166 quod
550 2109 673 2159 erat,
710 2117 912 2164 augere,
949 2107 1407 2164 quantumcumque
1441 2105 1560 2146 erat.
1632 2097 1725 2146 At-

391 2197 487 2244 que
514 2184 596 2245 (ut
621 2180 777 2228 multa
801 2178 1053 2240 omittam)
1092 2179 1142 2225 in
1181 2179 1276 2226 hoc
1302 2178 1479 2243 spatio,
1518 2185 1568 2226 et
1592 2177 1643 2224 in
1668 2177 1726 2226 iis

390 2268 503 2325 post
527 2259 831 2308 aedilitatem
857 2258 1014 2317 annis,
1045 2265 1096 2306 et
1119 2265 1317 2322 praetor
1341 2256 1545 2321 primm,
1582 2264 1633 2304 et
1656 2257 1726 2304 in-

393 2338 616 2387 credibili
657 2338 880 2403 populari
922 2337 1178 2385 voluntate
1215 2353 1320 2384 sum
1346 2337 1523 2384 factus,
1594 2335 1724 2383 Nam

392 2435 506 2466 cum
548 2425 750 2482 propter
798 2417 1136 2465 assiduitatem
1183 2416 1235 2462 in
1273 2414 1431 2464 causis
1470 2422 1520 2462 et
1559 2414 1725 2462 indus-

392 2497 550 2554 triam,
588 2504 695 2544 tum
730 2505 932 2561 propter
974 2495 1264 2559 exquisitius
1301 2503 1349 2541 et
1389 2493 1590 2540 minime
1620 2492 1725 2541 vul-

390 2593 508 2640 gare
550 2576 783 2624 orationis
824 2592 1002 2640 genus,
1039 2574 1227 2622 animos
1268 2573 1523 2620 hominum
1560 2572 1623 2620 ad
1647 2588 1726 2620 me

394 2656 592 2704 dicendi
619 2656 839 2704 novitate
865 2662 1223 2704 converteram.
1296 2652 1433 2701 Nihil
1465 2651 1526 2699 de
1552 2667 1630 2698 me
1656 2650 1727 2698 dj-

394 2751 535 2782 cam:
589 2735 751 2782 dicam
795 2734 857 2782 de
901 2733 1124 2790 caeteris,
1163 2748 1373 2797 quorum
1414 2746 1562 2778 nemo
1603 2738 1725 2788 erat,

394 2814 475 2875 qui
517 2813 771 2862 videretur
812 2813 1118 2877 exquisitius,
1165 2828 1313 2876 quam
1352 2808 1531 2874 vulgus
1571 2807 1726 2857 homi-⁴

392 2906 530 2951 num,
555 2892 798 2942 studuisse
817 2892 991 2952 literiS,
1017 2891 1195 2957 quibus
1214 2890 1325 2940 fons
1350 2888 1603 2954 perfectae
1627 2884 1724 2935 elo·
