2071 3508
785 418 1160 458 ORATORIBUS.
1562 426 1634 462 341

297 541 445 574 sonus
487 534 562 574 est
599 523 752 572 totius
777 526 1031 585 orationis,
1069 534 1119 574 et
1154 525 1288 574 idem
1331 526 1504 592 stylus,
1540 546 1636 579 nec

296 605 358 654 de
385 605 553 654 Persio
577 605 857 653 reticuisset
893 603 1175 665 Gracchus,
1202 622 1316 654 cum
1343 614 1393 654 et
1418 606 1636 658 Fannius

294 683 358 732 de
385 683 618 731 Menelao
646 683 966 743 Maratheno,
1008 692 1060 733 et
1095 684 1158 733 de
1196 685 1403 734 caeteris
1429 685 1634 750 objecis-

291 769 367 810 set
382 761 426 823 ς)
450 763 740 826 praesertim
761 781 876 812 cum
893 764 1111 813 Fannius
1131 781 1386 830 nunquam
1412 766 1475 814 sit
1498 766 1635 815 habi-

289 848 370 889 tus
395 840 621 907 elinguis.
678 843 811 891 Nam
837 851 888 892 et
914 859 1084 892 causas
1111 843 1447 904 defensitavit‚
1474 853 1526 893 et
1549 846 1634 895 tri-

287 920 503 969 bunatus
529 921 652 986 ejus,
689 922 892 971 arbitrio
918 931 968 972 et
992 923 1290 972 auctoritate
1318 924 1372 972 P.
1401 923 1632 974 Africani

286 1006 476 1063 gestus,
501 1017 603 1048 non
628 1002 868 1050 obscurus
891 1001 1004 1051 fuit.
1057 1002 1205 1051 Alter
1230 1012 1398 1052 autem
1426 1004 1483 1052 C.
1506 1004 1632 1052 Fan-

286 1077 417 1138 nius,
445 1079 521 1128 M.
547 1079 694 1140 filius,
742 1081 800 1128 C.
828 1080 987 1129 Laelii
1011 1098 1183 1146 gener,
1229 1090 1280 1130 et
1304 1083 1541 1143 moribus,
1579 1091 1632 1132 et

287 1157 396 1223 ipso
419 1175 605 1224 genere
631 1160 833 1209 dicendi
860 1161 1044 1209 durior.
1117 1162 1166 1209 Is
1198 1163 1356 1210 soceri
1382 1163 1630 1223 instituto,

289 1239 484 1303 (quem,
527 1240 643 1304 quia
681 1248 943 1306 cooptatus
980 1242 1032 1289 in
1071 1259 1315 1306 augurum
1363 1229 1631 1307 collegium

287 1333 390 1365 non
429 1327 553 1378 erat,
595 1336 696 1369 non
737 1321 1006 1391 admodum
1043 1321 1302 1386 diligebat,
1341 1323 1632 1386 praesertim

291 1413 406 1445 cum
430 1398 513 1447 ille
541 1400 604 1456 Q.
624 1400 912 1448 Scaevolam
939 1400 1029 1449 sibi
1054 1401 1298 1449 minorem
1334 1409 1455 1449 natu
1479 1418 1630 1466 genc-

288 1493 399 1525 rum
434 1479 779 1542 praetulisset:
821 1480 902 1528 cui
939 1488 1108 1528 tamen
1148 1480 1348 1529 Laelius
1385 1497 1436 1529 se
1479 1497 1630 1529 excu-

289 1573 415 1614 sans,
443 1573 544 1606 non
568 1575 756 1623 genero
781 1558 960 1606 minori
985 1558 1113 1607 dixit
1149 1576 1199 1608 se
1237 1559 1380 1619 illud,
1416 1559 1505 1607 sed
1529 1577 1629 1608 ma-

279 1634 381 1700 j0ri
419 1636 548 1685 filiae
596 1637 857 1699 detulisse)
906 1637 946 1685 is
987 1645 1157 1686 tamen
1198 1639 1428 1687 instituto
1470 1639 1629 1688 Laelii

291 1714 586 1764 Panaetium
624 1716 897 1766 audiverat.
970 1715 1090 1781 Ejus
1129 1718 1288 1765 omnis
1323 1719 1375 1765 in
1413 1719 1630 1767 dicendo

288 1793 502 1843 facultas
527 1812 590 1843 ex
614 1795 819 1844 historia
843 1795 995 1860 ipsius
1021 1812 1121 1844 non
1146 1796 1458 1861 ineleganter
1483 1797 1633 1861 scrip-

288 1882 342 1922 ta
363 1874 579 1939 perspici
603 1882 769 1939 potest
791 1891 802 1921 ε
842 1890 968 1937 quae
994 1890 1157 1939 neque
1182 1874 1327 1922 nimis
1353 1883 1428 1923 est
1452 1875 1630 1932 infans,

290 1970 453 2018 neque
477 1952 702 2017 perfecte
739 1953 937 2000 diserta.
1010 1952 1214 2001 Mucius
1249 1961 1417 2002 autem
1457 1970 1634 2019 augur,

292 2034 429 2098 quod
464 2050 555 2098 pro
591 2051 642 2082 se
679 2050 803 2098 opus
840 2040 963 2092 erat,
998 2032 1103 2097 ipse
1141 2033 1355 2090 dicebat,
1382 2041 1439 2081 ut
1464 2034 1526 2081 de
1550 2050 1634 2098 pe-

293 2112 452 2161 cuniis
477 2103 768 2178 repetundis
795 2120 967 2161 contra
999 2111 1060 2160 T.
1090 2112 1379 2161 Albucium.
1453 2113 1502 2161 Is
1528 2130 1632 2162 ora-

292 2200 457 2242 torum
482 2193 534 2240 in
569 2209 778 2241 numero
814 2209 915 2241 non
950 2192 1079 2240 fuit:
1109 2191 1234 2256 juris
1272 2192 1428 2241 civilis
1453 2193 1633 2241 intelli-

289 2273 481 2338 gentia,
506 2280 655 2338 atque
682 2273 817 2321 omni
839 2272 1135 2338 prudentiae
1160 2289 1344 2337 genere
1368 2274 1631 2337 praestitit.

290 2352 351 2402 L.
391 2352 593 2403 Coelius
630 2352 914 2418 Antipater,
948 2353 1158 2417 scriptor
1184 2353 1631 2418 (quemadmodum

290 2433 495 2495 videtis)
519 2431 632 2490 fuit,
669 2441 729 2482 ut
761 2434 1068 2498 temporibus
1093 2432 1205 2492 illis,
1234 2432 1538 2492 luculentus,
1554 2432 1634 2497 ju-

292 2513 357 2562 ris
380 2513 526 2562 valde
549 2513 754 2578 peritus,
792 2513 1063 2562 multorum
1090 2514 1255 2570 etiam,
1283 2521 1341 2561 ut
1365 2513 1424 2560 L.
1453 2512 1631 2569 Crassi,

292 2592 544 2657 magister.

361 2671 569 2721 Utinam
607 2670 659 2718 in
691 2669 811 2719 Tib.
855 2670 1108 2730 Graccho,
1137 2670 1373 2735 'Caioque
1405 2670 1634 2721 Carbone
1665 2667 1772 2729 27.

293 2752 405 2801 talis
435 2766 576 2799 mens
600 2750 665 2798 ad
699 2750 1055 2816 rempublicam
1091 2752 1219 2799 bene
1254 2750 1526 2815 gerendam
1561 2752 1636 2801 fu-

293 2834 431 2891 isset,
473 2829 617 2896 quale
652 2830 910 2896 ingenium
947 2830 1010 2878 ad
1043 2831 1172 2879 bene
1209 2829 1479 2879 dicendum
1506 2830 1634 2883 fuit!

292 2912 521 2979 profecto
544 2925 694 2962 nemo
717 2909 794 2961 his
817 2909 933 2962 viris
955 2908 1115 2977 gloria
1137 2909 1479 2979 praestitisset.
1533 2910 1633 2962 Sed

1208 3008 1242 3042 Y
1260 3000 1289 3041 3
