2071 3508
256 2634 354 2696 14.

391 452 470 489 448
891 447 1235 511 ORATORIAEZ

393 565 509 608 sunt
533 558 761 624 expositi,
786 557 1110 615 conficienda,
1149 565 1200 606 et
1224 556 1576 621 distinguenda
1594 557 1717 606 dilus

394 637 506 687 cide
530 645 620 687 est.
691 638 884 686 FILIUS.
935 638 1086 707 Plane
1123 637 1252 686 istuc
1289 637 1450 702 ipsum
1476 637 1718 687 desidero.

395 717 582 766 PATER.
632 717 722 765 Est
747 733 866 782 ergo
892 720 973 781 (ut
996 733 1142 781 supra
1166 717 1356 765 dictum
1382 716 1479 777 est)
1506 717 1720 782 explica-

392 796 465 844 tio
488 796 784 861 argumenti,
811 795 1176 860 argumentatio
1198 813 1210 843 :
1249 795 1336 843 sed
1361 812 1419 843 ea
1444 795 1718 852 conficitur,

395 891 509 923 cum
535 875 797 940 sumpseris
822 881 907 922 aut
925 890 1025 922 non
1044 874 1213 932 dubia,
1236 882 1324 922 aut
1344 874 1629 938 probabilia,
1657 889 1721 923 ex

393 954 570 1018 quibus
593 954 646 1001 id
671 953 865 1010 efficias,
905 953 1039 1017 quod
1073 960 1159 1001 aut
1188 953 1413 1012 dubium,
1449 961 1535 1001 aut
1557 953 1720 1001 minus

391 1032 644 1098 probabile
667 1048 756 1096 per
780 1048 830 1079 se
856 1032 1067 1080 videtur.
1128 1031 1529 1096 Argumentandi
1553 1040 1721 1080 autem

394 1112 494 1160 duo
519 1119 634 1160 sunt
655 1127 858 1175 genera,
895 1127 1104 1174 quorum
1129 1110 1338 1158 alterum
1376 1110 1439 1158 ad
1475 1110 1624 1158 fidem
1649 1110 1722 1158 di-

391 1199 531 1240 recto
556 1198 779 1256 spectat3
818 1189 1026 1238 alterum
1069 1206 1120 1238 se
1161 1190 1372 1238 inflectit
1412 1178 1489 1237 adx
1512 1197 1720 1237 motum,

392 1270 659 1335 Dirigitur,
696 1286 810 1318 cum
846 1269 1104 1334 proposuit
1145 1268 1349 1333 aliquid,
1386 1268 1520 1333 quod
1548 1268 1722 1332 proba-

391 1357 487 1409 ret,
523 1349 829 1414 sumpsitque
854 1365 930 1408 ea,
964 1349 1141 1413 quibus
1164 1347 1436 1396 niteretur:
1474 1355 1624 1411 atque
1646 1346 1723 1395 his

394 1428 692 1478 confirmatis
733 1429 797 1476 ad
836 1428 1143 1493 propositum
1187 1444 1292 1476 sese
1340 1426 1526 1486 retulit,
1573 1434 1722 1492 atque

395 1509 654 1558 conclusit.
715 1507 808 1556 Illa
832 1517 999 1556 autem
1024 1507 1178 1555 altera
1196 1507 1582 1572 argumentatio,
1606 1523 1722 1571 qua-

394 1588 433 1636 si
457 1597 589 1637 retro
626 1595 676 1636 et
701 1594 892 1645 contra,
924 1586 1058 1650 prius
1084 1586 1232 1634 sumit
1257 1602 1382 1650 quae
1405 1585 1527 1642 vult,
1567 1601 1723 1649 eaque

395 1667 681 1715 confirmat:
721 1665 902 1714 deinde
925 1665 996 1724 id,
1033 1665 1167 1728 quod
1204 1665 1582 1729 proponendum
1607 1663 1718 1721 fuit,

392 1745 628 1810 permotis
653 1744 827 1792 animis
842 1743 967 1808 jacit
993 1744 1056 1791 ad
1075 1752 1368 1791 extremum.
1440 1743 1529 1790 Est
1553 1750 1721 1791 autem

391 1825 475 1873 illa
497 1825 706 1872 varietas
731 1823 782 1869 in
807 1819 1220 1885 argumentandO,
1252 1828 1302 1867 et
1326 1837 1425 1868 non
1450 1820 1721 1885 injucunda

393 1903 675 1952 distinctio:
728 1909 785 1948 ut
821 1916 934 1948 cum
970 1898 1332 1961 interrogamus
1373 1907 1568 1947 nosmet
1600 1900 1718 1963 ipsi,

393 1990 478 2031 aut
495 1988 894 2047 percunctamur,
917 1986 1003 2025 aut
1021 1977 1337 2041 imperamus,
1357 1985 1443 2025 aut
1461 1986 1686 2042 optamus
1705 1997 1718 2028 :

392 2078 517 2127 quae
550 2071 664 2108 sunt
700 2075 814 2107 cum
851 2057 955 2105 aliis
992 2055 1326 2120 compluribus
1364 2057 1721 2107 sententiarum

392 2147 698 2188 ornamenta.
768 2136 942 2184 Vitare
982 2142 1148 2182 autem
1187 2133 1558 2183 similitudinem
1582 2144 1721 2199 pote.

391 2220 562 2277 rimus,
597 2233 698 2265 non
723 2231 916 2280 semper
947 2232 975 2262 a
1009 2214 1262 2278 proposito
1287 2213 1566 2262 ordientes:
1605 2222 1657 2263 et
1680 2215 1720 2263 si

391 2314 492 2347 non
517 2296 683 2345 omnia
708 2294 1005 2359 disputando
1037 2292 1450 2350 confirmabimUS,
1485 2293 1722 2342 breviter-

393 2393 488 2441 que
526 2374 792 2430 interdum,
837 2389 962 2436 quae
1003 2379 1148 2419 erunt
1186 2371 1300 2419 satis
1341 2379 1528 2435 aperta,
1567 2388 1721 2436 pone-

392 2471 530 2503 mus:
569 2452 800 2518 quodque
825 2467 888 2498 ex
917 2449 991 2497 his
1031 2447 1288 2507 efficietur,
1327 2448 1365 2495 si
1402 2447 1456 2495 id
1492 2457 1719 2513 apertum

391 2534 472 2593 sit,
508 2549 608 2581 non
631 2530 920 2579 habebimus
955 2545 1157 2577 necesse
1184 2544 1376 2592 semper
1400 2528 1717 2578 concludere.

457 2613 649 2660 FILIUS.
689 2609 859 2667 Quid?
884 2608 984 2667 illa,
1005 2624 1130 2672 quae
1150 2607 1254 2655 sine
1270 2614 1375 2655 arte
1390 2606 1718 2672 appellantur,

390 2709 515 2756 quae
532 2689 827 2756 jamdudum
847 2695 1096 2752 assumpta
1115 2686 1301 2746 dixisti,
1321 2702 1596 2750 ecquonam
1615 2704 1718 2736 mo-

391 2772 474 2830 do,
500 2784 774 2835 ecquonam
791 2767 903 2816 loco
925 2766 1041 2815 artis
1064 2765 1327 2830 indigent?
1397 2765 1586 2814 PATER.
1623 2766 1720 2817 Illa

390 2865 506 2897 vero
529 2847 787 2912 indigent:
826 2862 920 2894 nec
946 2861 1005 2894 eo
1031 2844 1266 2893 dicuntur
1294 2844 1398 2893 sine
1423 2852 1546 2904 arte,
1581 2844 1716 2909 quod

389 2927 460 2978 ita
482 2934 612 2984 sunt,
649 2926 736 2975 sed
760 2924 893 2991 quod
918 2941 976 2975 ea
998 2940 1100 2975 non
1122 2923 1251 2990 parit
1273 2923 1478 2974 oratoris
1501 2939 1593 2982 am,
1624 2921 1714 2972 sed
