2071 3508
664 416 831 455 LIBER
860 414 1113 454 TERTIUS.
1487 417 1567 458 227

228 547 334 578 rum
382 525 586 576 victoria
632 523 842 572 moerori
885 522 1072 570 fuisset.
1169 521 1300 568 Mihi
1342 523 1561 585 quidem,

225 609 412 665 Quinte
446 603 616 661 frater,
653 610 704 649 et
739 617 911 649 eorum
948 617 1103 657 casuS,
1143 599 1206 647 de
1243 600 1421 664 quibus
1446 611 1561 650 ante

222 685 342 743 dixi,
378 691 429 732 et
454 699 526 738 ea,
566 697 691 746 quae
717 679 1005 744 nosmetipsi
1031 680 1093 727 ob
1120 695 1339 727 amorem
1364 679 1415 727 in
1435 696 1561 728 rem-

218 761 466 828 publicam
491 760 833 809 incredibilem
860 767 911 807 et
936 758 1233 823 singularem
1267 758 1560 822 pertulimus

219 856 277 888 ac
303 840 559 897 sensimuS‚
599 839 860 905 cogitanti,
897 838 1143 886 sententia
1182 854 1327 902 saepe
1369 846 1454 886 tua
1478 855 1560 887 ve-

218 935 271 966 ra
291 935 349 967 ac
375 920 568 984 sapiens
608 919 764 967 videri
805 917 948 976 solet,
985 917 1068 982 qui
1094 925 1295 982 propter
1318 925 1409 974 tot,
1455 926 1559 967 tan-

216 1005 312 1057 tos,
348 1006 551 1062 tamque
576 998 873 1063 praecipites
900 1014 1040 1045 casus
1071 996 1449 1045 clarissimorum
1474 996 1560 1045 ho-

217 1076 422 1134 minum,
462 1084 610 1141 atque
650 1076 951 1141 optimorum
988 1076 1221 1132 virorum,
1260 1092 1340 1124 me
1366 1092 1559 1141 semper

218 1157 278 1205 ab
305 1157 440 1205 omni
483 1156 805 1205 contentione
846 1173 903 1204 ac
943 1155 1261 1203 dimicatione
1298 1156 1556 1203 revocasti.

218 1234 315 1284 Sed
339 1235 571 1300 quoniam
598 1234 721 1282 haec
746 1233 850 1297 jam
894 1250 1055 1298 neque
1094 1233 1144 1280 in
1181 1233 1376 1297 integro
1416 1234 1557 1282 nobis

216 1323 422 1379 possunt
463 1330 585 1373 esse,
629 1321 680 1361 et
722 1313 900 1361 summi
942 1313 1132 1361 labores
1168 1313 1341 1371 nostri,
1378 1330 1558 1378 magna

217 1393 522 1458 compensati
557 1392 731 1456 gloria,
769 1391 1080 1455 mitigantur,
1121 1407 1386 1455 pergamus
1411 1391 1474 1438 ad
1500 1409 1558 1440 ea.

215 1471 401 1529 solatia,
447 1488 571 1535 quae
598 1487 696 1519 non
723 1470 871 1517 modo
914 1469 1095 1517 sedatis
1121 1469 1358 1516 molestiis
1374 1469 1555 1533 jucun-

214 1550 294 1610 da,
331 1550 419 1598 sed
450 1550 602 1608 ⁵etiam
628 1548 963 1606 haerentibus,
1007 1547 1236 1595 salutaria
1271 1548 1412 1596 nobis
1449 1565 1555 1598 esse

213 1636 449 1694 possunt:
489 1644 865 1690 sermonemque
908 1625 967 1673 L.
996 1626 1158 1674 Crassi
1193 1625 1456 1690 reliquum,
1495 1645 1553 1677 ac

209 1724 338 1773 pene
362 1715 667 1773 postremum
693 1706 959 1754 memoriae
983 1705 1248 1770 prodamus
1270 1726 1283 1765 3
1312 1714 1459 1770 atque
1487 1708 1551 1767 ei,

211 1788 303 1836 etsi
327 1803 641 1852 nequaquam
667 1802 834 1851 parem
860 1785 989 1832 illius
1013 1785 1234 1849 ingenio,
1255 1794 1305 1834 at
1327 1803 1417 1850 pro
1441 1803 1551 1835 nos-

208 1875 287 1916 tro
310 1875 479 1921 tamen
505 1867 685 1922 studio,
724 1865 949 1914 meritam
985 1865 1193 1929 gratiam
1232 1865 1551 1931 debitamque

210 1945 495 1995 referamus.
598 1946 777 2009 Neque
825 1944 956 1992 enim
1005 1944 1261 2008 quisquam
1309 1946 1550 2006 nostrum,

211 2042 326 2074 cum
350 2026 499 2074 libros
526 2025 744 2073 Platonis
780 2023 1068 2072 mirabiliter
1093 2023 1299 2087 scriptos
1323 2024 1460 2088 legit,
1499 2025 1549 2073 in

211 2106 387 2169 quibus
430 2105 657 2153 omnibus
699 2104 803 2152 fere
831 2104 1056 2152 Socrates
1082 2104 1389 2168 exprimitur,
1431 2121 1550 2165 non,

210 2200 493 2249 quanquam
518 2183 600 2232 illa
625 2184 808 2248 scripta
841 2190 955 2231 sunt
981 2183 1234 2242 divinitus,
1258 2191 1426 2231 tamen
1451 2200 1550 2232 ma-

199 2263 282 2327 jus
308 2264 542 2329 quiddam
586 2263 647 2311 de
672 2263 774 2322 illo,
811 2263 873 2311 de
900 2279 998 2328 quo
1023 2263 1206 2327 scripta
1231 2270 1362 2322 sunt,
1396 2264 1549 2328 suspi-

208 2352 381 2393 catur:
443 2343 578 2407 quod
616 2344 736 2392 item
776 2360 865 2392 nos
903 2343 1224 2409 postulamus,
1279 2360 1379 2392 non
1428 2361 1456 2392 a
1496 2353 1548 2392 te

206 2423 426 2488 quidem,
464 2423 547 2488 qui
590 2423 730 2472 nobis
755 2423 922 2472 omnia
946 2440 1136 2471 summa
1161 2424 1353 2482 tribuis,
1390 2424 1477 2472 sed
1519 2441 1546 2472 a

207 2504 429 2560 caeteris,
475 2503 556 2568 qui
600 2503 723 2552 haec
762 2504 812 2550 in
850 2519 1022 2551 manus
1048 2511 1263 2562 sument,
1301 2512 1355 2550 ut
1393 2504 1547 2567 magis

207 2582 443 2647 quiddam
486 2582 548 2630 de
575 2582 634 2630 L.
680 2583 875 2641 Crasso,
915 2599 1061 2647 quam
1088 2590 1327 2645 quantum
1353 2599 1382 2629 a
1407 2583 1546 2630 nobis

207 2661 526 2726 exprimetur,
571 2662 899 2725 suspicentur.
994 2661 1099 2708 Nos
1141 2660 1293 2718 enim,
1330 2660 1412 2724 qui
1455 2661 1545 2725 ipsi

206 2740 418 2789 sermoni
466 2756 566 2787 non
609 2738 1021 2797 interfuissemus,
1075 2746 1126 2786 et
1173 2739 1349 2802 quibus
1397 2739 1545 2788 Caius

206 2821 356 2870 Cotta
379 2819 728 2867 tantummodo
752 2817 887 2867 locos
904 2835 961 2867 ac
988 2817 1257 2866 sententias
1281 2817 1426 2883 hujus
1450 2818 1545 2867 dis-

203 2899 474 2970 putationis
515 2899 816 2961 tradidisset,
864 2916 963 2966 quo
1000 2899 1051 2947 in
1087 2914 1272 2964 genere
1310 2899 1543 2949 orationis

1131 2995 1160 3028 P
1181 2987 1210 3027 2

1593 512 1654 572 4.

1598 607 1671 646 13.

1589 1245 1667 1284 14.

1583 2665 1652 2706 16.
