2071 3508
453 549 478 558 ω

439 547 546 607 01.

584 445 662 485 372
1094 445 1170 483 DE
1201 444 1400 484 CLARIS

649 553 779 601 Tum
816 553 1016 612 Brutus,
1053 553 1189 610 Quid
1212 561 1286 612 tu,
1321 552 1499 616 inquit,
1535 552 1725 616 quaeris
1749 544 1918 600 alios?

580 631 645 679 de
679 640 730 680 te
765 633 869 696 ipso
905 647 1089 689 nonne,
1115 631 1243 694 ‘quid
1279 638 1507 694 optarent
1530 630 1618 688 rei,
1660 629 1779 693 quid
1800 629 1905 693 ipse

584 709 882 758 Hortensius
897 709 1164 773 judicaret,
1188 709 1474 756 videbamus
1496 709 1512 756 ?
1555 708 1637 772 qui
1663 724 1776 756 cum
1799 723 1908 771 par-

581 789 758 837 tiretur
782 797 950 836 tecum
976 804 1164 845 causaS,
1198 790 1367 851 (saepe
1394 788 1523 835 enim
1548 785 1774 847 interfui)
1798 802 1907 850 per-

581 867 755 914 orandi
779 866 963 924 locum,
988 865 1071 912 ubi
1101 864 1366 928 plurimum
1397 863 1550 928 pollet
1575 864 1745 921 oratio,
1783 880 1908 912 sem-

582 961 670 1008 per
705 944 794 991 tibi
830 943 1151 1006 relinquebat.
1222 942 1456 990 Faciebat
1478 942 1559 990 ille
1585 942 1801 1005 quidem,
1835 943 1907 989 in-

584 1038 760 1084 quam:
813 1029 861 1068 et
902 1020 1039 1079 mihi,
1090 1019 1454 1078 benevolentia,
1489 1020 1658 1078 credo,
1708 1020 1907 1080 ductus,

581 1098 832 1146 tribuebat
856 1096 1034 1144 omnia.
1106 1096 1204 1143 Sed
1240 1113 1350 1159 ego,
1387 1113 1511 1160 quae
1548 1096 1610 1144 de
1634 1114 1712 1144 me
1736 1097 1906 1162 populi

583 1177 646 1224 sit
670 1177 853 1240 opinio,
895 1174 1095 1223 nescio:
1135 1174 1196 1221 de
1232 1173 1429 1237 reliquis
1452 1175 1548 1222 hoc
1584 1175 1783 1232 affirmo,
1822 1177 1907 1240 qui

584 1255 721 1318 vulgi
756 1254 986 1318 opinione
1023 1252 1328 1300 disertissimi
1363 1252 1516 1300 habiti
1552 1253 1664 1309 sint,
1707 1253 1906 1302 eosdem

584 1331 968 1397 intelligentium
1010 1348 1207 1395 quoque
1235 1331 1427 1395 judicio
1456 1329 1604 1377 fuisse
1629 1331 1908 1394 probatissi-

584 1428 705 1459 mos,
777 1411 886 1458 Nec
913 1410 1043 1458 enim
1078 1417 1242 1474 posset
1277 1409 1409 1457 idem
1447 1409 1811 1457 Demosthenes
1836 1410 1906 1458 di-

584 1507 716 1548 cere,
740 1490 876 1554 quod
901 1489 1080 1536 dixisse
1104 1488 1460 1536 Antimachum
1477 1487 1693 1536 Clarium
1709 1492 1906 1552 poetam

583 1569 768 1626 ferunt,
793 1568 894 1632 qui,
920 1584 1051 1626 cum,
1072 1567 1354 1615 convocatis
1374 1567 1691 1623 auditoribus,
1717 1567 1907 1631 legeret

583 1647 652 1695 eis
678 1663 912 1711 magnum
936 1645 1076 1704 illud,
1093 1645 1225 1709 quod
1244 1645 1463 1703 novistiS,
1488 1643 1716 1692 volumen
1743 1662 1901 1703 suum,

583 1734 634 1774 et
658 1742 769 1773 eum
794 1725 1044 1788 legentem
1069 1741 1252 1780 omnes,
1278 1730 1473 1788 praeter
1498 1723 1772 1782 Platonem,
1797 1724 1906 1771 reli-

584 1804 822 1867 quissent,
847 1809 860 1829 ‘
882 1803 1108 1866 Legam',
1134 1802 1311 1866 inquit,
1337 1807 1350 1828 ‘
1369 1801 1521 1849 nihilo
1542 1802 1701 1849 minus
1722 1820 1734 1849 :
1765 1801 1905 1850 Plato

585 1890 599 1909 ‘
625 1882 755 1929 enim
796 1882 916 1928 mihi
956 1898 1082 1929 unus
1115 1881 1268 1928 instar
1309 1889 1383 1928 est
1419 1881 1638 1928 omnium
1662 1881 1903 1928 millium.’

583 1961 650 2008 Et
689 1967 860 2008 recte:
912 1964 1087 2024 poema
1112 1960 1243 2007 enim
1268 1959 1599 2018 reconditum,
1634 1976 1905 2023 paucorum

582 2039 934 2103 approbatione
954 2059 969 2097 ς
1009 2038 1164 2086 oratio
1187 2037 1434 2101 popularis
1459 2037 1522 2084 ad
1546 2053 1741 2085 sensum
1765 2037 1903 2102 vulgi

583 2118 733 2166 debet
756 2117 956 2165 moveri.
1028 2116 1118 2175 At,
1156 2117 1193 2163 si
1230 2116 1443 2163 eundem
1478 2115 1611 2163 hunc
1648 2115 1905 2165 Platonem

582 2212 736 2243 unum
775 2196 1050 2243 auditorem
1096 2196 1298 2243 haberet
1349 2194 1732 2254 DemostheneS,
1789 2212 1904 2243 cum

580 2282 710 2321 esset
733 2273 932 2321 relictus
957 2291 985 2320 a
1010 2273 1234 2330 caeteriS,
1258 2273 1462 2320 verbum
1487 2271 1651 2320 facere
1675 2289 1775 2321 non
1796 2290 1905 2338 pos-

580 2360 671 2399 set.
743 2351 914 2408 Quid?
957 2359 1031 2409 111,
1068 2352 1238 2409 Brute,
1261 2367 1446 2415 posses,
1482 2352 1519 2398 si
1545 2359 1613 2409 te,
1647 2359 1706 2398 ut
1732 2351 1902 2400 Curio-

579 2447 692 2478 nem
711 2429 977 2493 quondam,
1003 2430 1176 2477 concio
1201 2428 1507 2492 reliquisset?
1545 2429 1653 2492 Ego
1677 2446 1812 2488 vero,
1831 2430 1904 2478 in·
1930 2480 1940 2486 ,

582 2509 688 2572 quit
712 2508 812 2567 ille,
837 2517 893 2556 ut
916 2525 994 2555 me
1019 2508 1108 2556 tibi
1133 2508 1367 2566 indicem,
1392 2508 1441 2554 in
1469 2508 1536 2555 eis
1553 2507 1701 2555 etiam
1727 2509 1900 2566 causis,

582 2587 633 2632 in
668 2587 842 2650 quibus
867 2587 1023 2634 omnis
1041 2603 1117 2634 res
1136 2587 1275 2634 nobis
1292 2602 1404 2633 cum
1415 2585 1667 2650 judicibus
1687 2593 1779 2645 est,
1802 2603 1902 2635 non

583 2681 697 2711 cum
721 2664 921 2728 populo,
946 2672 1112 2713 tamen
1133 2666 1171 2712 si
1188 2682 1216 2712 a
1241 2681 1422 2712 corona
1444 2663 1644 2711 relictus
1669 2664 1778 2724 sim,
1801 2681 1901 2712 non

583 2759 758 2806 queam
783 2743 963 2790 dicere.
1034 2742 1112 2790 Ita
1137 2760 1205 2801 se,
1230 2743 1444 2806 inquam,
1478 2758 1554 2789 res
1578 2742 1740 2790 habet.
1810 2742 1900 2802 Ut,

583 2821 623 2867 si
646 2821 795 2869 tibiae
820 2821 1015 2869 inflatae
1035 2837 1135 2869 non
1159 2821 1373 2870 referant
1393 2837 1580 2877 sonum,
1602 2820 1898 2885 abjiciendas

584 2915 663 2947 eas
699 2900 789 2948 sibi
823 2900 1010 2950 tibicen
1043 2908 1219 2966 putet:
1258 2900 1327 2950 sic
1362 2899 1540 2949 oratori
1564 2899 1732 2965 populi
1757 2914 1898 2948 aures
