2071 3508
467 482 547 520 326
960 472 962 476 ’
979 474 1055 513 DE
1077 472 1277 514 CLARIS

470 596 566 636 tur.
661 584 757 633 Sed
799 591 872 632 est
904 599 963 631 ea
1000 583 1106 631 laus
1132 581 1441 646 eloquentiae
1477 584 1612 628 certe
1647 577 1800 627 maxi-

471 683 566 715 ma.

636 757 676 794 Is
696 756 815 794 dictus
835 754 917 793 ollis
930 753 1179 807 popularibus
1198 749 1300 800 olim,

533 824 610 868 Qui
624 830 699 862 tum
721 822 890 861 vivebant
910 821 1087 866 hominm,
1107 827 1220 872 atque
1238 833 1367 858 aevum
1382 818 1594 871 agitabant,

530 890 621 929 Flos
641 890 824 928 delibatus
837 888 983 941 populi.

472 959 637 1019 'Probe
662 986 793 1017 vero.
854 968 925 1015 Ut
945 967 1075 1015 enim
1093 966 1304 1014 hominis
1330 964 1499 1023 deCUS,
1515 962 1767 1028 ingenium
1786 983 1801 1024 ;

477 1049 548 1096 sic
590 1047 777 1111 ingenii
814 1046 964 1109 ipsius
987 1045 1153 1093 lumen
1181 1052 1254 1091 est
1279 1043 1577 1108 eloquentia,
1619 1059 1715 1106 qua
1736 1042 1806 1090 vi-

479 1143 587 1173 rum
613 1123 942 1172 excellentem
976 1122 1226 1186 praeclare
1250 1129 1357 1169 tum
1381 1119 1452 1169 illi
1475 1121 1698 1169 homines
1720 1120 1808 1168 flo-

480 1220 584 1251 rem
607 1202 778 1267 populi
803 1218 907 1250 esse
932 1201 1196 1260 dixerunt3

701 1293 924 1345 Suadaeque
942 1290 1116 1330 medulla.

482 1361 599 1406 Πειθὼ
623 1377 768 1425 quam
788 1368 970 1408 vocant
995 1359 1197 1417 Graeci,
1221 1357 1360 1422 cujus
1385 1357 1588 1405 effector
1611 1364 1686 1405 est
1709 1373 1813 1405 ora-

482 1447 579 1498 tor,
638 1439 764 1486 hanc
814 1438 1026 1485 Suadam
1074 1436 1339 1501 appellavit
1386 1435 1590 1483 Ennius.
1693 1432 1813 1499 Ejus

485 1525 651 1566 autem
677 1517 958 1580 Cethegum
979 1514 1242 1562 medullam
1261 1513 1409 1561 fuisse
1434 1514 1556 1570 vult,
1575 1522 1648 1573 ut,
1668 1530 1815 1578 quam

486 1596 630 1644 deam
671 1596 722 1642 in
766 1594 966 1641 Periclis
989 1593 1135 1640 labris
1172 1593 1364 1656 scripsit
1400 1592 1602 1656 Eupolis
1626 1593 1816 1641 sessita-

487 1676 627 1730 visse,
679 1672 823 1736 hujus
869 1672 951 1719 hic
991 1670 1263 1718 medullam,
1305 1678 1525 1718 nostrum
1572 1660 1816 1719 oratorem

487 1754 638 1801 fuisse
664 1751 858 1799 dixerit.
931 1750 1003 1797 At
1037 1749 1118 1796 hic
1145 1748 1397 1812 Cethegus
1423 1749 1595 1797 consul
1619 1767 1733 1798 cum
1760 1750 1814 1799 P.

489 1832 743 1880 Tuditano
783 1829 879 1876 fuit
917 1828 1048 1876 bello
1083 1828 1271 1875 Punico
1296 1827 1534 1886 secundo,
1570 1837 1818 1892 quaestor-

489 1929 584 1975 que
608 1911 682 1957 his
721 1907 1001 1958 consulibus
1044 1907 1118 1954 M.
1158 1907 1301 1966 Cato,
1338 1907 1486 1954 modo
1508 1906 1658 1971 plane
1679 1909 1819 1957 annis

490 2007 589 2038 CXL
627 1997 741 2037 ante
782 2004 861 2034 me
904 1986 1185 2034 consulem:
1227 1994 1278 2033 et
1317 1985 1530 2049 idipsum
1553 1987 1647 2035 nisi
1670 1988 1816 2036 unius

492 2077 621 2118 esset
646 2068 794 2116 Ennii
818 2066 1102 2114 testimonio
1127 2065 1401 2129 cognitum,
1425 2065 1559 2113 hunc
1582 2073 1819 2126 vetustas,

491 2156 549 2196 ut
595 2147 713 2195 alios
765 2145 969 2193 fortasse
1015 2144 1214 2202 multOS,
1273 2143 1517 2191 oblivione
1563 2145 1819 2193 obruisset.

493 2225 632 2274 Illius
657 2232 822 2272 autem
849 2223 1021 2271 aetatis
1047 2223 1129 2286 qui
1155 2239 1313 2270 sermo
1336 2222 1505 2282 fuerit,
1525 2240 1586 2271 ex
1612 2223 1822 2272 Naevia-

494 2304 570 2351 nis
611 2303 803 2367 scriptis
844 2301 1053 2364 intelligi
1077 2308 1254 2364 potest.
1328 2301 1421 2348 His
1457 2301 1588 2348 enim
1614 2301 1823 2349 consuli-

495 2382 606 2440 bus,
641 2389 699 2428 ut
722 2381 773 2427 in
809 2379 1056 2427 veteribus
1082 2379 1444 2426 commentariis
1469 2379 1704 2442 scriptum
1730 2387 1823 2440 est,

497 2460 716 2508 Naevius
754 2465 828 2507 est
862 2465 1115 2505 mortuus:
1155 2473 1432 2520 quanquam
1456 2457 1616 2505 Varro
1639 2465 1825 2518 noster,

499 2537 902 2602 diligentissimus
948 2535 1268 2599 investigator
1309 2536 1631 2600 antiquitatis,
1681 2544 1826 2600 putat

497 2617 549 2664 in
574 2617 670 2664 hoc
696 2623 929 2673 erratum,
963 2615 1213 2677 vitamque
1256 2614 1433 2661 Naevii
1467 2615 1699 2678 producit
1720 2614 1825 2663 lon-

498 2696 623 2759 gius.
694 2693 824 2741 Nam
864 2692 1064 2740 Plautus
1090 2691 1144 2738 P.
1180 2691 1406 2750 Claudio,
1443 2692 1502 2739 L.
1530 2692 1723 2752 Porcio,
1755 2693 1826 2740 vi-

499 2773 626 2837 ginti
668 2771 806 2819 annis
846 2778 958 2835 post
998 2769 1124 2828 illos,
1160 2778 1281 2833 quos
1306 2778 1420 2818 ante
1446 2770 1563 2827 dixi,
1601 2769 1826 2819 consules

499 2859 722 2900 mortuus
765 2857 854 2908 est,
914 2849 1104 2898 Catone
1154 2865 1372 2898 censore.
1475 2849 1628 2898 Hunc
1672 2849 1824 2913 igitur

1660 3013 1692 3055 5
