2071 3508
386 421 464 458 398
890 413 966 453 DE
997 412 1199 454 CLARIS

389 525 606 592 quisquis
631 531 705 573 est
727 523 829 583 ille,
865 524 903 571 si
928 523 1076 571 modo
1102 529 1177 571 est
1200 520 1391 584 aliquis,
1428 519 1512 583 qui
1537 531 1635 566 non
1659 517 1713 566 il-

389 605 615 654 lustravit
653 603 818 660 mod0‚
863 602 950 651 sed
989 602 1136 650 etiam
1177 600 1352 665 genuit
1387 599 1438 646 in
1475 598 1568 646 hac
1593 597 1715 644 urbe

393 683 592 733 dicendi
617 682 825 746 copiam,
864 697 1010 744 quam
1033 679 1121 738 illi,
1147 679 1230 743 qui
1255 678 1496 742 Ligurum
1517 673 1719 724 castella

394 769 834 829 expugnaverunt:
873 776 935 807 ex
961 759 1136 823 quibus
1160 757 1302 805 multi
1325 765 1456 812 sunt,
1484 764 1542 803 ut
1565 754 1719 813 scitis,

395 841 647 906 triumphi.
716 840 906 887 Verum
948 837 1147 901 quidem
1189 836 1228 883 si
1265 835 1435 883 audire
1475 829 1750 891 volumus,>

402 920 590 970 omissis
620 918 714 965 illis
739 916 915 964 divinis
941 913 1172 972 consiliis,
1213 914 1389 976 quibus
1427 929 1571 977 saepe
1608 927 1722 959 con-

403 1000 575 1048 stituta
594 1004 686 1055 est,
709 989 1059 1058 imperatorum
1084 991 1336 1056 sapientia,
1364 990 1491 1039 salus
1511 989 1723 1038 civitatis

400 1086 486 1126 aut
507 1075 644 1133 belli,
679 1081 765 1121 aut
789 1071 952 1130 domi,
991 1070 1148 1117 multo
1189 1070 1344 1134 magis
1385 1078 1548 1118 orator
1587 1085 1724 1133 prae-

402 1164 498 1205 stat
521 1152 723 1202 minutis
747 1149 1138 1214 imperatoribus.
1191 1148 1263 1195 At
1286 1148 1488 1211 prodest
1511 1147 1620 1211 plus
1638 1147 1727 1194 im-

401 1241 613 1300 perator.
686 1230 810 1286 Quis
840 1225 1023 1290 negat?
1061 1225 1148 1272 sed
1186 1233 1353 1272 tamen
1393 1228 1518 1289 (non
1558 1233 1728 1272 metuo

401 1330 464 1362 ne
488 1310 608 1359 mihi
633 1304 915 1357 acclametis
937 1321 949 1350 ε
989 1310 1062 1350 est
1087 1309 1252 1350 autem
1278 1301 1411 1365 quod
1435 1302 1633 1361 sentias,
1659 1302 1732 1350 di-

404 1391 551 1441 cendi
574 1389 700 1436 liber
733 1382 899 1444 locus)
937 1381 1105 1429 malim
1145 1380 1266 1428 mihi
1307 1380 1366 1428 L.
1395 1380 1556 1429 Crassi
1579 1397 1730 1430 unam

403 1489 493 1538 pro
520 1469 614 1518 M'.
641 1465 793 1515 Curio
819 1462 1109 1520 dictionem,
1146 1477 1292 1524 quam
1329 1460 1619 1509 castellanos
1647 1461 1732 1509 tri-

406 1549 616 1614 umphos
663 1545 803 1593 duos.
892 1542 965 1589 At
1009 1540 1118 1605 plus
1160 1539 1386 1588 interfuit
1432 1540 1732 1605 reipublicae

409 1627 665 1680 castellum
704 1623 814 1687 capi
860 1621 1122 1684 Ligurum,
1170 1635 1314 1683 quam
1360 1619 1489 1667 bene
1531 1619 1733 1669 defendi

410 1723 607 1758 causam
633 1703 727 1752 M’.
755 1700 907 1750 Curii.
979 1699 1157 1746 Credo.
1228 1698 1326 1746 Sed
1353 1698 1734 1748 Atheniensium

410 1802 605 1853 quoque
646 1782 756 1848 plus
780 1777 1005 1827 interfuit
1029 1777 1167 1824 firma
1207 1785 1341 1824 tecta
1381 1777 1430 1823 in
1473 1777 1733 1828 domiciliis

408 1867 606 1920 habere,
651 1876 796 1925 quam
843 1858 1101 1905 Minervae
1127 1856 1322 1919 signum
1361 1873 1422 1903 ex
1447 1858 1593 1905 ebore
1628 1858 1735 1922 pul-

412 1942 740 1998 cherrimum3
777 1945 944 1985 tamen
983 1951 1077 1998 ego
1110 1950 1188 1981 me
1229 1933 1454 1981 Phidiam
1479 1933 1583 1984 esse
1619 1937 1736 1985 mal-

411 2025 529 2082 lem,
581 2035 726 2085 quam
772 2015 852 2064 vel
904 2014 1146 2078 optimum
1203 2011 1395 2061 fabrum
1452 2014 1734 2078 tignarium.

415 2103 582 2160 Quare
606 2114 726 2155 non,
763 2101 1000 2158 quantum
1021 2092 1227 2156 quisque
1250 2092 1418 2155 prosit,
1457 2093 1544 2140 sed
1567 2097 1739 2158 quanti

415 2181 623 2245 quisque
647 2176 728 2234 sit,
762 2171 1138 2238 ponderandum
1169 2179 1275 2219 est:
1313 2173 1599 2236 praesertim
1625 2191 1743 2224 cum.

414 2258 562 2324 pauci
585 2255 790 2320 pingere
817 2251 1015 2315 egregie
1038 2250 1244 2314 possint,
1264 2258 1349 2298 aut
1372 2250 1557 2314 fingere
1575 2272 1588 2311 ;
1627 2269 1742 2317 ope-

417 2337 530 2386 rarii
554 2341 738 2390 autem,
774 2338 860 2378 aut
881 2329 1032 2393 bajuli
1057 2329 1226 2376 deesse
1251 2345 1350 2375 non
1373 2330 1576 2393 possint.

275 2410 382 2472 74«,
487 2412 585 2462 Sed
620 2425 789 2475 perge,
829 2407 1089 2470 Pomponi,
1130 2407 1192 2454 de
1234 2407 1461 2466 Caesare,
1498 2416 1548 2456 et
1588 2411 1740 2460 redde

421 2509 546 2559 quae
592 2496 795 2537 restant.
880 2485 1047 2533 Solum
1089 2485 1307 2548 quidem,
1349 2487 1510 2550 inquit
1554 2488 1655 2548 ille,
1691 2499 1743 2539 et

420 2570 559 2636 quasi
598 2566 980 2615 fundamentum
1021 2563 1225 2610 oratoris
1251 2563 1406 2623 vides,
1440 2564 1742 2616 locutionem

421 2647 733 2699 emendatam
770 2652 820 2691 et
854 2642 1114 2690 Latinam:
1154 2641 1292 2705 cujus
1319 2659 1470 2707 penes
1495 2662 1615 2708 quos
1637 2645 1743 2694 laus

422 2728 584 2778 adhuc
606 2724 721 2782 fuit,
755 2720 975 2769 nonfuit
998 2720 1217 2779 rationis,
1253 2730 1338 2768 aut
1369 2722 1622 2782 scientiae,
1658 2725 1745 2774 sed

423 2805 559 2870 quasi
581 2805 742 2853 bonae
768 2799 1154 2849 consuetudinis.
1226 2799 1379 2848 Mitto
1416 2801 1473 2849 C.
1499 2801 1747 2864 Laelium,

424 2885 480 2933 P.
507 2882 802 2947 Scipionem.
874 2878 1070 2928 Aetatis
1093 2877 1223 2926 illius
1246 2878 1340 2927 ista
1362 2878 1458 2929 fuit
1480 2879 1600 2939 lau8,
1639 2889 1754 2931 tan*
