2071 3508
263 2021 369 2083 46.

412 423 492 463 364
913 417 989 456 DE
1020 416 1222 457 CLARIS

407 527 659 577 afferebat.
742 526 978 591 Ejusdem
1024 526 1129 575 fere
1175 525 1408 591 temporis
1448 523 1545 573 fuit
1591 540 1744 589 eques

413 607 667 655 Romanus
695 607 750 655 C.
778 606 961 666 Titius,
998 605 1096 670 qui,
1134 622 1246 653 meo
1261 603 1469 669 judicio,
1497 621 1556 653 eo
1575 620 1745 669 perve-

409 687 539 737 nisse
580 686 795 744 videtur,
849 703 946 750 quo
986 687 1152 750 potuit
1188 684 1291 734 fere
1331 684 1539 733 Latinus
1581 693 1745 733 orator

408 767 512 814 sine
539 765 745 814 Graecis
769 764 941 824 literis,
972 772 1023 812 et
1047 765 1151 811 sine
1170 764 1327 812 multo
1352 782 1444 812 usu
1467 763 1745 829 pervenire.

409 843 574 907 Hujus
599 843 846 891 orationes
871 850 1067 890 tantum
1092 843 1414 906 argutiarum,
1439 849 1635 890 tantum
1660 857 1745 888 ex-

406 923 698 987 emplorum,
736 931 930 970 tantum
957 921 1248 970 urbanitatis
1283 921 1488 981 habent,
1524 929 1581 969 ut
1615 937 1746 986 pene

408 1000 604 1049 Attico·
627 1001 738 1049 stilo
778 1001 988 1065 scriptae
1031 1017 1135 1049 esse
1173 1001 1450 1049 videantur.
1529 1000 1745 1049 Easdem

404 1082 622 1145 argutias
663 1081 714 1128 in
753 1080 1032 1144 tragoedias
1075 1080 1189 1128 satis
1228 1080 1429 1144 quidem
1464 1079 1547 1128 ille
1578 1087 1745 1139 acute,

406 1161 492 1208 sed
530 1177 704 1225 parum
742 1160 931 1224 tragice
973 1159 1239 1208 transtulit.
1312 1160 1477 1216 Quem
1513 1158 1748 1208 studebat

404 1237 585 1286 imitari
612 1239 671 1287 L.
702 1238 938 1287 Afranius
962 1242 1128 1304 poeta,
1170 1238 1320 1287 homo
1343 1246 1658 1303 perargutus,
1693 1237 1747 1285 in

403 1316 583 1366 fabulis
607 1319 808 1383 quidem
846 1319 1013 1378 etiam,
1050 1326 1107 1366 ut
1142 1317 1291 1375 scitis,
1331 1317 1558 1366 disertus.
1629 1315 1748 1364 Fuit

405 1397 555 1445 etiam
600 1398 663 1455 Q.
712 1397 930 1447 Rubrius
973 1397 1150 1457 Varro,
1190 1397 1274 1462 qui
1306 1414 1334 1444 a
1375 1403 1552 1444 senatu
1590 1394 1748 1444 hostis

406 1493 521 1525 cum
555 1477 612 1525 C.
648 1477 810 1526 Mario
839 1477 1095 1542 judicatus
1121 1485 1209 1534 est,
1248 1493 1362 1526 acer
1404 1484 1455 1525 et
1478 1474 1748 1524 vehemens

404 1566 677 1606 accusator.
751 1558 811 1605 In
850 1575 908 1606 eo
950 1574 1134 1622 genere
1167 1574 1285 1605 sane
1310 1555 1592 1622 probabilis,
1631 1553 1749 1603 doc·

404 1643 485 1685 tus
527 1644 693 1686 autem
737 1637 944 1685 Graecis
986 1637 1159 1696 literis,
1211 1638 1518 1702 propinquus
1559 1641 1743 1691 noster,

403 1714 567 1763 factus
593 1715 655 1764 ad
681 1715 969 1772 dicendum,
1008 1717 1082 1763 M.
1115 1704 1392 1774 Gratidius,
1431 1714 1506 1762 M.
1534 1712 1747 1761 Antonii

404 1792 765 1858 perfamiliaris,
791 1791 930 1856 cujus
954 1791 1236 1856 praefectus
1262 1809 1377 1840 cum
1402 1800 1532 1840 esset
1553 1792 1606 1839 in
1631 1790 1748 1840 Cili-

406 1874 501 1932 cia,
522 1879 596 1921 est
620 1870 913 1920 interfectus
934 1891 947 1931 3
987 1870 1070 1935 qui
1094 1871 1347 1920 accusavit
1363 1871 1420 1920 C.
1442 1871 1708 1920 Fimbriam
1728 1892 1745 1933 3

408 1952 483 2001 M.
513 1952 663 2001 Marii
688 1951 970 2006 Gratidiani
993 1959 1149 2016 pater.

475 2033 645 2097 Atque
670 2032 839 2090 etiam,
858 2030 992 2096 apud
1015 2031 1173 2079 socios
1199 2037 1250 2078 et
1275 2030 1500 2089 Latinos,
1525 2037 1745 2081 oratores

405 2112 558 2161 habiti
608 2120 723 2160 sunt
770 2111 835 2171 Q.
884 2111 1084 2160 Vettius
1132 2110 1414 2166 Vettianus,
1469 2127 1496 2158 e
1545 2109 1745 2171 Marsis,

405 2208 553 2257 quem
577 2191 682 2256 ipse
707 2190 935 2256 cognovi,
978 2190 1195 2254 prudens
1233 2189 1325 2249 vir,
1367 2198 1418 2238 et
1453 2188 1506 2238 in‘
1529 2190 1746 2240 dicendo

404 2272 567 2320 brevis
589 2289 600 2319 :
631 2270 694 2328 Q.
722 2279 773 2319 et
798 2271 864 2319 D.
891 2270 1079 2319 Valerii
1105 2270 1292 2326 Sorani,
1319 2270 1470 2318 vicini
1495 2277 1546 2318 et
1568 2269 1745 2319 famili-

407 2367 512 2399 ares
538 2350 650 2406 mei,
677 2366 778 2398 non
802 2358 905 2398 tam
925 2349 976 2397 in
1002 2349 1216 2398 dicendo
1241 2349 1571 2409 admirabiles,
1595 2365 1743 2414 quam

408 2430 544 2479 docti
570 2438 621 2478 et
640 2429 848 2480 Graecis
872 2429 1042 2486 literis,
1070 2437 1121 2477 et
1146 2428 1367 2477 Latinis:
1409 2428 1466 2477 C.
1495 2427 1743 2477 Rusticel-

406 2509 501 2567 lus,
539 2509 879 2566 Bononiensis,
919 2509 959 2556 is
1001 2507 1202 2572 quidem
1244 2516 1295 2556 et
1333 2508 1653 2568 exercitatus,
1693 2515 1745 2557 et

407 2597 584 2636 natura
623 2588 865 2637 volubilis.
937 2587 1177 2637 Omnium
1213 2595 1380 2636 autem
1406 2587 1745 2652 eloquentissi-

408 2683 517 2715 mus
543 2675 683 2716 extra
706 2667 834 2716 hanc
859 2668 1032 2716 urbem
1058 2666 1119 2715 T.
1149 2666 1387 2715 Betucius
1414 2667 1614 2725 Barrus,
1649 2666 1744 2716 As-

410 2746 634 2806 culanus‚
677 2747 816 2812 cujus
842 2755 957 2796 sunt
980 2746 1170 2812 aliquot
1193 2747 1439 2796 orationes
1460 2746 1635 2796 Asculi
1658 2745 1742 2795 ha-

406 2823 554 2881 bitae.
628 2825 720 2874 Illa
762 2827 953 2876 Romae
995 2835 1170 2887 contra
1201 2826 1523 2900 Caepionem,
1564 2824 1740 2875 nobilis

408 2918 543 2966 sane,
583 2906 666 2957 cui
705 2907 917 2960 orationi
954 2906 1218 2975 Caepionis
1242 2923 1327 2959 ore
1358 2904 1613 2973 respondit
1637 2903 1738 2955 Ae-
