2071 3508
590 395 757 437 LIBER
788 395 1094 437 SECUNDUS.
1439 404 1456 439 l
1465 402 1515 443 73

186 508 352 574 lepore
375 506 529 570 magis
554 505 866 564 elevandum,
885 521 1032 569 quam
1053 504 1373 552 contentione
1389 505 1518 554 fran-

187 588 406 653 gendum
431 584 697 633 videretur.

255 665 384 713 Tum
401 663 665 728 Sulpicius,
692 663 829 720 Quid
849 662 1034 727 igitur?
1060 661 1243 726 inquit:
1270 662 1518 727 patiemur
1552 659 1657 717 57.

187 744 466 801 Caesarem,
486 742 587 806 qui,
605 758 884 806 quanquam
910 741 1085 790 Crasso
1109 741 1314 790 facetias
1339 758 1516 790 conce·
1549 750 1661 789 231.

185 821 277 880 dit,
300 829 468 869 tamen
494 820 651 868 multo
687 821 737 867 in
774 837 833 868 eo
859 821 1023 869 studio
1048 821 1203 884 magis
1228 820 1331 884 ipse
1357 820 1518 869 elabo-

184 907 278 958 rat,
304 916 403 947 non
429 899 676 964 explicare
701 899 842 947 nobis
866 907 1027 947 totum
1052 916 1210 964 genus
1234 899 1329 948 hoc
1345 899 1519 963 jocan-

184 977 256 1037 di,
281 978 423 1042 quale
449 979 528 1037 sit,
565 987 615 1026 et
651 978 784 1026 unde
810 979 1051 1038 ducatur3
1090 979 1378 1043 praesertim
1404 995 1518 1027 cum

184 1065 373 1105 tantam
397 1057 497 1104 vim
523 1066 574 1105 et
598 1057 862 1106 utilitatem
890 1057 1000 1105 salis
1026 1067 1075 1106 et
1098 1057 1389 1106 urbanitatis
1415 1074 1519 1106 esse

184 1135 432 1185 fateatur?
471 1136 607 1193 Quid
632 1136 690 1195 si,
714 1137 875 1200 inquit
897 1136 1077 1196 Julius,
1097 1137 1335 1185 assentior
1362 1136 1521 1185 Anto-

187 1216 270 1264 nio
295 1216 496 1271 dicenti,
525 1215 708 1262 nullam
745 1232 849 1263 esse
880 1225 1035 1264 artem
1061 1216 1205 1264 salis?
1277 1216 1378 1264 Hic
1405 1233 1519 1264 cum
1551 1218 1667 1258 232·

190 1294 433 1359 Sulpicius
467 1294 779 1354 reticuisset3
835 1294 988 1351 Quasi
1026 1311 1161 1353 vero,
1194 1295 1356 1358 inquit
1380 1295 1520 1344 Cras-

188 1390 286 1432 sus,
314 1373 489 1421 horum
514 1373 746 1437 ipsorum,
775 1373 837 1421 de
863 1373 1039 1437 quibus
1060 1373 1311 1421 Antonius
1327 1372 1522 1437 jamdiu

186 1452 422 1516 loquitur,
465 1469 539 1500 ars
577 1452 677 1500 ulla
715 1452 808 1499 sit:
847 1452 1124 1500 observatio
1159 1451 1404 1515 quaedam
1429 1459 1522 1512 est,

189 1539 244 1579 ut
270 1532 370 1594 ipse
397 1530 540 1589 dixit,
566 1547 732 1578 earum
758 1547 939 1590 rerum,
977 1548 1101 1594 quae
1126 1531 1177 1577 in
1203 1530 1418 1580 dicendo
1441 1548 1523 1580 va-

188 1609 289 1658 lent
311 1631 322 1669 ,2
353 1626 478 1674 quae
504 1610 542 1656 si
568 1609 857 1673 eloquentes
875 1608 1039 1658 facere
1057 1618 1241 1674 posset,
1267 1611 1374 1674 quis
1394 1619 1524 1660 esset

189 1705 288 1737 non
315 1688 587 1753 eloquens?
626 1689 751 1744 Quis
793 1689 925 1736 enim
963 1689 1087 1737 haec
1122 1705 1224 1737 non
1253 1689 1331 1738 vel
1355 1688 1522 1749 facile,

186 1768 265 1816 vel
292 1776 426 1816 certe
451 1768 615 1832 aliquo
640 1768 789 1816 modo
812 1776 979 1833 posset
1003 1768 1225 1817 ediscere
1245 1769 1262 1817 ?
1305 1769 1404 1817 Sed
1428 1786 1523 1834 ego

187 1846 238 1894 in
281 1847 354 1894 his
395 1849 673 1911 praeceptis
714 1846 840 1894 hanc
873 1847 990 1905 vim,
1028 1855 1078 1895 et
1101 1848 1231 1895 hanc
1256 1848 1522 1896 utilitatem

188 1942 292 1974 esse
319 1926 545 1984 arbitror,
571 1943 670 1973 non
695 1934 752 1974 ut
776 1926 839 1974 ad
863 1927 1228 1991 reperiendum,
1249 1927 1368 1991 quid
1393 1927 1524 1974 dica-

189 2022 314 2059 mus,
342 2012 445 2052 arte
472 2005 729 2063 ducamur,
746 2005 833 2052 sed
859 2013 914 2052 ut
938 2021 1013 2064 ea,
1033 2022 1157 2069 quae
1177 2014 1371 2065 natura,
1397 2022 1523 2070 quae

117 2134 119 2137 ,
189 2084 372 2142 studio,
398 2100 523 2147 quae
549 2084 904 2131 exercitatione
926 2085 1288 2148 consequimur,
1310 2093 1396 2133 aut
1419 2101 1524 2133 rec-

190 2172 241 2212 ta
266 2180 370 2212 esse
396 2162 718 2221 confidamus,
743 2171 829 2210 aut
845 2179 995 2227 prava
1019 2162 1370 2227 intelligamus,
1391 2180 1524 2223 cum,

191 2260 289 2308 quo
331 2241 590 2290 referenda
631 2241 746 2300 sint,
783 2241 1117 2289 didicerimus.
1190 2242 1376 2301 Quare,
1402 2243 1525 2293 Cae·
1556 2256 1671 2297 233.

191 2339 285 2380 sar,
311 2337 405 2385 ego
430 2337 626 2385 quoque
668 2337 697 2368 a
733 2329 783 2368 te
820 2320 914 2369 hoc
939 2331 1076 2386 peto,
1112 2330 1186 2381 ut,
1212 2322 1251 2368 si
1275 2322 1366 2369 tib-i
1391 2322 1524 2371 vide-

190 2410 289 2458 tur,
314 2401 534 2465 disputes
577 2400 638 2447 de
676 2399 769 2448 hoc
806 2409 912 2448 toto
927 2399 1132 2464 jocandi
1167 2417 1371 2465 genere,
1408 2402 1528 2466 quid

194 2481 394 2537 sentias,
432 2495 496 2528 ne
538 2496 634 2543 qua
657 2478 785 2527 forte
812 2479 1011 2527 dicendi
1040 2496 1150 2543 pars
1176 2480 1433 2544 (quoniam
1457 2481 1527 2528 ita

193 2557 440 2619 voluistis)
482 2559 531 2605 in
571 2558 666 2605 hoc
702 2558 788 2606 tali
815 2566 981 2617 coetu,
1007 2567 1155 2622 atque
1179 2559 1231 2605 in
1255 2567 1356 2606 tam
1383 2574 1527 2607 accu-

193 2649 258 2685 rat
273 2654 299 2680 (ι
317 2653 556 2694 sermone,
572 2635 838 2700 praeterita
853 2649 966 2684 esse
982 2637 1223 2694 videatur.
1264 2637 1372 2702 Ego
1391 2653 1528 2697 vcro,

194 2716 354 2780 inqiut
378 2715 475 2770 ille,
503 2715 734 2779 quoniam
761 2714 1019 2763 collectam
1037 2731 1065 2763 a
1083 2716 1308 2774 conviva,
1334 2716 1527 2776 Crasse,

196 2796 372 2859 exigis,
414 2811 513 2842 non
554 2794 879 2851 committam,
918 2802 990 2853 ut,
1029 2794 1067 2842 si
1104 2794 1401 2860 defugerim,
1436 2795 1527 2845 tib-i

197 2889 395 2923 causam
419 2873 633 2938 aliquam
669 2874 784 2924 dem
819 2873 1111 2924 recusandi:
1151 2891 1430 2941 quanquam
1454 2892 1530 2924 so-
