2071 3508
770 435 987 476 TOPICA.
1456 439 1537 479 517

208 542 373 590 cendi.
446 542 698 591 Peroratio
723 550 888 591 autem
915 550 966 590 et
990 541 1083 589 alia
1103 542 1343 605 quaedam
1368 544 1533 602 habet,

209 628 261 668 et
301 621 514 669 maxime
558 619 1022 683 amplificationem:
1069 619 1208 683 cujus
1251 620 1453 669 effectus
1495 623 1534 670 is

208 697 358 746 debet
383 713 501 753 esse,
528 704 599 752 ut,
627 704 712 743 aut
736 697 1088 760 perturbentur
1107 696 1275 755 animi,
1300 705 1386 745 aut
1403 706 1533 745 tran-

206 774 503 838 quillentur:
543 782 593 822 et
632 774 670 822 si
708 775 776 822 ita
810 774 914 838 jam
953 774 1116 824 affecti
1151 783 1266 823 ante
1303 784 1435 834 sunt,
1477 786 1534 823 ut

205 860 386 916 augeat
411 869 579 901 eorum
618 864 796 909 motus,
843 861 928 901 aut
970 853 1109 902 sedet
1150 844 1320 901 oratio.
1394 854 1532 903 Huic

203 931 396 994 generi,
431 932 483 978 in
510 948 606 994 quo
632 939 683 979 et
707 931 1056 989 misericordia,
1095 940 1145 980 et
1171 931 1444 991 iracundia,
1481 941 1532 980 et

205 1009 391 1068 odium,
429 1018 478 1057 et
502 1009 701 1066 invidia,
742 1018 792 1058 et
818 1018 1041 1058 caeterae
1069 1010 1217 1058 animi
1245 1010 1530 1059 affectiones

202 1089 572 1151 perturbantur,
616 1098 883 1153 praecepta
925 1089 1302 1153 suppeditantur
1338 1089 1442 1137 aliis
1482 1090 1530 1136 in

203 1165 357 1224 libris,
399 1183 520 1230 quos
555 1166 739 1231 poteris
775 1183 971 1214 mecum
1010 1166 1196 1231 legere,
1239 1184 1350 1214 cum
1377 1168 1528 1216 voles.

207 1244 290 1292 Ad
315 1244 367 1292 id
391 1252 576 1303 autem,
602 1244 734 1308 quod
759 1252 809 1292 te
833 1244 958 1292 velle
985 1261 1244 1300 senseram,
1280 1246 1529 1295 cumulate

204 1321 509 1370 satisfactum
552 1338 655 1370 esse
699 1321 850 1370 debet
891 1321 1132 1369 voluntati
1173 1331 1303 1370 tuae.
1381 1324 1529 1383 Nam,

204 1416 266 1448 ne
289 1402 607 1464 praeterirem
630 1400 834 1465 aliquid,
860 1401 993 1465 quod
1017 1401 1080 1448 ad
1105 1411 1452 1465 argumentum
1478 1404 1529 1451 in

204 1480 338 1526 omni
355 1480 543 1528 ratione
560 1479 906 1544 reperiendum
922 1480 1211 1544 pertineret,
1227 1481 1367 1545 plura
1383 1498 1529 1546 quam

202 1574 230 1607 a
253 1565 304 1606 te
330 1558 607 1606 desiderata
631 1566 788 1617 erant,
823 1575 928 1606 sum
956 1558 1274 1623 complexus;
1313 1559 1526 1624 fecique,

202 1636 337 1701 quod
360 1653 504 1700 saepe
529 1636 752 1684 liberales
777 1636 1060 1685 venditores
1090 1637 1267 1697 solent,
1302 1646 1376 1698 ut,
1414 1654 1528 1686 cum

199 1715 347 1763 aedes
381 1714 655 1762 fundumve
697 1714 1047 1774 vendiderunt,
1100 1715 1221 1763 rutis
1264 1717 1417 1765 caesis
1454 1734 1526 1766 re-

200 1793 375 1858 ceptis,
413 1793 695 1842 concedant
717 1800 885 1841 tamen
919 1792 1104 1857 aliquid
1129 1795 1357 1858 emptori,
1393 1797 1526 1860 quod

198 1871 407 1920 ornandi
433 1888 579 1920 causa
603 1880 717 1936 apte
755 1879 806 1926 et
842 1871 953 1920 loco
987 1872 1201 1936 positum
1232 1890 1336 1921 esse
1361 1875 1526 1924 videa-

198 1959 296 2000 tur.
368 1950 447 1999 Sic
484 1950 575 1998 tibi
613 1966 702 1998 nos
740 1950 803 1998 ad
843 1950 913 2010 id,
949 1950 1083 2014 quod
1107 1951 1242 2015 quasi
1275 1953 1524 2018 mancipio

200 2029 316 2077 dare
361 2028 636 2085 debuimus,
680 2036 967 2077 ornamenta
1003 2029 1243 2093 quaedam
1278 2031 1522 2082 voluimus

199 2124 300 2157 non
326 2107 493 2158 debita
515 2106 771 2158 accedere.
