2071 3508
749 389 1120 433 ORATORIBUS.
1522 388 1601 432 403

270 487 404 560 lutis,
432 501 671 567 quidquid
694 500 882 558 habuit,
917 496 1374 565 quantumcumque
1398 497 1513 558 fuit,
1548 501 1603 548 il-

272 581 361 631 lud
383 590 544 631 totum
569 580 742 629 habuit
766 597 829 628 ex
849 579 1138 644 disciplina:
1171 579 1500 626 instrumenta
1519 596 1603 626 na·-

274 669 413 710 turae
455 661 688 708 deerant:
737 659 824 707 sed
865 667 1031 707 tantus
1070 659 1220 707 animi
1262 658 1511 724 splendor,
1554 666 1606 705 et

273 747 411 788 tanta
434 737 744 802 magnitudo,
785 745 843 786 ut
867 738 957 786 sibi
983 737 1166 798 omnia,
1209 754 1334 802 quae
1361 736 1606 785 clarorum

273 818 488 866 virorum
507 825 690 877 essent,
725 834 826 866 non
853 817 1105 866 dubitaret
1129 817 1424 877 adsciscere,
1450 834 1607 882 eaque

272 897 407 944 omni
446 897 690 962 dignitate
729 897 992 946 obtineret.
1065 897 1124 945 L.
1151 906 1319 946 autem
1362 897 1607 946 Lentulus

273 977 389 1024 satis
413 985 520 1026 erat
541 976 682 1026 fortis
708 986 889 1037 orator,
932 978 972 1025 si
1008 977 1158 1026 modo
1193 986 1372 1034 orator,
1414 977 1502 1026 sed
1527 995 1607 1026 co-

272 1056 466 1120 gitandi
490 1073 590 1105 non
631 1057 824 1106 ferebat
862 1056 1112 1106 laborem:
1155 1074 1253 1105 vox
1279 1075 1479 1118 canora,
1502 1075 1608 1107 ver-

274 1135 339 1183 ba
356 1152 457 1184 non
480 1135 680 1184 horrida
703 1153 839 1195 sane,
864 1143 921 1184 ut
943 1136 1092 1201 plena
1116 1144 1245 1184 esset
1263 1137 1413 1184 animi
1439 1146 1490 1185 et
1512 1146 1609 1185 ter-

277 1214 398 1262 roris
424 1215 614 1263 oratio:
659 1231 919 1279 quaereres
949 1215 1001 1262 in
1027 1214 1232 1279 judiciis
1268 1214 1475 1264 fortasse
1511 1232 1610 1265 me-

278 1291 401 1341 lius:
439 1293 491 1341 in
515 1293 786 1359 republica,
823 1294 958 1359 quod
981 1301 1105 1354 erat,
1141 1311 1246 1342 esse
1262 1293 1515 1358 judicares
1540 1313 1611 1344 sa-

280 1372 356 1420 tis.
427 1372 507 1422 Ne
550 1373 611 1421 T.
645 1373 846 1438 quidem
890 1373 1171 1421 Postumius
1213 1374 1610 1423 contemnendus

280 1450 332 1498 in
357 1452 598 1502 dicendo:
639 1453 701 1501 de
726 1452 980 1517 republica
1005 1469 1120 1500 vero
1156 1469 1257 1500 non
1280 1453 1443 1501 minus
1467 1454 1612 1503 vehea

282 1547 420 1580 mens
445 1540 622 1589 orator,
662 1549 810 1597 quam
844 1531 1053 1581 bellator
1075 1531 1204 1580 fuit:
1244 1532 1527 1593 effrenatus,
1564 1546 1614 1583 et

283 1627 396 1660 acer
420 1612 584 1671 nimis,
629 1613 717 1660 sed
750 1613 879 1660 bene
911 1611 1037 1676 juris
1074 1612 1264 1677 publici
1304 1613 1440 1678 leges
1466 1625 1615 1679 atque

281 1691 508 1741 instituta
533 1697 851 1757 cognoverat.
924 1692 1040 1740 Hoc
1064 1692 1176 1741 loco
1203 1693 1427 1754 Atticus,
1470 1695 1618 1743 Puta-

283 1788 388 1821 rem
413 1779 483 1831 te,
518 1772 697 1837 inquit,
731 1772 1047 1821 ambitiosum
1072 1789 1198 1832 esse,
1239 1773 1278 1820 si
1317 1776 1399 1838 (ut
1423 1774 1616 1836 dixisti)

284 1852 334 1909 ii,
373 1870 495 1918 quos
511 1852 706 1917 jamdiu
731 1851 940 1916 colligis,
964 1852 1204 1900 viverent.
1276 1852 1466 1902 Omnes
1487 1856 1619 1902 enim

287 1949 663 1991 commemoras,
700 1932 784 1996 qui
826 1931 930 1979 ausi
971 1930 1236 1996 aliquando
1277 1941 1393 1981 sunt
1433 1942 1621 1983 stantes

287 2011 423 2078 loqui
444 2034 458 2073 3
496 2020 554 2061 ut
577 2011 697 2060 mihi
721 2011 1008 2076 imprudens
1043 2011 1118 2060 M.
1146 2011 1406 2061 Servilium
1430 2022 1622 2079 praete·

290 2092 425 2142 riisse
450 2092 664 2140 videare.

356 2173 491 2230 Non,
540 2172 757 2238 inquam,
802 2186 896 2238 ego
943 2172 1071 2221 istuc
1118 2172 1312 2238 ignoro,
1362 2174 1624 2240 Pomponi,

291 2252 472 2302 multos
496 2252 666 2312 fuisse,
702 2252 786 2317 qui
818 2254 1025 2301 verbum
1050 2269 1304 2317 nunquam
1340 2255 1391 2302 in
1421 2254 1625 2320 publico

293 2331 543 2390 fecissent,
588 2349 702 2382 cum
727 2331 903 2381 melius
928 2332 1181 2398 aliquanto
1216 2343 1435 2398 possent,
1477 2352 1625 2401 quam

293 2413 375 2463 isti
398 2420 630 2470 oratores,
670 2429 794 2476 quos
819 2412 1020 2477 colligo,
1046 2413 1243 2462 dicere:
1283 2415 1370 2463 sed
1395 2415 1469 2463 his
1494 2432 1626 2464 com-

295 2491 627 2541 memorandis
657 2491 805 2540 etiam
843 2491 967 2539 illud
1005 2508 1254 2556 assequor,
1289 2501 1347 2540 ut
1383 2493 1628 2557 intelliga-

296 2571 378 2629 tis,
411 2570 626 2635 primum
657 2587 720 2619 ex
756 2570 891 2618 omni
925 2586 1149 2626 numero,
1188 2587 1335 2634 quam
1359 2587 1459 2619 non
1485 2572 1629 2621 multi

298 2650 402 2699 ausi
427 2650 526 2698 sint
550 2648 735 2709 dicere,-
771 2648 953 2697 deinde
979 2665 1042 2696 ex
1076 2649 1136 2697 iis
1171 2649 1286 2714 ipsis
1311 2667 1459 2714 quam
1482 2652 1631 2716 pauci

297 2728 486 2778 fuerint
521 2727 669 2776 laude
713 2727 867 2792 digni.
941 2728 1117 2792 Itaque
1153 2745 1217 2777 ne
1241 2729 1330 2777 hos
1355 2730 1557 2794 quidem
1583 2747 1631 2779 e-

299 2808 461 2874 quites
478 2807 749 2865 Romanos,
775 2806 960 2855 amicos
983 2813 1195 2866 nostros,
1220 2808 1304 2872 qui
1329 2825 1487 2874 nuper
1505 2826 1634 2859 mor-

298 2888 373 2936 tui
399 2894 532 2947 sunt,
569 2886 624 2936 P.
651 2886 935 2937 Cominium
978 2885 1307 2952 Spoletinum,
1349 2906 1448 2953 quo
1488 2899 1632 2939 accu-

1151 2983 1179 3014 c
1205 2983 1232 3013 c
1269 2975 1301 3014 2
