2071 3508
762 363 930 405 LIBER
960 362 1181 405 PRIMUS.
1591 371 1643 409 29

303 475 550 541 judicum,
575 473 654 522 vel
677 476 864 540 populi,
903 475 953 522 in
990 491 1187 524 omnem
1211 482 1401 540 partem
1428 475 1642 525 dicendo

309 553 671 619 permovendis,
697 570 796 601 non
831 554 982 602 fuisse
1018 555 1262 619 ignarum,
1288 554 1463 619 quibus
1488 572 1546 602 ea
1569 572 1642 604 re-

309 633 398 680 bus
423 641 826 696 consequeretur,
864 650 988 698 quae
1021 641 1228 698 negaret
1251 633 1333 682 ille
1357 634 1461 682 sine
1485 633 1642 698 philo-

307 710 478 775 sophia
501 727 780 775 quenquam
807 713 931 762 scire
949 730 1107 778 posse.

374 790 512 839 Huic
553 791 902 856 respondebat,
945 793 1062 841 Non
1111 809 1162 840 se
1211 809 1414 857 negare,
1456 787 1759 848 Demo-20.

307 867 531 917 sthenem
573 887 813 918 summam
837 872 1151 936 prudentiam
1177 888 1516 936 summamque
1541 871 1640 920 vim
1670 880 1748 921 89.

306 948 531 997 habuisse
557 949 790 1009 dicendi3
834 951 919 998 sed
946 952 1046 998 sive
1082 950 1163 998 ille
1200 950 1297 998 hoc
1322 951 1525 1015 ingenio
1556 968 1640 1016 po-

305 1028 496 1087 tuisset,
545 1028 664 1088 sive,
711 1028 762 1076 id
797 1028 931 1093 quod
970 1036 1236 1088 constaret,
1277 1029 1494 1077 Platonis
1541 1038 1640 1078 stu-

306 1107 470 1155 diosus
501 1108 735 1156 audiendi
771 1107 978 1168 fuisset3
1023 1125 1142 1168 non,
1185 1108 1304 1173 quid
1338 1108 1419 1156 ille
1454 1109 1639 1173 potuis-

304 1194 398 1246 set,
435 1186 522 1235 sed
563 1186 683 1251 quid
721 1187 801 1235 isti
843 1187 1100 1246 docerent,
1142 1205 1246 1236 esse
1283 1189 1636 1252 quaerendum.

306 1265 461 1332 Saepe
487 1269 635 1316 etiam
673 1269 724 1315 in
760 1285 867 1316 eam
903 1276 1094 1333 partem
1125 1267 1374 1316 ferebatur
1397 1268 1637 1327 oratione,
1667 1278 1744 1320 90.

306 1353 363 1393 ut
409 1348 610 1395 omnino
659 1348 933 1412 disputaret
984 1347 1168 1395 nullam
1217 1356 1372 1394 artem
1421 1364 1524 1395 esse
1567 1349 1637 1395 di-

308 1427 485 1475 cendi:
525 1428 673 1492 idque
717 1444 829 1476 cum
872 1416 1174 1490 argumentis
1213 1426 1468 1484 docuerat,
1505 1427 1638 1490 quod

305 1504 373 1552 ita
398 1506 500 1553 nati
526 1523 759 1564 essemus,
783 1513 840 1552 ut
865 1513 915 1552 et
937 1504 1166 1564 blandiri,
1187 1512 1238 1552 et
1256 1504 1543 1569 suppliciter
1567 1506 1638 1553 in-

304 1583 496 1631 sinuare
537 1584 613 1643 iis,
651 1602 679 1632 a
715 1584 890 1648 quibus
915 1591 1044 1632 esset
1066 1584 1359 1648 petendum,
1397 1592 1447 1632 et
1470 1585 1639 1632 adver-

304 1662 451 1711 sarios
468 1664 726 1712 minaciter
744 1672 928 1711 terrere
947 1680 1219 1728 possemUS,
1245 1672 1296 1711 et
1319 1680 1422 1711 rem
1446 1671 1637 1728 gestam

305 1757 571 1806 exponere,
598 1749 648 1790 et
671 1742 740 1802 id,
767 1743 900 1807 quod
919 1742 1307 1802 intenderemus,
1329 1742 1637 1803 confirmare,

303 1827 354 1868 et
390 1821 459 1880 id,
502 1822 636 1885 quod
677 1830 850 1870 contra
888 1822 1155 1881 diceretur,
1193 1822 1437 1881 refellere,
1487 1830 1537 1870 et
1572 1823 1636 1871 ad

302 1907 579 1949 extremum
606 1891 860 1967 deprecari
885 1901 1087 1966 aliquid,
1119 1909 1170 1949 et
1195 1902 1431 1966 conqueri
1453 1922 1465 1961 ;
1506 1903 1634 1966 (qui-

300 1979 465 2027 busin
491 1982 636 2028 rebus
661 1981 818 2029 omnis
838 1989 1085 2030 oratorum
1106 1990 1381 2029 versaretur
1398 1979 1632 2042 facultas)

302 2065 353 2105 et
390 2060 524 2122 quod
562 2061 889 2118 consuetudo,
928 2060 1334 2124 exercitatioque,
1371 2067 1421 2107 et
1456 2059 1633 2107 intelli-

301 2138 452 2200 gendi
477 2139 790 2203 prudentiam
811 2147 1029 2198 acueret,
1047 2147 1097 2187 et
1121 2138 1386 2202 eloquendi
1412 2138 1633 2186 celerita-

301 2223 402 2264 tem
427 2217 685 2265 incitaret:
725 2226 831 2265 tum
857 2218 1005 2266 etiam
1031 2217 1371 2281 exemplorum
1397 2217 1538 2282 copia
1561 2218 1632 2265 ni-

298 2296 509 2344 tebatur.
559 2298 689 2345 Nam
707 2297 939 2361 primum,
955 2297 1091 2360 quasi
1108 2297 1275 2343 dedita
1293 2313 1459 2360 opera,
1479 2298 1631 2345 nemi·
1663 2301 1718 2344 91
1731 2333 1741 2350 ,ξ

299 2390 423 2424 nem
441 2376 729 2440 scriptorem
766 2375 882 2423 artis
907 2392 969 2423 ne
994 2375 1310 2423 mediocriter
1335 2375 1535 2439 quidem
1562 2377 1631 2424 di-

300 2463 485 2503 sertum
527 2455 676 2504 fuisse
719 2455 933 2514 dicebat,
977 2472 1091 2503 cum
1132 2462 1380 2519 repeteret
1414 2473 1568 2520 usque
1605 2474 1633 2504 a

302 2535 491 2584 Corace
516 2536 683 2583 nescio
709 2552 825 2600 quo,
852 2542 902 2582 et
927 2535 1080 2594 Tisia,
1113 2552 1234 2599 quos
1259 2535 1375 2583 artis
1400 2535 1527 2582 illius
1560 2536 1631 2582 in-

300 2623 530 2662 ventores
555 2622 604 2662 et
629 2615 875 2679 principes
900 2613 1049 2662 fuisse
1075 2622 1323 2662 constaret
1344 2633 1355 2661 :
1401 2613 1630 2678 eloquen-

301 2694 512 2743 tissimos
537 2702 703 2741 autem
726 2693 968 2751 homines,
988 2693 1070 2756 qui
1094 2693 1187 2740 ista
1205 2710 1298 2741 nec
1324 2693 1630 2752 didicissent,

303 2790 396 2821 nec
421 2772 621 2820 omnino
647 2772 770 2820 scire
796 2779 1066 2830 curassent,
1091 2770 1470 2820 innumerabiles
1489 2788 1630 2836 quos-

303 2852 416 2902 dam
442 2851 758 2916 nominabat:
796 2852 848 2901 in
885 2851 1061 2918 quibus
1094 2852 1241 2915 etiam
1268 2852 1395 2917 (sive
1421 2852 1502 2903 ille
1527 2854 1630 2904 irri..
