2071 3508
426 446 506 485 298
902 442 979 480 DE
1009 440 1278 481 ORATORE

426 568 527 610 am,
565 552 649 616 qui
684 551 902 615 audiant,
941 559 1157 609 senatus,
1194 566 1256 598 an
1290 547 1519 614 populus,
1544 565 1607 597 an
1622 548 1756 614 judi-

425 645 512 680 ces
533 650 547 689 ;
585 628 884 694 frequentes,
912 646 974 677 an
998 628 1159 693 pauci,
1186 644 1248 675 an
1273 625 1453 690 singuli
1476 647 1489 686 3
1519 635 1569 675 et
1589 626 1756 691 quales

428 708 521 772 ipsi
566 724 762 773 quoque
803 716 1039 765 oratores,
1078 722 1175 769 qua
1212 705 1310 752 sint
1334 713 1512 762 aetate,
1551 705 1754 763 honore,

430 787 744 845 auctoritate,
792 786 942 835 debet
982 784 1177 833 videri:
1231 790 1448 847 tempus,
1494 785 1645 848 pacis,
1695 801 1759 833 an

389 902 400 915 0
430 865 565 923 belli,
605 865 951 924 festinationis,
993 879 1055 910 an
1096 861 1200 909 otii.
1291 854 1465 926 Itaque
1506 863 1601 912 hoc
1648 863 1760 912 loco

430 944 552 991 m'hil
577 959 692 991 sane
718 950 810 1000 est,
835 941 969 1005 quod
992 938 1208 1004 praecipi
1234 955 1375 1003 posse
1398 939 1644 999 videatur,
1668 941 1762 990 nisi

430 1031 487 1070 ut
526 1022 733 1086 figuram
775 1020 1007 1068 orationis
1042 1017 1293 1083 plenioris,
1332 1026 1383 1066 et
1417 1018 1673 1078 tenuioris,
1713 1027 1765 1068 et

431 1101 551 1149 item
590 1100 717 1147 illius
755 1099 1036 1156 mediocris,
1072 1097 1138 1156 ad
1174 1096 1244 1155 id,
1284 1098 1417 1161 quod
1452 1098 1658 1162 agimus,
1685 1115 1766 1147 ac-

431 1179 797 1236 commodatam
851 1177 1139 1242 deligamus.
1217 1175 1537 1226 Ornamentis
1588 1177 1764 1226 iisdem

433 1259 507 1307 uti
543 1258 647 1311 fere
683 1258 871 1317 licebit,
908 1257 1024 1306 alias
1056 1256 1357 1315 contentius,
1395 1255 1511 1304 alias
1541 1256 1765 1305 summis-

435 1338 567 1386 sius:
606 1339 838 1403 omnique
864 1338 914 1385 in
940 1355 991 1386 re
1028 1352 1169 1401 posse
1195 1335 1330 1399 quod
1365 1335 1542 1384 deceat
1583 1335 1768 1396 facere,

434 1417 550 1465 artis
593 1426 644 1466 et
679 1426 884 1465 naturae
910 1425 984 1465 est
1007 1437 1021 1476 ;
1060 1416 1184 1466 scire
1218 1414 1339 1482 quid
1363 1414 1660 1480 quandoque
1685 1414 1768 1464 de-

439 1505 569 1555 ceat,
593 1497 903 1561 prudentiae.

505 1575 604 1624 Sed
644 1575 770 1623 haec
806 1576 911 1640 ipsa
947 1575 1111 1623 onmia
1134 1574 1342 1639 perinde
1368 1581 1501 1632 sunt,
1535 1580 1593 1622 ut
1617 1590 1770 1638 agun-

396 1697 407 1708 .
438 1662 534 1717 tur.
591 1653 759 1709 Actio,
786 1654 1007 1716 inquam,
1031 1655 1081 1698 in
1103 1652 1317 1701 dicendo
1341 1669 1440 1698 una
1465 1652 1768 1701 dominatur:

439 1733 543 1780 sine
584 1731 678 1779 hac
717 1748 935 1779 summus
974 1739 1137 1778 orator
1177 1747 1280 1778 esse
1316 1730 1366 1776 in
1404 1745 1610 1776 numero
1634 1729 1772 1779 nullo

437 1818 634 1875 potest3
662 1810 944 1871 mediocris,
963 1810 1055 1857 hac
1081 1809 1371 1867 instructus,
1391 1823 1606 1856 summos
1626 1824 1772 1874 saepe

440 1906 685 1954 superare.
777 1889 912 1937 Huic
950 1889 1131 1953 primas
1169 1888 1363 1937 dedisse
1405 1888 1772 1938 Demosthenes

440 1969 642 2028 dicitur,
685 1985 801 2017 cum
842 1977 1118 2033 rogaretur,
1155 1968 1275 2032 quid
1309 1968 1360 2014 in
1397 1967 1612 2016 dicendo
1644 1976 1773 2018 esset

439 2049 685 2113 primum3
740 2047 857 2095 huic
906 2047 1182 2106 secundas;
1234 2046 1351 2094 huic
1398 2047 1584 2095 tertias.
1656 2047 1772 2105 Quo

441 2127 562 2174 mihi
592 2126 766 2174 melius
793 2127 941 2180 etiam
966 2125 1088 2173 illud
1113 2127 1173 2173 ab
1200 2124 1452 2173 Aeschine
1488 2125 1679 2182 dictum
1702 2127 1773 2174 vi-

443 2205 549 2253 deri
584 2204 723 2261 solet,
759 2204 843 2268 qui
883 2221 997 2261 cum
1029 2213 1230 2270 propter
1253 2204 1575 2268 ignominiam
1591 2203 1772 2268 judicii

445 2284 671 2333 cessisset
698 2282 931 2341 Athenis,
957 2275 1077 2331 etse
1105 2282 1340 2335 Rhodum
1368 2277 1674 2341 contulisset,
1698 2300 1774 2331 ro-

443 2370 587 2427 gatus
612 2379 640 2410 a
667 2361 894 2420 Rhodiis,
932 2361 1108 2426 legisse
1145 2361 1302 2410 fertur
1338 2362 1615 2410 orationem
1639 2360 1773 2410 illam

445 2440 714 2506 egregiam,
755 2456 903 2503 quam
941 2440 991 2487 in
1035 2439 1411 2504 Ctesiphontem
1453 2448 1626 2488 contra
1672 2440 1774 2489 De-

444 2519 754 2567 mosthenem
797 2519 1018 2567 dixerat:
1058 2536 1153 2582 qua
1188 2518 1427 2582 perlecta,
1462 2519 1675 2582 petitum
1701 2527 1775 2568 est

445 2599 505 2647 ab
531 2615 590 2646 eo
614 2597 868 2663 postridie,
888 2606 943 2645 ut
965 2597 1156 2663 legeret
1179 2597 1311 2645 illam
1331 2598 1500 2656 etiam,
1519 2614 1645 2662 quae
1669 2606 1775 2648 erat

447 2686 620 2727 contra
657 2696 686 2727 a
723 2678 1065 2727 Demosthene
1105 2695 1194 2742 pro
1232 2678 1558 2744 Ctesiphonte
1605 2679 1771 2728 edita:

448 2773 593 2821 quam
620 2774 733 2805 cum
759 2758 1042 2806 suavissima
1077 2765 1128 2806 et
1151 2759 1366 2806 maxima
1402 2775 1527 2807 voce
1556 2758 1771 2823 legisset,

449 2832 803 2885 admirantibus
845 2838 1092 2896 omnibus,
1136 2837 1357 2896 Quanto,
1398 2838 1578 2902 inquit,
1618 2836 1774 2900 magis

450 2913 835 2977 admiraremini,
858 2917 898 2967 si
923 2917 1180 2968 audissetis
1203 2917 1400 2982 ipsum?
1436 2917 1515 2968 Ex
1539 2932 1636 2983 quo
1660 2914 1774 2965 satis
