2071 3508
564 357 1005 401 ANNOTATIONES
1032 357 1093 397 IN
1122 357 1283 398 TOPIC
1290 360 1340 398 A.
1503 364 1583 402 545

255 466 353 515 silla,
382 463 485 505 unde
515 473 695 519 aspectus
724 472 784 504 est
817 464 926 502 nobis
955 464 994 501 in
1022 463 1129 501 vicos
1159 470 1200 501 et
1229 463 1388 516 plateas,
1451 464 1584 506 Paus-

259 546 380 573 TEUS.

313 600 407 652 Pag.
427 603 517 641 491.
546 599 612 637 lin.
631 601 669 638 6.
711 600 808 649 jure
827 596 978 645 cessim]
1042 595 1132 633 Hoc
1150 595 1267 634 fiebat
1286 597 1413 635 modo.
1462 599 1584 650 Apud

255 667 523 719 magistratum
542 665 674 717 populi
696 661 874 710 Romani,
894 663 954 701 vel
976 662 1087 714 'apud
1113 670 1332 714 praetorem
1358 664 1455 716 (hoc
1480 666 1584 704 enim

257 743 330 780 est,
358 733 398 771 in
411 732 521 784 jure)
545 731 604 770 vel
625 731 840 782 praesidem
866 730 1102 782 provinciae,
1122 730 1152 768 is
1173 730 1236 768 cui
1257 729 1296 767 in
1311 732 1399 781 jure
1419 732 1586 779 ceditur,

257 813 340 839 rem
361 807 498 838 tenens
513 799 566 837 ita
585 798 767 844 vindicat,
786 799 903 836 Hunc
921 812 989 850 ego
1008 797 1190 836 hominem
1211 811 1256 836 ex
1261 800 1359 850 jure
1383 798 1589 842 Quiritium

255 880 376 905 meum
405 880 483 905 esse
511 866 586 905 aio.
643 865 799 904 Deinde
825 873 1030 917 postquam
1058 856 1123 904 hic
1141 865 1408 912 vindicaverit,
1437 873 1594 918 praetor

254 934 471 985 interrogat
499 946 589 972 eum
611 933 675 984 qui
705 932 821 978 cedit,
851 946 899 970 an
920 940 1057 970 contra
1074 932 1256 971 vindicet.
1314 934 1402 976 Quo
1421 940 1593 984 negante

256 1009 325 1039 aut
344 1007 514 1046 tacente,
534 1007 629 1038 tunc
649 999 685 1038 ei
706 999 770 1050 qui
794 999 1060 1047 vindicaverit,
1080 1011 1166 1037 eam
1187 1012 1268 1037 rem
1289 999 1452 1038 addicit:
1471 999 1590 1051 idque

255 1067 353 1118 legis
381 1067 484 1105 actio
504 1067 727 1105 vocabatur.
785 1066 1035 1105 Govmsus.
1092 1066 1188 1104 Jure
1208 1066 1309 1104 civili
1333 1065 1417 1104 fieri
1444 1066 1590 1118 aliquid

257 1148 336 1172 non
356 1134 456 1172 inter
482 1134 590 1181 alios,
619 1134 690 1171 nisi
710 1134 811 1171 inter
831 1133 933 1172 cives
964 1134 1162 1171 Romanos
1182 1140 1322 1185 potest,
1346 1147 1509 1185 quorum
1528 1140 1588 1172 est

257 1200 376 1240 etiam
404 1204 468 1253 jus
499 1201 624 1246 civile,
654 1200 760 1252 quod
788 1200 993 1239 duodecim
1023 1200 1163 1238 tabulis
1194 1200 1427 1240 continetur.
1483 1201 1589 1240 Bon-

259 1280 369 1307 TJUS.

313 1334 408 1386 Pag.
431 1339 522 1374 493.
551 1335 615 1373 lin.
639 1338 673 1373 1.
730 1335 890 1373 Formas
906 1334 972 1386 qui
977 1340 1092 1387 putat
1107 1334 1204 1373 idem
1224 1348 1314 1382 esse,
1334 1336 1428 1385 &c.]
1490 1334 1590 1373 For-

257 1415 340 1440 mae
359 1402 408 1440 ad
428 1415 564 1454 genus,
588 1409 721 1454 partes
752 1402 802 1440 ad
826 1409 952 1440 totum
983 1401 1215 1440 referuntur.
1271 1402 1379 1440 Inter
1406 1415 1529 1453 genus
1548 1408 1590 1440 et

256 1475 382 1507 totum
417 1469 492 1507 hoc
524 1470 708 1513 interest;
735 1468 839 1520 quod
873 1481 996 1520 genus
1024 1468 1073 1507 de
1107 1468 1184 1507 suis
1210 1468 1343 1506 formis
1363 1469 1588 1516 affirmatur,

257 1543 383 1574 totum
404 1536 453 1574 de
473 1536 645 1587 partibus
665 1549 883 1587 nunquam:
914 1549 1038 1587 genus
1067 1549 1119 1574 ex
1149 1536 1227 1574 suis
1244 1535 1376 1574 formis
1397 1549 1473 1574 non
1495 1549 1590 1574 con-

257 1611 347 1649 stat,
377 1611 502 1642 totum
522 1617 572 1641 ex
593 1604 669 1641 suis
688 1604 860 1654 partibus
880 1603 1153 1642 constituitur:
1182 1617 1305 1655 genus
1334 1604 1465 1642 formis
1485 1604 1592 1656 prius

257 1678 396 1708 natura
415 1678 487 1716 est,
516 1677 641 1707 totum
672 1669 845 1720 partibus
876 1676 917 1707 et
948 1676 1124 1721 tempore
1148 1677 1189 1708 et
1207 1677 1345 1708 natura
1374 1671 1591 1722 posterius:

257 1737 413 1788 generis
441 1743 579 1774 natura
599 1737 775 1774 universa
809 1736 850 1773 in
881 1749 1111 1788 unaquaque
1130 1737 1254 1775 forma
1273 1738 1496 1785 includitur,
1525 1751 1594 1776 na-

258 1811 347 1842 tura
365 1802 483 1841 totius
504 1803 682 1841 universa
709 1803 749 1840 in
788 1803 894 1840 nulla
930 1815 1086 1841 suarum
1123 1804 1291 1856 partium
1327 1805 1440 1843 inest.
1509 1805 1593 1844 Go-

262 1882 448 1908 vssANus

315 1936 409 1987 Pag.
435 1939 529 1976 499.
569 1936 633 1973 lin.
666 1939 704 1975 6.
760 1936 914 1974 nimium
947 1943 984 1976 te
1015 1951 1146 1976 amare
1175 1938 1364 1989 videare]
1425 1939 1590 1978 Jocatur

259 2002 410 2041 Tullius
430 2016 519 2042 cum
542 2004 740 2050 Trebatio,
770 2018 885 2056 quem
917 2005 1153 2057 Epicureum
1179 2020 1264 2045 esse
1283 2007 1444 2054 sciebat,
1478 2009 1589 2058 cujus

258 2070 482 2121 disciplinae
503 2078 586 2110 erat
605 2083 646 2109 se
666 2071 790 2123 ipsum
809 2085 951 2120 amare,
985 2080 1027 2112 et
1057 2086 1127 2112 sua
1157 2087 1273 2113 causa
1292 2075 1420 2113 omnia
1447 2074 1588 2113 facere.

258 2135 385 2174 Imm.

314 2203 408 2255 Pag.
429 2207 521 2244 500.
551 2204 616 2242 lin.
638 2208 702 2245 25.
757 2205 1031 2259 enthymemata
1051 2207 1280 2261 appellant]
1342 2209 1502 2261 Vulgari
1522 2222 1592 2248 no-

257 2269 364 2308 tione
386 2271 578 2322 signifieat
596 2272 827 2324 enthymema
854 2274 1117 2326 syllogismum
1137 2275 1405 2328 imperfectum
1426 2289 1476 2314 ex
1497 2276 1592 2314 dua-

259 2337 332 2374 bus
353 2345 594 2376 constantem
616 2340 802 2390 partibus,
823 2341 944 2392 qualis
964 2349 1023 2380 est
1042 2343 1130 2381 hic:
1164 2344 1380 2382 Laudanda
1401 2350 1455 2383 est
1474 2345 1593 2382 omnis

258 2403 394 2450 virtus,
424 2419 514 2457 ergo
534 2412 568 2443 ct
590 2406 669 2458 isvsa
679 2406 851 2458 justitia.
908 2407 986 2446 Hic
1006 2416 1135 2447 autem
1155 2410 1406 2462 enthymema
1430 2412 1594 2450 sumitur

259 2484 331 2522 pro
358 2481 475 2510 acuta
507 2473 712 2518 sententia,
743 2486 841 2524 quae
871 2486 922 2512 ex
956 2476 1157 2515 contrariis
1182 2477 1356 2517 efficitur.
1413 2479 1507 2517 Tale
1536 2487 1595 2517 est

258 2536 355 2575 illud
379 2538 577 2577 Ciceronis
599 2552 668 2590 pro
691 2539 864 2578 Milone:
893 2541 990 2593 Ejus
1009 2542 1130 2594 igitur
1144 2544 1275 2583 mortis
1289 2544 1424 2583 sedetis
1441 2544 1593 2593 diores,

259 2606 367 2655 cujus
387 2605 503 2643 vitam
533 2607 566 2644 si
588 2606 731 2659 putetis
754 2620 826 2658 per
845 2621 908 2645 vos
928 2609 1078 2647 restitui
1089 2624 1213 2662 posse,
1241 2610 1400 2650 nolitis?
1444 2612 1594 2665 Enthy-

261 2683 390 2710 mema
416 2673 572 2724 proprie
592 2681 651 2711 cst
672 2673 869 2724 cogitatiO,
898 2673 1111 2727 inventum,
1140 2682 1209 2717 ἀπὸ
1229 2684 1289 2720 τοῦ
1315 2680 1510 2731 ἐνθυμεῖσθαι
1537 2681 1596 2719 in-

260 2736 449 2792 telligere,
467 2741 676 2796 concipere.
733 2744 968 2787 PRUSTEL'S.

1146 2807 1181 2840 'M
1202 2815 1240 2842 m
