2071 3508
369 1495 473 1553 55⁷2.

364 1588 478 1627 212.

367 2377 395 2415 10

434 2378 460 2416 00

497 467 573 504 166
969 467 1045 506 DE
1075 467 1343 506 ORATORE

496 580 609 629 test,
636 581 692 621 ut
714 573 810 630 illa,
839 592 962 637 quae
990 576 1051 624 de
1076 576 1230 624 altero
1255 573 1589 639 deplorentur,
1626 575 1687 622 ad
1713 591 1820 622 suas

499 668 575 700 res
599 661 818 712 revocet,
857 671 974 717 quas
999 663 1083 702 aut
1106 654 1292 712 tulerit,
1333 654 1550 711 acerbaS,
1575 661 1659 700 aut
1682 653 1822 700 time-

501 738 552 778 at
573 749 584 778 ε
624 739 709 778 aut
732 731 928 778 intuens
953 731 1120 789 alium,
1147 733 1317 779 crebro
1343 731 1405 778 ad
1431 732 1641 795 seipsum
1666 746 1826 778 rever-

502 816 649 857 tatur.
739 810 815 856 Ita
858 827 970 857 cum
1011 809 1188 872 singuli
1228 825 1366 865 casus
1390 809 1713 856 humanarum
1738 808 1842 869 mis

504 887 736 936 seriarum
760 890 974 953 graviter
999 888 1325 952 accipiuntur,
1351 888 1389 934 si
1409 888 1642 935 dicuntur
1661 887 1827 934 dole'n-

504 975 593 1022 ter,
622 975 727 1014 tum
753 967 931 1015 afflicta
966 976 1015 1014 et
1037 975 1279 1031 prostrata
1311 967 1465 1014 virtus
1490 967 1702 1013 maxime
1725 966 1829 1013 luc-

504 1052 646 1092 tuosa
670 1053 743 1092 est
765 1063 776 1091 :
827 1053 894 1103 et,
919 1054 974 1092 ut
1008 1045 1090 1092 illa
1114 1045 1265 1092 altera
1287 1061 1397 1108 pars
1429 1044 1679 1102 orationis,
1704 1059 1829 1107 quae

504 1123 760 1186 probitatis
796 1122 1223 1169 commendatione
1246 1123 1363 1169 boni
1388 1122 1477 1169 viri
1503 1122 1652 1170 debet
1676 1121 1830 1185 speci-

507 1216 585 1246 em
609 1199 755 1257 tueri,
790 1199 914 1246 lenis
950 1203 1031 1263 (ut
1055 1216 1198 1264 saepe
1231 1199 1334 1263 jam
1360 1200 1488 1261 dixi)
1524 1208 1671 1263 atque
1703 1216 1831 1247 sum-

507 1278 684 1336 missa3
724 1278 792 1325 sic
817 1277 959 1335 haec,
1002 1294 1125 1341 quae
1167 1278 1429 1342 suscipitur
1466 1279 1526 1326 ab
1551 1286 1743 1325 oratore
1767 1276 1832 1324 ad

508 1355 883 1406 commutandos
918 1355 1123 1413 animos,
1159 1363 1306 1418 atque
1348 1355 1481 1402 omni
1505 1356 1693 1403 ratione
1718 1355 1832 1403 flec-

508 1434 703 1492 tendos,
727 1435 920 1483 intenta
943 1450 1000 1481 ac
1024 1433 1290 1481 vehemens
1315 1450 1419 1482 esse
1444 1433 1608 1482 debet.

576 1512 674 1561 Sed
720 1520 793 1560 est
834 1512 1075 1576 quaedam
1115 1512 1166 1558 in
1206 1512 1280 1559 his
1319 1513 1509 1561 duobus
1549 1512 1831 1577 generibus,

510 1608 717 1656 quorum
759 1590 967 1638 alterum
1006 1589 1137 1648 lene,
1175 1590 1381 1638 alterum
1422 1590 1687 1639 vehemens
1729 1607 1833 1638 esse

508 1670 748 1725 volumus,
788 1668 995 1716 difficilis
1031 1669 1094 1715 ad
1119 1669 1521 1733 distinguendum
1548 1669 1830 1717 similitudo.

508 1749 639 1797 Nam
677 1767 738 1797 ex
775 1749 857 1796 illa
893 1749 1115 1807 lenitate,
1154 1765 1251 1812 qua
1289 1749 1608 1797 conciliamur
1636 1749 1708 1804 iis,
1747 1748 1830 1812 qui

508 1828 731 1884 audiunt,
769 1828 831 1875 ad
865 1828 993 1875 hanc
1034 1828 1133 1875 vim
1171 1828 1475 1887 acerrimam,
1513 1844 1610 1892 qua
1633 1827 1833 1874 eosdem

509 1909 797 1963 excitamus,
835 1907 1008 1954 influat
1032 1915 1227 1972 oportet
1250 1907 1468 1971 aliquid3
1508 1916 1558 1954 et
1583 1924 1644 1954 ex
1669 1907 1761 1954 hac
1785 1906 1834 1953 vi

509 2002 864 2050 nonnunquam
906 1986 1055 2034 animi
1094 1987 1278 2050 aliquid
1317 1986 1719 2034 inflammandum
1760 1992 1836 2032 est

508 2064 578 2111 illi
617 2065 809 2113 lenitati
832 2082 843 2112 :
896 2080 1059 2127 neque
1095 2073 1169 2113 est
1198 2065 1296 2112 ulla
1319 2065 1636 2130 temperatior
1659 2064 1834 2121 oratio,

507 2159 653 2206 quam
677 2143 776 2201 illa,
812 2144 862 2189 in
888 2160 983 2206 qua
1018 2145 1250 2207 asperitas
1276 2144 1606 2193 contentionis
1631 2142 1834 2191 oratoris

507 2220 657 2284 ipsius
696 2220 1002 2268 humanitate
1029 2222 1276 2280 conditur,
1315 2223 1534 2270 remissio
1570 2230 1733 2270 autem
1768 2220 1835 2268 le-

508 2298 675 2347 nitatis
714 2299 924 2362 quadam
960 2300 1202 2362 gravitate
1241 2308 1291 2347 et
1330 2301 1649 2347 contentione
1681 2299 1836 2346 firma-

466 2405 477 2416 ·
510 2383 605 2423 tur.
677 2377 737 2423 In
780 2384 987 2440 utroque
1013 2386 1177 2424 autem
1202 2393 1384 2440 genere
1410 2378 1627 2436 dicendi,
1660 2385 1711 2425 et
1734 2376 1836 2435 illo,

512 2454 563 2501 in
605 2470 702 2518 quo
742 2455 813 2501 vis
856 2463 1005 2517 atque
1048 2456 1303 2502 contentio
1344 2456 1610 2518 quaeritur,
1649 2463 1699 2503 et
1722 2455 1837 2513 hoc,

512 2533 647 2596 quod
669 2533 732 2580 ad
754 2533 904 2581 Vitam
931 2541 980 2580 et
1004 2549 1163 2580 mores
1189 2534 1608 2592 accommodatur,
1634 2542 1684 2581 et
1706 2533 1836 2597 prin-

514 2610 642 2674 cipia
681 2610 821 2657 tarda
862 2618 992 2669 sunt,
1033 2619 1083 2659 et
1108 2611 1268 2659 exitus
1304 2619 1469 2659 tamen
1494 2613 1631 2676 spissi
1657 2621 1707 2660 et
1728 2629 1838 2676 pro-

515 2689 653 2737 ducti
679 2706 782 2737 esse
808 2690 1006 2738 debent.
1077 2692 1206 2739 Nam
1231 2708 1392 2756 neque
1408 2693 1721 2740 assiliendum
1746 2698 1839 2740 sta-

515 2767 602 2813 tim
629 2776 703 2815 est
727 2768 789 2815 ad
813 2768 936 2815 illud
958 2785 1114 2833 genus
1139 2770 1370 2820 orationis
1392 2788 1403 2817 :
1431 2772 1593 2835 (abest
1612 2771 1739 2819 enim
1766 2777 1839 2818 to-

516 2852 621 2892 tum
647 2863 675 2892 a
700 2863 867 2907 causa3
896 2855 946 2895 et
970 2847 1191 2896 homines
1209 2849 1343 2912 prius
1367 2849 1525 2914 ipsum
1549 2849 1684 2906 illud,
1706 2848 1840 2912 quod

515 2924 763 2988 proprium
789 2926 863 2973 sui
878 2925 1056 2989 judicii
1075 2935 1163 2985 est,
1181 2928 1350 2976 audire
1376 2928 1654 2978 desiderant
1672 2927 1712 2988 :)
1747 2943 1842 2975 nec
