<?xml version="1.0" encoding="UTF-8"?>
<!DOCTYPE html PUBLIC "-//W3C//DTD XHTML 1.0 Transitional//EN"
    "http://www.w3.org/TR/xhtml1/DTD/xhtml1-transitional.dtd">
<html xmlns="http://www.w3.org/1999/xhtml" xml:lang="en" lang="en">
 <head>
  <title>
</title>
<meta http-equiv="Content-Type" content="text/html;charset=utf-8" />
  <meta name='ocr-system' content='tesseract 3.04.00' />
  <meta name='ocr-capabilities' content='ocr_page ocr_carea ocr_par ocr_line ocrx_word'/>
</head>
<body>
  <div class='ocr_page' id='page_1' title='image "./deoratorelibrit00ciceuoft_0277.png"; bbox 0 0 2071 3508; ppageno 0'>
   <div class='ocr_carea' id='block_1_1' title="bbox 724 382 1615 427">
    <p class='ocr_par' dir='ltr' id='par_1_1' title="bbox 724 382 1615 427">
     <span class='ocr_line' id='line_1_1' title="bbox 724 382 1615 427; baseline 0.004 -5"><span class='ocrx_word' id='word_1_1' title='bbox 724 383 893 422; x_wconf 88' lang='lat' dir='ltr'>LIBER</span> <span class='ocrx_word' id='word_1_2' title='bbox 913 382 1164 423; x_wconf 87' lang='lat' dir='ltr'><strong>TERTIUS.</strong></span> <span class='ocrx_word' id='word_1_3' title='bbox 1535 389 1615 427; x_wconf 78' lang='lat'>269</span> 
     </span>
    </p>
   </div>
   <div class='ocr_carea' id='block_1_2' title="bbox 249 490 1774 2938">
    <p class='ocr_par' dir='ltr' id='par_1_2' title="bbox 249 490 1774 2938">
     <span class='ocr_line' id='line_1_2' title="bbox 277 490 1608 556; baseline 0.003 -18"><span class='ocrx_word' id='word_1_4' title='bbox 277 490 481 539; x_wconf 86' lang='lat' dir='ltr'>butione</span> <span class='ocrx_word' id='word_1_5' title='bbox 517 491 732 555; x_wconf 87' lang='lat' dir='ltr'>partium</span> <span class='ocrx_word' id='word_1_6' title='bbox 770 509 828 539; x_wconf 84' lang='lat' dir='ltr'>ac</span> <span class='ocrx_word' id='word_1_7' title='bbox 870 491 1198 556; x_wconf 82' lang='lat' dir='ltr'>separatione,</span> <span class='ocrx_word' id='word_1_8' title='bbox 1240 490 1608 554; x_wconf 85' lang='lat' dir='ltr'>magnitudines</span> 
     </span>
     <span class='ocr_line' id='line_1_3' title="bbox 277 569 1615 626; baseline 0.001 -9"><span class='ocrx_word' id='word_1_9' title='bbox 277 571 592 619; x_wconf 84' lang='lat' dir='ltr'>sunt&#39;artium</span> <span class='ocrx_word' id='word_1_10' title='bbox 618 570 906 618; x_wconf 87' lang='lat' dir='ltr'>diminutae.</span> <span class='ocrx_word' id='word_1_11' title='bbox 981 570 1066 616; x_wconf 93' lang='lat' dir='ltr'>An</span> <span class='ocrx_word' id='word_1_12' title='bbox 1101 577 1158 616; x_wconf 89' lang='lat' dir='ltr'>tu</span> <span class='ocrx_word' id='word_1_13' title='bbox 1195 569 1460 626; x_wconf 83' lang='lat' dir='ltr'>existimas,</span> <span class='ocrx_word' id='word_1_14' title='bbox 1501 588 1615 619; x_wconf 88' lang='lat' dir='ltr'>cum</span> 
     </span>
     <span class='ocr_line' id='line_1_4' title="bbox 277 648 1613 713; baseline -0.002 -13"><span class='ocrx_word' id='word_1_15' title='bbox 277 660 405 700; x_wconf 85' lang='lat' dir='ltr'>esset</span> <span class='ocrx_word' id='word_1_16' title='bbox 448 649 780 713; x_wconf 84' lang='lat' dir='ltr'>Hippocrates</span> <span class='ocrx_word' id='word_1_17' title='bbox 822 648 903 697; x_wconf 91' lang='lat' dir='ltr'>ille</span> <span class='ocrx_word' id='word_1_18' title='bbox 947 648 1098 708; x_wconf 90' lang='lat' dir='ltr'>Cous,</span> <span class='ocrx_word' id='word_1_19' title='bbox 1146 648 1296 697; x_wconf 86' lang='lat' dir='ltr'>fuisse</span> <span class='ocrx_word' id='word_1_20' title='bbox 1339 657 1446 697; x_wconf 88' lang='lat' dir='ltr'>tum</span> <span class='ocrx_word' id='word_1_21' title='bbox 1495 649 1613 697; x_wconf 86' lang='lat' dir='ltr'>alios</span> 
     </span>
     <span class='ocr_line' id='line_1_5' title="bbox 277 728 1617 793; baseline -0.001 -15"><span class='ocrx_word' id='word_1_22' title='bbox 277 729 495 778; x_wconf 88' lang='lat' dir='ltr'>medicos</span> <span class='ocrx_word' id='word_1_23' title='bbox 532 729 617 792; x_wconf 92' lang='lat' dir='ltr'>qui</span> <span class='ocrx_word' id='word_1_24' title='bbox 653 729 853 788; x_wconf 85' lang='lat' dir='ltr'>morbis,</span> <span class='ocrx_word' id='word_1_25' title='bbox 893 728 1012 776; x_wconf 89' lang='lat' dir='ltr'>alios</span> <span class='ocrx_word' id='word_1_26' title='bbox 1049 729 1133 793; x_wconf 92' lang='lat' dir='ltr'>qui</span> <span class='ocrx_word' id='word_1_27' title='bbox 1157 728 1458 785; x_wconf 85' lang='lat' dir='ltr'>vulneribus,</span> <span class='ocrx_word' id='word_1_28' title='bbox 1498 728 1617 776; x_wconf 89' lang='lat' dir='ltr'>alios</span> 
     </span>
     <span class='ocr_line' id='line_1_6' title="bbox 277 806 1618 872; baseline 0 -17"><span class='ocrx_word' id='word_1_29' title='bbox 277 808 360 872; x_wconf 90' lang='lat' dir='ltr'>qui</span> <span class='ocrx_word' id='word_1_30' title='bbox 399 806 555 855; x_wconf 88' lang='lat' dir='ltr'>oculis</span> <span class='ocrx_word' id='word_1_31' title='bbox 597 807 955 856; x_wconf 87' lang='lat' dir='ltr'>mederentur?</span> <span class='ocrx_word' id='word_1_32' title='bbox 993 824 1112 855; x_wconf 90' lang='lat' dir='ltr'>num</span> <span class='ocrx_word' id='word_1_33' title='bbox 1150 808 1476 872; x_wconf 83' lang='lat' dir='ltr'>geometriam</span> <span class='ocrx_word' id='word_1_34' title='bbox 1519 807 1618 855; x_wconf 87' lang='lat' dir='ltr'>Eu-</span> 
     </span>
     <span class='ocr_line' id='line_1_7' title="bbox 275 885 1617 942; baseline -0.001 -8"><span class='ocrx_word' id='word_1_35' title='bbox 275 885 405 934; x_wconf 90' lang='lat' dir='ltr'>clide</span> <span class='ocrx_word' id='word_1_36' title='bbox 447 893 532 934; x_wconf 86' lang='lat' dir='ltr'>aut</span> <span class='ocrx_word' id='word_1_37' title='bbox 577 885 899 942; x_wconf 86' lang='lat' dir='ltr'>Archimede,</span> <span class='ocrx_word' id='word_1_38' title='bbox 945 902 1065 933; x_wconf 90' lang='lat' dir='ltr'>num</span> <span class='ocrx_word' id='word_1_39' title='bbox 1105 886 1343 933; x_wconf 84' lang='lat' dir='ltr'>musicam</span> <span class='ocrx_word' id='word_1_40' title='bbox 1387 886 1617 933; x_wconf 87' lang='lat' dir='ltr'>Damone</span> 
     </span>
     <span class='ocr_line' id='line_1_8' title="bbox 275 965 1618 1030; baseline 0 -18"><span class='ocrx_word' id='word_1_41' title='bbox 275 972 360 1012; x_wconf 88' lang='lat' dir='ltr'>aut</span> <span class='ocrx_word' id='word_1_42' title='bbox 400 965 720 1022; x_wconf 86' lang='lat' dir='ltr'>Aristoxeno,</span> <span class='ocrx_word' id='word_1_43' title='bbox 756 981 876 1012; x_wconf 89' lang='lat' dir='ltr'>num</span> <span class='ocrx_word' id='word_1_44' title='bbox 915 965 1042 1030; x_wconf 85' lang='lat' dir='ltr'>ipsas</span> <span class='ocrx_word' id='word_1_45' title='bbox 1080 965 1246 1013; x_wconf 88' lang='lat' dir='ltr'>literas</span> <span class='ocrx_word' id='word_1_46' title='bbox 1282 965 1618 1029; x_wconf 87' lang='lat' dir='ltr'>Aristophane</span> 
     </span>
     <span class='ocr_line' id='line_1_9' title="bbox 275 1043 1619 1107; baseline 0.001 -17"><span class='ocrx_word' id='word_1_47' title='bbox 275 1051 362 1091; x_wconf 88' lang='lat' dir='ltr'>aut</span> <span class='ocrx_word' id='word_1_48' title='bbox 387 1043 693 1092; x_wconf 88' lang='lat' dir='ltr'>Callimacho</span> <span class='ocrx_word' id='word_1_49' title='bbox 718 1052 985 1101; x_wconf 84' lang='lat' dir='ltr'>tractante,</span> <span class='ocrx_word' id='word_1_50' title='bbox 1023 1053 1125 1091; x_wconf 86' lang='lat' dir='ltr'>tam</span> <span class='ocrx_word' id='word_1_51' title='bbox 1153 1044 1424 1107; x_wconf 87' lang='lat' dir='ltr'>discerptas</span> <span class='ocrx_word' id='word_1_52' title='bbox 1449 1043 1619 1103; x_wconf 89' lang='lat' dir='ltr'>fuisse,</span> 
     </span>
     <span class='ocr_line' id='line_1_10' title="bbox 275 1122 1618 1188; baseline 0.001 -17"><span class='ocrx_word' id='word_1_53' title='bbox 275 1131 333 1171; x_wconf 91' lang='lat' dir='ltr'>ut</span> <span class='ocrx_word' id='word_1_54' title='bbox 356 1139 503 1172; x_wconf 89' lang='lat' dir='ltr'>nemo</span> <span class='ocrx_word' id='word_1_55' title='bbox 528 1141 686 1188; x_wconf 90' lang='lat' dir='ltr'>genus</span> <span class='ocrx_word' id='word_1_56' title='bbox 706 1124 989 1171; x_wconf 86' lang='lat' dir='ltr'>universum</span> <span class='ocrx_word' id='word_1_57' title='bbox 1013 1122 1444 1186; x_wconf 83' lang='lat' dir='ltr'>complecteretur,</span> <span class='ocrx_word' id='word_1_58' title='bbox 1468 1131 1618 1188; x_wconf 87' lang='lat' dir='ltr'>atque</span> 
     </span>
     <span class='ocr_line' id='line_1_11' title="bbox 277 1202 1618 1268; baseline 0.001 -17"><span class='ocrx_word' id='word_1_59' title='bbox 277 1211 335 1252; x_wconf 88' lang='lat' dir='ltr'>ut</span> <span class='ocrx_word' id='word_1_60' title='bbox 359 1203 480 1251; x_wconf 85' lang='lat' dir='ltr'>alius</span> <span class='ocrx_word' id='word_1_61' title='bbox 506 1203 648 1252; x_wconf 89' lang='lat' dir='ltr'>aliam</span> <span class='ocrx_word' id='word_1_62' title='bbox 676 1203 766 1251; x_wconf 90' lang='lat' dir='ltr'>sibi</span> <span class='ocrx_word' id='word_1_63' title='bbox 791 1211 1002 1268; x_wconf 85' lang='lat' dir='ltr'>partem,</span> <span class='ocrx_word' id='word_1_64' title='bbox 1028 1203 1078 1248; x_wconf 90' lang='lat' dir='ltr'>in</span> <span class='ocrx_word' id='word_1_65' title='bbox 1105 1219 1201 1266; x_wconf 84' lang='lat' dir='ltr'>qua</span> <span class='ocrx_word' id='word_1_66' title='bbox 1226 1202 1519 1263; x_wconf 83' lang='lat' dir='ltr'>elaboraret,</span> <span class='ocrx_word' id='word_1_67' title='bbox 1545 1221 1618 1252; x_wconf 89' lang='lat' dir='ltr'>se-</span> 
     </span>
     <span class='ocr_line' id='line_1_12' title="bbox 277 1282 1765 1348; baseline 0 -17"><span class='ocrx_word' id='word_1_68' title='bbox 277 1284 522 1348; x_wconf 83' lang='lat' dir='ltr'>poneret?</span> <span class='ocrx_word' id='word_1_69' title='bbox 560 1283 806 1348; x_wconf 86' lang='lat' dir='ltr'>Equidem</span> <span class='ocrx_word' id='word_1_70' title='bbox 833 1299 978 1347; x_wconf 88' lang='lat' dir='ltr'>saepe</span> <span class='ocrx_word' id='word_1_71' title='bbox 1017 1282 1112 1330; x_wconf 90' lang='lat' dir='ltr'>hoc</span> <span class='ocrx_word' id='word_1_72' title='bbox 1150 1282 1316 1330; x_wconf 86' lang='lat' dir='ltr'>audivi</span> <span class='ocrx_word' id='word_1_73' title='bbox 1363 1284 1424 1331; x_wconf 92' lang='lat' dir='ltr'>de</span> <span class='ocrx_word' id='word_1_74' title='bbox 1460 1292 1619 1348; x_wconf 86' lang='lat' dir='ltr'>patre,</span> <span class='ocrx_word' id='word_1_75' title='bbox 1658 1298 1765 1337; x_wconf 80' lang='lat'>133.</span> 
     </span>
     <span class='ocr_line' id='line_1_13' title="bbox 280 1362 1621 1427; baseline 0.001 -17"><span class='ocrx_word' id='word_1_76' title='bbox 280 1370 332 1410; x_wconf 85' lang='lat' dir='ltr'>et</span> <span class='ocrx_word' id='word_1_77' title='bbox 358 1363 419 1410; x_wconf 93' lang='lat' dir='ltr'>de</span> <span class='ocrx_word' id='word_1_78' title='bbox 445 1380 616 1412; x_wconf 90' lang='lat' dir='ltr'>socero</span> <span class='ocrx_word' id='word_1_79' title='bbox 642 1380 772 1422; x_wconf 90' lang='lat' dir='ltr'>meo,</span> <span class='ocrx_word' id='word_1_80' title='bbox 808 1371 1000 1410; x_wconf 88' lang='lat' dir='ltr'>nostros</span> <span class='ocrx_word' id='word_1_81' title='bbox 1037 1379 1232 1427; x_wconf 91' lang='lat' dir='ltr'>quoque</span> <span class='ocrx_word' id='word_1_82' title='bbox 1258 1362 1497 1420; x_wconf 87' lang='lat' dir='ltr'>homines,</span> <span class='ocrx_word' id='word_1_83' title='bbox 1538 1364 1621 1427; x_wconf 91' lang='lat' dir='ltr'>qui</span> 
     </span>
     <span class='ocr_line' id='line_1_14' title="bbox 282 1441 1621 1508; baseline 0.001 -18"><span class='ocrx_word' id='word_1_84' title='bbox 282 1442 528 1491; x_wconf 90' lang='lat' dir='ltr'>excellere</span> <span class='ocrx_word' id='word_1_85' title='bbox 555 1444 824 1508; x_wconf 88' lang='lat' dir='ltr'>sapientiae</span> <span class='ocrx_word' id='word_1_86' title='bbox 848 1442 1006 1507; x_wconf 85' lang='lat' dir='ltr'>gloria</span> <span class='ocrx_word' id='word_1_87' title='bbox 1034 1441 1235 1498; x_wconf 85' lang='lat' dir='ltr'>vellent,</span> <span class='ocrx_word' id='word_1_88' title='bbox 1275 1442 1458 1501; x_wconf 88' lang='lat' dir='ltr'>omnia,</span> <span class='ocrx_word' id='word_1_89' title='bbox 1496 1459 1621 1506; x_wconf 92' lang='lat' dir='ltr'>quae</span> 
     </span>
     <span class='ocr_line' id='line_1_15' title="bbox 280 1522 1622 1586; baseline 0.003 -17"><span class='ocrx_word' id='word_1_90' title='bbox 280 1522 481 1586; x_wconf 90' lang='lat' dir='ltr'>quidem</span> <span class='ocrx_word' id='word_1_91' title='bbox 529 1531 635 1570; x_wconf 93' lang='lat' dir='ltr'>tum</span> <span class='ocrx_word' id='word_1_92' title='bbox 677 1523 801 1571; x_wconf 90' lang='lat' dir='ltr'>haec</span> <span class='ocrx_word' id='word_1_93' title='bbox 844 1522 1018 1570; x_wconf 85' lang='lat' dir='ltr'>civitas</span> <span class='ocrx_word' id='word_1_94' title='bbox 1067 1531 1253 1582; x_wconf 85' lang='lat' dir='ltr'>nosset,</span> <span class='ocrx_word' id='word_1_95' title='bbox 1307 1522 1474 1571; x_wconf 89' lang='lat' dir='ltr'>solitos</span> <span class='ocrx_word' id='word_1_96' title='bbox 1517 1541 1622 1573; x_wconf 88' lang='lat' dir='ltr'>esse</span> 
     </span>
     <span class='ocr_line' id='line_1_16' title="bbox 280 1600 1621 1667; baseline 0.001 -17"><span class='ocrx_word' id='word_1_97' title='bbox 280 1601 563 1667; x_wconf 86' lang='lat' dir='ltr'>complecti.</span> <span class='ocrx_word' id='word_1_98' title='bbox 638 1602 977 1651; x_wconf 90' lang='lat' dir='ltr'>Meminerant</span> <span class='ocrx_word' id='word_1_99' title='bbox 1007 1600 1077 1648; x_wconf 88' lang='lat' dir='ltr'>illi</span> <span class='ocrx_word' id='word_1_100' title='bbox 1105 1602 1217 1649; x_wconf 86' lang='lat' dir='ltr'>Sex.</span> <span class='ocrx_word' id='word_1_101' title='bbox 1247 1601 1484 1650; x_wconf 90' lang='lat' dir='ltr'>Aelium:</span> <span class='ocrx_word' id='word_1_102' title='bbox 1525 1603 1621 1652; x_wconf 90' lang='grc' dir='ltr'>Μ’.</span> 
     </span>
     <span class='ocr_line' id='line_1_17' title="bbox 278 1681 1624 1732; baseline 0.002 -3"><span class='ocrx_word' id='word_1_103' title='bbox 278 1697 397 1730; x_wconf 88' lang='lat' dir='ltr'>vero</span> <span class='ocrx_word' id='word_1_104' title='bbox 438 1681 702 1730; x_wconf 88' lang='lat' dir='ltr'>Manilium</span> <span class='ocrx_word' id='word_1_105' title='bbox 751 1698 839 1730; x_wconf 89' lang='lat' dir='ltr'>nos</span> <span class='ocrx_word' id='word_1_106' title='bbox 888 1682 1037 1729; x_wconf 90' lang='lat' dir='ltr'>etiam</span> <span class='ocrx_word' id='word_1_107' title='bbox 1084 1682 1298 1730; x_wconf 81' lang='lat' dir='ltr'>vidimus</span> <span class='ocrx_word' id='word_1_108' title='bbox 1344 1690 1624 1732; x_wconf 87' lang='lat' dir='ltr'>transverso</span> 
     </span>
     <span class='ocr_line' id='line_1_18' title="bbox 278 1760 1625 1828; baseline 0.001 -19"><span class='ocrx_word' id='word_1_109' title='bbox 278 1760 617 1811; x_wconf 85' lang='lat' dir='ltr'>ambulantem</span> <span class='ocrx_word' id='word_1_110' title='bbox 641 1761 781 1822; x_wconf 87' lang='lat' dir='ltr'>foro;</span> <span class='ocrx_word' id='word_1_111' title='bbox 821 1762 956 1827; x_wconf 87' lang='lat' dir='ltr'>quod</span> <span class='ocrx_word' id='word_1_112' title='bbox 993 1769 1097 1809; x_wconf 89' lang='lat' dir='ltr'>erat</span> <span class='ocrx_word' id='word_1_113' title='bbox 1131 1762 1344 1826; x_wconf 82' lang='lat' dir='ltr'>insigne,</span> <span class='ocrx_word' id='word_1_114' title='bbox 1382 1779 1514 1822; x_wconf 90' lang='lat' dir='ltr'>eum,</span> <span class='ocrx_word' id='word_1_115' title='bbox 1540 1763 1625 1828; x_wconf 90' lang='lat' dir='ltr'>qui</span> 
     </span>
     <span class='ocr_line' id='line_1_19' title="bbox 278 1839 1625 1901; baseline 0.001 -14"><span class='ocrx_word' id='word_1_116' title='bbox 278 1839 333 1888; x_wconf 91' lang='lat' dir='ltr'>id</span> <span class='ocrx_word' id='word_1_117' title='bbox 372 1840 580 1901; x_wconf 87' lang='lat' dir='ltr'>faceret,</span> <span class='ocrx_word' id='word_1_118' title='bbox 621 1841 787 1890; x_wconf 85' lang='lat' dir='ltr'>facere</span> <span class='ocrx_word' id='word_1_119' title='bbox 828 1842 1019 1889; x_wconf 79' lang='lat' dir='ltr'>civibus</span> <span class='ocrx_word' id='word_1_120' title='bbox 1056 1841 1284 1890; x_wconf 90' lang='lat' dir='ltr'>omnibus</span> <span class='ocrx_word' id='word_1_121' title='bbox 1323 1841 1514 1890; x_wconf 90' lang='lat' dir='ltr'>consilii</span> <span class='ocrx_word' id='word_1_122' title='bbox 1550 1842 1625 1890; x_wconf 90' lang='lat' dir='ltr'>sui</span> 
     </span>
     <span class='ocr_line' id='line_1_20' title="bbox 281 1920 1625 1986; baseline 0.001 -18"><span class='ocrx_word' id='word_1_123' title='bbox 281 1920 509 1985; x_wconf 90' lang='lat' dir='ltr'>copiam:</span> <span class='ocrx_word' id='word_1_124' title='bbox 549 1921 612 1969; x_wconf 94' lang='lat' dir='ltr'>ad</span> <span class='ocrx_word' id='word_1_125' title='bbox 636 1938 758 1986; x_wconf 89' lang='lat' dir='ltr'>quos</span> <span class='ocrx_word' id='word_1_126' title='bbox 783 1920 900 1970; x_wconf 89' lang='lat' dir='ltr'>olim</span> <span class='ocrx_word' id='word_1_127' title='bbox 940 1928 990 1968; x_wconf 91' lang='lat' dir='ltr'>et</span> <span class='ocrx_word' id='word_1_128' title='bbox 1026 1921 1096 1968; x_wconf 86' lang='lat' dir='ltr'>ita</span> <span class='ocrx_word' id='word_1_129' title='bbox 1120 1921 1446 1979; x_wconf 88' lang='lat' dir='ltr'>ambulantes,</span> <span class='ocrx_word' id='word_1_130' title='bbox 1487 1930 1537 1970; x_wconf 92' lang='lat' dir='ltr'>et</span> <span class='ocrx_word' id='word_1_131' title='bbox 1572 1922 1625 1969; x_wconf 91' lang='lat' dir='ltr'>in</span> 
     </span>
     <span class='ocr_line' id='line_1_21' title="bbox 282 1999 1628 2059; baseline 0.001 -13"><span class='ocrx_word' id='word_1_132' title='bbox 282 1999 403 2048; x_wconf 89' lang='lat' dir='ltr'>solio</span> <span class='ocrx_word' id='word_1_133' title='bbox 429 2000 658 2049; x_wconf 89' lang='lat' dir='ltr'>sedentes</span> <span class='ocrx_word' id='word_1_134' title='bbox 684 2001 836 2059; x_wconf 91' lang='lat' dir='ltr'>domi,</span> <span class='ocrx_word' id='word_1_135' title='bbox 862 2001 932 2048; x_wconf 90' lang='lat' dir='ltr'>sic</span> <span class='ocrx_word' id='word_1_136' title='bbox 958 2001 1204 2058; x_wconf 84' lang='lat' dir='ltr'>adibatur,</span> <span class='ocrx_word' id='word_1_137' title='bbox 1246 2016 1347 2048; x_wconf 93' lang='lat' dir='ltr'>non</span> <span class='ocrx_word' id='word_1_138' title='bbox 1385 2000 1543 2048; x_wconf 90' lang='lat' dir='ltr'>solum</span> <span class='ocrx_word' id='word_1_139' title='bbox 1570 2008 1628 2048; x_wconf 89' lang='lat' dir='ltr'>ut</span> 
     </span>
     <span class='ocr_line' id='line_1_22' title="bbox 283 2078 1628 2144; baseline 0 -17"><span class='ocrx_word' id='word_1_140' title='bbox 283 2079 346 2127; x_wconf 92' lang='lat' dir='ltr'>de</span> <span class='ocrx_word' id='word_1_141' title='bbox 362 2078 477 2144; x_wconf 86' lang='lat' dir='ltr'>jure</span> <span class='ocrx_word' id='word_1_142' title='bbox 503 2079 635 2127; x_wconf 82' lang='lat' dir='ltr'>civili</span> <span class='ocrx_word' id='word_1_143' title='bbox 661 2079 724 2127; x_wconf 86' lang='lat' dir='ltr'>ad</span> <span class='ocrx_word' id='word_1_144' title='bbox 749 2096 851 2138; x_wconf 90' lang='lat' dir='ltr'>eos,</span> <span class='ocrx_word' id='word_1_145' title='bbox 887 2095 1059 2126; x_wconf 85' lang='lat' dir='ltr'>verum</span> <span class='ocrx_word' id='word_1_146' title='bbox 1091 2079 1240 2126; x_wconf 86' lang='lat' dir='ltr'>etiam</span> <span class='ocrx_word' id='word_1_147' title='bbox 1267 2079 1328 2126; x_wconf 92' lang='lat' dir='ltr'>de</span> <span class='ocrx_word' id='word_1_148' title='bbox 1354 2079 1454 2126; x_wconf 84' lang='lat' dir='ltr'>filia</span> <span class='ocrx_word' id='word_1_149' title='bbox 1479 2079 1628 2128; x_wconf 89' lang='lat' dir='ltr'>collo-</span> 
     </span>
     <span class='ocr_line' id='line_1_23' title="bbox 249 2156 1626 2221; baseline 0.001 -15"><span class='ocrx_word' id='word_1_150' title='bbox 249 2195 252 2197; x_wconf 69' lang='grc'><em>.</em></span> <span class='ocrx_word' id='word_1_151' title='bbox 284 2158 462 2217; x_wconf 86' lang='lat' dir='ltr'>canda,</span> <span class='ocrx_word' id='word_1_152' title='bbox 500 2158 562 2206; x_wconf 90' lang='lat' dir='ltr'>de</span> <span class='ocrx_word' id='word_1_153' title='bbox 598 2157 757 2205; x_wconf 88' lang='lat' dir='ltr'>fundo</span> <span class='ocrx_word' id='word_1_154' title='bbox 783 2158 1010 2214; x_wconf 89' lang='lat' dir='ltr'>emendo,</span> <span class='ocrx_word' id='word_1_155' title='bbox 1052 2158 1113 2205; x_wconf 92' lang='lat' dir='ltr'>de</span> <span class='ocrx_word' id='word_1_156' title='bbox 1150 2174 1268 2221; x_wconf 88' lang='lat' dir='ltr'>agro</span> <span class='ocrx_word' id='word_1_157' title='bbox 1297 2156 1524 2214; x_wconf 90' lang='lat' dir='ltr'>colendo,</span> <span class='ocrx_word' id='word_1_158' title='bbox 1564 2159 1626 2207; x_wconf 92' lang='lat' dir='ltr'>de</span> 
     </span>
     <span class='ocr_line' id='line_1_24' title="bbox 283 2235 1624 2302; baseline 0 -17"><span class='ocrx_word' id='word_1_159' title='bbox 283 2237 419 2285; x_wconf 89' lang='lat' dir='ltr'>omni</span> <span class='ocrx_word' id='word_1_160' title='bbox 446 2237 660 2302; x_wconf 91' lang='lat' dir='ltr'>denique</span> <span class='ocrx_word' id='word_1_161' title='bbox 685 2244 772 2284; x_wconf 91' lang='lat' dir='ltr'>aut</span> <span class='ocrx_word' id='word_1_162' title='bbox 796 2235 977 2295; x_wconf 88' lang='lat' dir='ltr'>officio,</span> <span class='ocrx_word' id='word_1_163' title='bbox 999 2245 1085 2284; x_wconf 84' lang='lat' dir='ltr'>aut</span> <span class='ocrx_word' id='word_1_164' title='bbox 1103 2236 1326 2300; x_wconf 86' lang='lat' dir='ltr'>negotio,</span> <span class='ocrx_word' id='word_1_165' title='bbox 1342 2235 1624 2285; x_wconf 89' lang='lat' dir='ltr'>referretur.</span> 
     </span>
     <span class='ocr_line' id='line_1_25' title="bbox 285 2315 1772 2375; baseline 0 -9"><span class='ocrx_word' id='word_1_166' title='bbox 285 2317 430 2366; x_wconf 87' lang='lat' dir='ltr'>Haec</span> <span class='ocrx_word' id='word_1_167' title='bbox 470 2316 567 2365; x_wconf 89' lang='lat' dir='ltr'>fuit</span> <span class='ocrx_word' id='word_1_168' title='bbox 604 2316 658 2364; x_wconf 88' lang='lat' dir='ltr'>P.</span> <span class='ocrx_word' id='word_1_169' title='bbox 686 2315 848 2365; x_wconf 89' lang='lat' dir='ltr'>Crassi</span> <span class='ocrx_word' id='word_1_170' title='bbox 883 2315 1013 2364; x_wconf 88' lang='lat' dir='ltr'>illius</span> <span class='ocrx_word' id='word_1_171' title='bbox 1037 2316 1237 2375; x_wconf 83' lang='lat' dir='ltr'>veteris,</span> <span class='ocrx_word' id='word_1_172' title='bbox 1272 2316 1396 2364; x_wconf 86' lang='lat' dir='ltr'>haec</span> <span class='ocrx_word' id='word_1_173' title='bbox 1423 2317 1504 2364; x_wconf 91' lang='lat' dir='ltr'>Ti.</span> <span class='ocrx_word' id='word_1_174' title='bbox 1532 2317 1624 2366; x_wconf 91' lang='lat' dir='ltr'>Co·</span> <span class='ocrx_word' id='word_1_175' title='bbox 1663 2332 1772 2371; x_wconf 77' lang='lat'>134.</span> 
     </span>
     <span class='ocr_line' id='line_1_26' title="bbox 282 2396 1626 2462; baseline 0 -16"><span class='ocrx_word' id='word_1_176' title='bbox 282 2397 530 2456; x_wconf 87' lang='lat' dir='ltr'>runcanii,</span> <span class='ocrx_word' id='word_1_177' title='bbox 554 2397 678 2445; x_wconf 89' lang='lat' dir='ltr'>haec</span> <span class='ocrx_word' id='word_1_178' title='bbox 702 2396 873 2462; x_wconf 89' lang='lat' dir='ltr'>proavi</span> <span class='ocrx_word' id='word_1_179' title='bbox 892 2397 1064 2461; x_wconf 83' lang='lat' dir='ltr'>generi</span> <span class='ocrx_word' id='word_1_180' title='bbox 1089 2397 1206 2456; x_wconf 89' lang='lat' dir='ltr'>mei,</span> <span class='ocrx_word' id='word_1_181' title='bbox 1227 2396 1489 2461; x_wconf 88' lang='lat' dir='ltr'>Scipionis,</span> <span class='ocrx_word' id='word_1_182' title='bbox 1513 2415 1626 2462; x_wconf 91' lang='lat' dir='ltr'>pru-</span> 
     </span>
     <span class='ocr_line' id='line_1_27' title="bbox 287 2477 1628 2541; baseline -0.001 -16"><span class='ocrx_word' id='word_1_183' title='bbox 287 2477 562 2526; x_wconf 89' lang='lat' dir='ltr'>dentissimi</span> <span class='ocrx_word' id='word_1_184' title='bbox 602 2477 834 2536; x_wconf 91' lang='lat' dir='ltr'>hominis,</span> <span class='ocrx_word' id='word_1_185' title='bbox 874 2477 1133 2541; x_wconf 83' lang='lat' dir='ltr'>sapientia,</span> <span class='ocrx_word' id='word_1_186' title='bbox 1160 2477 1242 2540; x_wconf 89' lang='lat' dir='ltr'>qui</span> <span class='ocrx_word' id='word_1_187' title='bbox 1269 2493 1441 2525; x_wconf 90' lang='lat' dir='ltr'>omnes</span> <span class='ocrx_word' id='word_1_188' title='bbox 1465 2478 1628 2541; x_wconf 92' lang='lat' dir='ltr'>ponti-</span> 
     </span>
     <span class='ocr_line' id='line_1_28' title="bbox 287 2543 1628 2615; baseline -0.001 -11"><span class='ocrx_word' id='word_1_189' title='bbox 287 2556 404 2605; x_wconf 89' lang='lat' dir='ltr'>fices</span> <span class='ocrx_word' id='word_1_190' title='bbox 428 2557 632 2605; x_wconf 85' lang='lat' dir='ltr'>maximi</span> <span class='ocrx_word' id='word_1_191' title='bbox 655 2556 879 2615; x_wconf 88' lang='lat' dir='ltr'>fuerunt,</span> <span class='ocrx_word' id='word_1_192' title='bbox 917 2543 975 2604; x_wconf 83' lang='lat' dir='ltr'>ut</span> <span class='ocrx_word' id='word_1_193' title='bbox 1013 2556 1076 2604; x_wconf 89' lang='lat' dir='ltr'>ad</span> <span class='ocrx_word' id='word_1_194' title='bbox 1106 2573 1190 2604; x_wconf 90' lang='lat' dir='ltr'>eos</span> <span class='ocrx_word' id='word_1_195' title='bbox 1216 2556 1277 2603; x_wconf 92' lang='lat' dir='ltr'>de</span> <span class='ocrx_word' id='word_1_196' title='bbox 1304 2556 1531 2604; x_wconf 86' lang='lat' dir='ltr'>omnibus</span> <span class='ocrx_word' id='word_1_197' title='bbox 1558 2556 1628 2604; x_wconf 91' lang='lat' dir='ltr'>di-</span> 
     </span>
     <span class='ocr_line' id='line_1_29' title="bbox 287 2634 1629 2700; baseline 0.001 -16"><span class='ocrx_word' id='word_1_198' title='bbox 287 2636 414 2684; x_wconf 88' lang='lat' dir='ltr'>vinis</span> <span class='ocrx_word' id='word_1_199' title='bbox 439 2644 587 2700; x_wconf 91' lang='lat' dir='ltr'>atque</span> <span class='ocrx_word' id='word_1_200' title='bbox 613 2635 840 2683; x_wconf 87' lang='lat' dir='ltr'>humanis</span> <span class='ocrx_word' id='word_1_201' title='bbox 871 2637 1016 2683; x_wconf 90' lang='lat' dir='ltr'>rebus</span> <span class='ocrx_word' id='word_1_202' title='bbox 1041 2634 1338 2683; x_wconf 89' lang='lat' dir='ltr'>referretur:</span> <span class='ocrx_word' id='word_1_203' title='bbox 1378 2634 1629 2699; x_wconf 88' lang='lat' dir='ltr'>iidemque</span> 
     </span>
     <span class='ocr_line' id='line_1_30' title="bbox 290 2713 1630 2778; baseline -0.001 -15"><span class='ocrx_word' id='word_1_204' title='bbox 290 2722 343 2764; x_wconf 88' lang='lat' dir='ltr'>et</span> <span class='ocrx_word' id='word_1_205' title='bbox 365 2715 417 2762; x_wconf 91' lang='lat' dir='ltr'>in</span> <span class='ocrx_word' id='word_1_206' title='bbox 442 2723 634 2773; x_wconf 90' lang='lat' dir='ltr'>senatu,</span> <span class='ocrx_word' id='word_1_207' title='bbox 661 2722 712 2762; x_wconf 92' lang='lat' dir='ltr'>et</span> <span class='ocrx_word' id='word_1_208' title='bbox 736 2714 869 2778; x_wconf 90' lang='lat' dir='ltr'>apud</span> <span class='ocrx_word' id='word_1_209' title='bbox 892 2713 1151 2778; x_wconf 90' lang='lat' dir='ltr'>populum,</span> <span class='ocrx_word' id='word_1_210' title='bbox 1177 2722 1228 2761; x_wconf 93' lang='lat' dir='ltr'>et</span> <span class='ocrx_word' id='word_1_211' title='bbox 1252 2714 1303 2760; x_wconf 92' lang='lat' dir='ltr'>in</span> <span class='ocrx_word' id='word_1_212' title='bbox 1329 2714 1487 2761; x_wconf 86' lang='lat' dir='ltr'>causis</span> <span class='ocrx_word' id='word_1_213' title='bbox 1511 2715 1630 2762; x_wconf 90' lang='lat' dir='ltr'>ami-</span> 
     </span>
     <span class='ocr_line' id='line_1_31' title="bbox 291 2791 1628 2853; baseline -0.001 -9"><span class='ocrx_word' id='word_1_214' title='bbox 291 2810 481 2853; x_wconf 88' lang='lat' dir='ltr'>corum,</span> <span class='ocrx_word' id='word_1_215' title='bbox 521 2801 571 2842; x_wconf 86' lang='lat' dir='ltr'>et</span> <span class='ocrx_word' id='word_1_216' title='bbox 596 2792 748 2851; x_wconf 89' lang='lat' dir='ltr'>domi,</span> <span class='ocrx_word' id='word_1_217' title='bbox 789 2800 839 2840; x_wconf 87' lang='lat' dir='ltr'>et</span> <span class='ocrx_word' id='word_1_218' title='bbox 874 2791 1098 2850; x_wconf 87' lang='lat' dir='ltr'>militiae,</span> <span class='ocrx_word' id='word_1_219' title='bbox 1124 2792 1385 2840; x_wconf 89' lang='lat' dir='ltr'>consilium</span> <span class='ocrx_word' id='word_1_220' title='bbox 1411 2810 1554 2842; x_wconf 92' lang='lat' dir='ltr'>suum</span> <span class='ocrx_word' id='word_1_221' title='bbox 1577 2793 1628 2842; x_wconf 88' lang='lat' dir='ltr'>fi-</span> 
     </span>
     <span class='ocr_line' id='line_1_32' title="bbox 292 2871 1774 2938; baseline -0.001 -16"><span class='ocrx_word' id='word_1_222' title='bbox 292 2873 504 2937; x_wconf 87' lang='lat' dir='ltr'>demque</span> <span class='ocrx_word' id='word_1_223' title='bbox 541 2873 874 2938; x_wconf 84' lang='lat' dir='ltr'>praestabant.</span> <span class='ocrx_word' id='word_1_224' title='bbox 960 2871 1098 2928; x_wconf 82' lang='lat' dir='ltr'>Quid</span> <span class='ocrx_word' id='word_1_225' title='bbox 1139 2872 1272 2921; x_wconf 91' lang='lat' dir='ltr'>enim</span> <span class='ocrx_word' id='word_1_226' title='bbox 1312 2871 1387 2921; x_wconf 87' lang='lat' dir='ltr'>M.</span> <span class='ocrx_word' id='word_1_227' title='bbox 1430 2873 1629 2935; x_wconf 87' lang='lat' dir='ltr'>Catoni,</span> <span class='ocrx_word' id='word_1_228' title='bbox 1665 2883 1774 2924; x_wconf 75' lang='lat'>135.</span> 
     </span>
    </p>
   </div>
  </div>
 </body>
</html>
