2071 3508
469 417 549 455 5‘24
875 414 1309 455 ANNOTATIONES
1338 415 1396 454 IN

471 521 532 567 rit,
564 521 651 571 cuja
677 520 725 558 sit
744 531 789 558 ea
807 521 918 571 pars?
949 519 978 558 si
999 521 1152 559 arbores
1172 529 1260 558 tuae
1284 519 1323 557 in
1344 519 1457 558 vicini
1486 517 1683 569 praedium
1715 517 1781 556 de,

472 588 570 625 latae
590 586 719 634 fluvio,
752 587 790 624 in
809 598 855 625 eo
875 586 1030 637 praedio
1060 587 1207 625 radices
1227 586 1391 638 egerint,
1425 586 1592 624 fructum
1613 583 1782 630 tulerint,

469 657 538 692 ἃς.
596 653 717 690 IDEM.

524 720 622 758 lbid.
650 720 715 757 lin.
735 723 797 757 31.
853 721 1065 769 notoriam]
1129 720 1298 765 Nexum,
1332 719 1409 757 sive
1447 730 1581 763 nexus,
1613 724 1672 755 est
1690 715 1785 754 ritus

468 786 661 824 vendendi
692 798 760 836 per
790 797 854 822 aes
884 792 924 823 et
952 785 1098 831 libram,
1132 785 1395 836 praesentibus
1423 784 1591 836 quinque
1611 782 1783 828 testibus,

470 865 546 904 quo
576 851 753 889 venditor
786 851 976 901 obligatur
1009 851 1057 888 nd
1095 850 1324 889 evictionem
1358 850 1636 902 praestandam.
1704 848 1785 886 ER-

473 929 628 955 NESTUS
650 917 688 954 in
713 915 817 953 Clav.
877 916 1080 954 Praeterea
1100 916 1190 954 civis
1219 917 1281 954 ille.
1308 929 1431 954 nexus
1461 916 1674 960 dicebatur,
1706 914 1784 964 qui,

471 997 558 1022 cnm
579 990 677 1020 esset
700 981 807 1025 liber,
836 981 1116 1032 pecuniamque
1137 981 1245 1019 alteri
1266 982 1439 1028 deberet,
1465 982 1517 1019 illi
1537 981 1785 1019 addicebantur

469 1050 508 1087 in
528 1048 764 1090 servitutem.
785 1055 826 1084 ut
847 1047 916 1098 ipsi
936 1061 1005 1098 pro
1025 1047 1202 1098 pecunia,
1232 1061 1344 1097 qnam
1365 1047 1538 1093 deberet,
1568 1060 1640 1084 nee
1659 1053 1788 1097 posset

469 1116 629 1159 solvere,
658 1113 832 1151 servilem
853 1126 1007 1163 operam
1029 1120 1253 1162 praestaret,
1275 1113 1366 1150 dum
1387 1125 1451 1150 aes
1470 1113 1635 1150 alienum
1655 1111 1787 1148 dissol-

470 1190 588 1220 veret.
656 1180 789 1217 Nexus
822 1186 952 1216 autem
986 1178 1197 1223 dicebatur,
1232 1178 1335 1229 quod
1373 1185 1606 1222 necteretur,
1643 1177 1683 1214 id
1716 1183 1787 1222 est,

471 1246 720 1298 compedibus
735 1252 800 1282 aut
814 1257 931 1282 nervo
946 1244 1096 1280 vinctus
1116 1252 1156 1281 et
1177 1244 1326 1281 clausus
1342 1250 1550 1281 teneretur.
1572 1243 1706 1281 Livius
1720 1241 1786 1281 lib.

468 1314 546 1352 viii.
605 1311 796 1349 Addictus
817 1310 931 1347 etiam
951 1310 1172 1355 vocabatur.
1229 1309 1462 1348 Pnnsrmfs.

524 1378 622 1416 lbid.
678 1376 982 1428 mancipiorum]
1044 1375 1298 1426 Mancipium,
1342 1375 1464 1425 inquit
1502 1374 1682 1420 Isidorus,
1729 1382 1788 1413 est
1811 1364 1814 1367 Δ

470 1443 657 1497 quidquid
684 1455 800 1480 manu
831 1443 914 1493 capi
944 1449 1083 1493 potest.
1140 1441 1360 1493 Aliquando
1392 1441 1553 1480 sumitur
1577 1454 1647 1492 pro
1667 1441 1788 1492 quoli-

467 1513 534 1550 bet
555 1523 686 1549 scrvo:
716 1509 778 1547 hic
798 1522 866 1560 pro
887 1509 1013 1559 aliqua
1043 1521 1097 1554 re,
1127 1521 1223 1559 quae
1254 1508 1454 1559 accipitur,
1487 1516 1553 1546 aut
1572 1506 1681 1547 alteri
1700 1520 1788 1558 pos-

468 1577 629 1616 sidenda
647 1576 833 1615 traditur:
863 1575 922 1613 vel
943 1588 1011 1625 pro
1034 1575 1198 1620 actione,
1220 1587 1295 1626 qua
1314 1575 1353 1612 id
1364 1574 1418 1612 fit.
1474 1575 1599 1612 IDEM.

523 1643 621 1681 lbid.
670 1642 874 1694 parietum,
894 1640 1110 1691 luminum]
1173 1642 1235 1679 De
1268 1641 1414 1692 pariete
1448 1640 1642 1679 communi
1674 1653 1788 1692 saepe
1829 1633 1831 1636 Α

467 1709 603 1748 incidit
623 1706 903 1752 controversia;
937 1706 985 1744 de
1015 1707 1123 1757 tigno
1154 1705 1192 1743 in
1222 1706 1408 1758 parietem
1429 1706 1608 1753 immisso,
1637 1707 1686 1746 tle
1715 1707 1790 1746 alio

469 1776 614 1829 pariete
635 1785 701 1813 aut.
720 1774 917 1823 adjuncto,
944 1780 1010 1810 aut
1030 1785 1143 1824 supra
1158 1784 1402 1810 communem
1422 1773 1689 1819 exaedificato,
1719 1776 1788 1812 &cn

469 1844 569 1880 Item
589 1841 636 1878 de
657 1840 883 1882 luminibus3
910 1853 943 1875 v.
958 1853 999 1887 g.
1028 1838 1059 1874 si
1079 1838 1163 1887 quis
1182 1837 1293 1874 altius
1313 1837 1505 1884 aedificet,
1533 1849 1579 1876 ac
1598 1837 1712 1876 vicini
1732 1838 1789 1876 lu-

469 1908 634 1947 minibus
653 1904 814 1944 officiat:
844 1903 874 1941 si
895 1903 978 1954 quis
997 1909 1245 1954 prospectum
1265 1902 1303 1940 in
1318 1902 1434 1941 aedes
1449 1911 1533 1941 tuas
1548 1904 1701 1953 habeat,
1720 1907 1788 1945 διο.

471 1976 595 2013 IDEM.

528 2041 620 2091 Pag.
650 2044 714 2079 55.
756 2038 820 2076 lin.
856 2041 887 2075 1.
943 2036 1255 2088 stillicidiorum]
1319 2037 1561 2076 Stillicidium
1589 2047 1647 2076 est
1666 2051 1788 2091 aquae

466 2109 620 2161 pluviae
640 2107 766 2158 lapsus
785 2118 806 2142 e
828 2112 945 2142 tecto.
1003 2104 1117 2143 Unde
1138 2111 1298 2155 possunt
1318 2104 1406 2141 oriri
1432 2104 1517 2142 lites
1537 2104 1586 2143 de
1605 2105 1788 2145 servit-ute

470 2174 664 2221 stillicidii,
685 2173 734 2210 de
751 2171 999 2209 immittendis
1019 2179 1059 2209 et
1079 2170 1306 2221 recipiendis
1322 2170 1533 2209 stillicidiis.
1590 2171 1715 2210 IDEM.

536 2241 634 2280 lbid.
676 2240 739 2276 lin.
776 2241 834 2276 10.
890 2251 970 2275 cam
1002 2237 1040 2275 in
1079 2236 1232 2283 circulo,
1262 2238 1354 2285 dc]
1417 2236 1594 2287 Intellige
1624 2237 1664 2278 in
1697 2250 1790 2276 con.

469 2317 588 2347 ventu
607 2306 768 2358 privato,
803 2317 891 2342 cum
921 2303 1094 2354 privatim
1115 2310 1281 2354 aguntur
1308 2315 1381 2347 res,
1415 2302 1651 2353 sponsioneS,
1683 2304 1789 2342 vadi-

468 2373 612 2419 monia,
635 2376 704 2409 &a
736 2369 907 2416 labellats‘,
935 2382 968 2408 v.
989 2383 1018 2407 c.
1049 2368 1238 2414 emtionis,
1268 2367 1509 2414 venditionis,
1536 2369 1786 2421 syngraphas,

469 2444 539 2479 ἃς.
599 2439 834 2476 Enxnsrus.
1733 2481 1739 2494 ἱ

524 2505 621 2543 lbid.
675 2500 1021 2555 stipulatiuncula]
1082 2501 1277 2552 obligatio
1306 2509 1363 2539 est
1393 2515 1507 2552 quam
1535 2501 1670 2552 aliquis
1688 2501 1729 2540 in
1746 2515 1787 2542 se

461 2570 619 2622 decipit,
642 2582 731 2608 cum
759 2568 874 2606 certis
894 2567 1018 2605 verbis
1038 2567 1294 2618 interrogatus
1315 2567 1542 2618 respondet:
1589 2568 1754 2620 Spondes
1767 2569 1789 2607 ἓ

469 2637 653 2691 spondeo:
669 2632 1142 2687 fidejubeo*{³fidejubc0.
1201 2633 1434 2672 PRUSTEUS.

525 2703 623 2741 Ibid.
652 2702 717 2739 lin.
736 2704 800 2741 27.
855 2705 1073 2738 testamento
1107 2698 1281 2737 calmet-es
1295 2697 1447 2750 filius]
1522 2699 1634 2738 Haec
1664 2701 1786 2748 uncis,

471 2778 514 2809 ut
533 2769 672 2822 spuria,
691 2767 849 2814 inclusi;
877 2779 966 2805 nam
985 2765 1230 2805 mediocriter
1248 2766 1429 2806 adsuetus
1451 2764 1630 2806 latinitati
1647 2767 1786 2808 veteris
