2071 3508
540 430 619 468 224
1036 430 1112 469 DE
1141 429 1413 470 ORATORE

536 537 793 585 excidenda
817 538 1014 602 lingua3
1052 556 1145 603 qua
1178 540 1255 587 vel
1284 541 1458 596 evulsa,
1484 541 1657 604 spiritu
1681 542 1782 606 ipso
1807 543 1860 592 li-
1881 589 1887 591 s

537 612 736 665 bidinem
759 625 885 665 tuam
908 617 1099 665 libertas
1119 635 1221 667 mea
1238 620 1479 681 refictabit.

601 695 851 744 Permulta
874 704 980 744 tum
1013 696 1443 746 vehementissima
1467 698 1787 748 contentione
1811 717 1861 748 a-

470 809 503 824 ..
534 772 669 830 nimi,
708 773 914 838 ingenii,
948 773 1142 832 virium,
1184 775 1245 822 ab
1270 791 1329 822 eo
1371 775 1505 823 dicta
1529 793 1632 823 esse
1669 784 1861 825 consta-

532 851 651 910 bat3
679 851 1071 914 sententiamque
1087 842 1209 907 eam,
1237 868 1382 915 quam
1408 861 1606 901 senatus
1628 853 1861 918 frequens

532 937 730 978 secutus
772 937 864 988 est,
905 929 1222 977 ornatissimis
1265 937 1315 977 et
1350 929 1646 994 gravissimis
1680 931 1860 991 verbis,

539 1009 607 1055 Ut
628 1009 808 1070 populo
843 1010 1060 1056 Romano
1096 1008 1356 1068 satiffieret‚
1405 1022 1642 1069 nunquam
1675 1016 1864 1056 senatus

530 1101 680 1148 neque
715 1086 955 1136 consilium
984 1084 1268 1147 reipublicae
1290 1101 1440 1148 neque
1458 1086 1616 1147 fidem
1639 1087 1858 1147 defuisse,

532 1163 592 1211 ab
619 1180 677 1211 eo
703 1163 886 1211 dictam
908 1184 921 1222 3
951 1171 1002 1211 et
1025 1162 1239 1211 eundem
1265 1163 1342 1228 (id
1366 1163 1499 1226 quod
1522 1163 1573 1211 in
1598 1165 1861 1214 auctorita-

489 1272 499 1287 .
531 1241 662 1290 tibus
685 1242 997 1307 praescriptis
1023 1242 1486 1303 exstat)*scribendo
1510 1241 1740 1292 adfuisse.
1794 1243 1858 1291 Il-

528 1320 577 1367 la
617 1328 851 1385 tanquam
896 1337 1084 1386 cycnea
1120 1321 1215 1368 fuit
1253 1320 1407 1368 divini
1444 1321 1655 1369 hominis
1685 1337 1783 1370 vox
1807 1329 1859 1371 et

529 1400 705 1458 oratio,
757 1417 903 1464 quam
942 1400 1077 1464 quasi
1119 1406 1460 1465 expectantes,
1507 1408 1620 1464 post
1659 1399 1763 1465 ejus
1785 1401 1858 1450 in-

528 1478 730 1527 teritum
770 1479 1088 1527 veniebamus
1120 1479 1171 1526 in
1197 1479 1400 1538 curiam,
1435 1486 1493 1527 ut
1514 1479 1779 1544 vestigium
1802 1480 1857 1527 il-

527 1555 616 1604 lud
655 1558 832 1622 ipsum,
884 1558 936 1604 in
978 1575 1075 1621 quo
1115 1557 1196 1605 ille
1237 1566 1539 1621 postremum
1579 1558 1854 1618 institisset,

527 1644 892 1684 contueremur.
996 1636 1224 1699 Namque
1263 1644 1370 1683 tum
1410 1636 1539 1684 latus
1581 1636 1626 1684 ei
1667 1636 1854 1686 dicenti

528 1715 855 1772 condoluisse,
908 1715 1234 1778 sudoremque
1275 1714 1485 1762 multum
1528 1722 1852 1763 consecutum

526 1809 631 1842 esse
656 1794 973 1842 audiebamus
995 1812 1006 1841 z
1036 1811 1096 1842 ex
1122 1789 1219 1857 qno
1240 1811 1352 1842 cum
1373 1794 1718 1853 cohorruisset,
1735 1811 1850 1843 cum

524 1871 654 1921 febri
676 1873 876 1921 domum
900 1873 1064 1933 rediit,
1095 1873 1272 1936 dieque
1298 1873 1506 1936 septimo
1528 1872 1693 1920 lateris
1717 1873 1852 1921 dolo-

481 1987 491 1999 .
524 1968 577 1999 re
602 1960 888 2000 consumtus
913 1960 1001 2000 est.
1086 1951 1133 1999 O
1157 1951 1383 1999 fallacem
1415 1952 1670 1999 hominum
1695 1968 1851 2016 spem,

521 2029 845 2094 fragilemque
868 2030 1136 2088 fortunam,
1169 2038 1219 2078 et
1241 2031 1410 2078 inanes
1435 2038 1623 2078 nostras
1648 2038 1850 2079 conten-

520 2109 680 2157 tiones
701 2110 709 2157 !
754 2126 878 2172 quae
919 2107 971 2155 in
996 2109 1159 2156 medio
1185 2108 1342 2173 spatio
1366 2125 1510 2173 saepe
1534 2108 1848 2173 franguntur,

520 2195 571 2234 et
609 2195 863 2245 corruunt,
915 2195 967 2234 et
1007 2194 1121 2234 ante
1162 2187 1213 2233 in
1254 2187 1359 2250 ipso
1384 2203 1529 2234 cursu
1554 2188 1847 2247 obruuntur,

517 2282 664 2329 quam
682 2272 878 2328 portum
897 2265 1179 2328 conspicere
1198 2272 1482 2328 potuerunt.
1521 2264 1651 2312 Nam
1676 2281 1845 2328 quam-

517 2344 604 2391 diu
646 2344 805 2392 Crassi
845 2343 940 2391 fuit
971 2343 1249 2391 ambitionis
1289 2343 1454 2391 labore
1477 2343 1580 2390 vita
1604 2343 1844 2403 districta,

515 2424 705 2471 tamdiu
744 2423 944 2487 privatis
985 2422 1139 2486 magis
1175 2421 1358 2477 officiis,
1398 2429 1448 2469 et
1484 2421 1671 2485 ingenii
1695 2421 1842 2470 laude

515 2501 699 2561 floruit,
735 2519 881 2566 quam
920 2500 1087 2549 fructu
1129 2500 1477 2565 amplitudinis,
1505 2508 1590 2548 aut
1612 2500 1843 2565 reipubli-

516 2597 604 2629 cae
646 2581 903 2645 dignitate.
998 2580 1098 2637 Qui
1133 2587 1298 2627 autem
1323 2580 1368 2627 ei
1392 2595 1547 2626 annus
1570 2578 1755 2643 primus
1778 2580 1841 2628 ab

515 2661 756 2708 honorum
780 2659 1127 2725 perfunctione
1152 2659 1359 2718 aditum,
1397 2659 1616 2707 omnium
1641 2673 1840 2706 conces-

515 2755 590 2798 su,
626 2739 689 2787 ad
713 2756 952 2787 summam
977 2739 1321 2787 auctoritatem
1345 2738 1508 2794 dabat,
1546 2736 1586 2785 is
1611 2735 1714 2800 ejus
1737 2751 1838 2784 om-

515 2833 630 2866 nem
670 2835 823 2883 spem,
875 2826 1023 2886 atque
1064 2818 1227 2867 omnia
1266 2817 1396 2883 vitae
1437 2815 1640 2866 consilia
1677 2821 1837 2864 morte
