<?xml version="1.0" encoding="UTF-8"?>
<!DOCTYPE html PUBLIC "-//W3C//DTD XHTML 1.0 Transitional//EN"
    "http://www.w3.org/TR/xhtml1/DTD/xhtml1-transitional.dtd">
<html xmlns="http://www.w3.org/1999/xhtml" xml:lang="en" lang="en">
 <head>
  <title>
</title>
<meta http-equiv="Content-Type" content="text/html;charset=utf-8" />
  <meta name='ocr-system' content='tesseract 3.04.00' />
  <meta name='ocr-capabilities' content='ocr_page ocr_carea ocr_par ocr_line ocrx_word'/>
</head>
<body>
  <div class='ocr_page' id='page_1' title='image "./deoratorelibrit00ciceuoft_0408.png"; bbox 0 0 2071 3508; ppageno 0'>
   <div class='ocr_carea' id='block_1_1' title="bbox 302 994 406 1054">
    <p class='ocr_par' dir='ltr' id='par_1_1' title="bbox 302 994 406 1054">
     <span class='ocr_line' id='line_1_1' title="bbox 302 994 406 1054; baseline -0.029 0"><span class='ocrx_word' id='word_1_1' title='bbox 302 994 406 1054; x_wconf 87' lang='grc'>75.</span> 
     </span>
    </p>
   </div>
   <div class='ocr_carea' id='block_1_2' title="bbox 439 419 1252 461">
    <p class='ocr_par' dir='ltr' id='par_1_2' title="bbox 439 419 1252 461">
     <span class='ocr_line' id='line_1_2' title="bbox 439 419 1252 461; baseline -0.004 0"><span class='ocrx_word' id='word_1_2' title='bbox 439 424 521 461; x_wconf 76' lang='lat'>400</span> <span class='ocrx_word' id='word_1_3' title='bbox 943 419 1021 459; x_wconf 89' lang='lat' dir='ltr'>DE</span> <span class='ocrx_word' id='word_1_4' title='bbox 1050 419 1252 460; x_wconf 87' lang='lat' dir='ltr'><strong>CLARIS</strong></span> 
     </span>
    </p>
   </div>
   <div class='ocr_carea' id='block_1_3' title="bbox 441 528 1845 1307">
    <p class='ocr_par' dir='ltr' id='par_1_3' title="bbox 441 528 1845 992">
     <span class='ocr_line' id='line_1_3' title="bbox 442 528 1769 593; baseline -0.005 -11"><span class='ocrx_word' id='word_1_5' title='bbox 442 533 574 582; x_wconf 90' lang='lat' dir='ltr'>Tum</span> <span class='ocrx_word' id='word_1_6' title='bbox 600 531 658 580; x_wconf 91' lang='lat' dir='ltr'>C.</span> <span class='ocrx_word' id='word_1_7' title='bbox 686 529 884 585; x_wconf 84' lang='lat' dir='ltr'>Rusius‚</span> <span class='ocrx_word' id='word_1_8' title='bbox 925 537 937 557; x_wconf 93' lang='lat'>‘</span> <span class='ocrx_word' id='word_1_9' title='bbox 975 528 1367 588; x_wconf 85' lang='lat' dir='ltr'>Circumvenior‚</span> <span class='ocrx_word' id='word_1_10' title='bbox 1407 528 1588 593; x_wconf 89' lang='lat' dir='ltr'>inquit,</span> <span class='ocrx_word' id='word_1_11' title='bbox 1628 528 1769 579; x_wconf 88' lang='lat' dir='ltr'>Judi-</span> 
     </span>
     <span class='ocr_line' id='line_1_4' title="bbox 444 607 1771 672; baseline -0.003 -12"><span class='ocrx_word' id='word_1_12' title='bbox 444 617 458 641; x_wconf 84' lang='lat'>‘</span> <span class='ocrx_word' id='word_1_13' title='bbox 495 628 594 670; x_wconf 82' lang='lat' dir='ltr'>ceS‚</span> <span class='ocrx_word' id='word_1_14' title='bbox 635 609 728 657; x_wconf 91' lang='lat' dir='ltr'>nisi</span> <span class='ocrx_word' id='word_1_15' title='bbox 765 608 1051 656; x_wconf 83' lang='lat' dir='ltr'>subvenitis.</span> <span class='ocrx_word' id='word_1_16' title='bbox 1122 608 1327 656; x_wconf 86' lang='lat' dir='ltr'>Sisenna</span> <span class='ocrx_word' id='word_1_17' title='bbox 1351 607 1470 672; x_wconf 89' lang='lat' dir='ltr'>quid</span> <span class='ocrx_word' id='word_1_18' title='bbox 1494 607 1648 666; x_wconf 83' lang='lat' dir='ltr'>dicas,</span> <span class='ocrx_word' id='word_1_19' title='bbox 1686 623 1771 656; x_wconf 89' lang='lat' dir='ltr'>ne-</span> 
     </span>
     <span class='ocr_line' id='line_1_5' title="bbox 441 686 1845 754; baseline -0.004 -15"><span class='ocrx_word' id='word_1_20' title='bbox 441 695 458 720; x_wconf 78' lang='lat'>‘</span> <span class='ocrx_word' id='word_1_21' title='bbox 493 691 626 739; x_wconf 87' lang='lat' dir='ltr'>scio:</span> <span class='ocrx_word' id='word_1_22' title='bbox 678 694 848 736; x_wconf 90' lang='lat' dir='ltr'>metuo</span> <span class='ocrx_word' id='word_1_23' title='bbox 885 686 1100 735; x_wconf 85' lang='lat' dir='ltr'>insidias.</span> <span class='ocrx_word' id='word_1_24' title='bbox 1185 686 1495 751; x_wconf 80' lang='lat' dir='ltr'>Sputafflica,</span> <span class='ocrx_word' id='word_1_25' title='bbox 1537 686 1659 750; x_wconf 88' lang='lat' dir='ltr'>quid</span> <span class='ocrx_word' id='word_1_26' title='bbox 1695 692 1772 734; x_wconf 89' lang='lat' dir='ltr'>est</span> <span class='ocrx_word' id='word_1_27' title='bbox 1828 705 1845 754; x_wconf 31' lang='grc' dir='ltr'>ι·</span> 
     </span>
     <span class='ocr_line' id='line_1_6' title="bbox 441 764 1772 831; baseline -0.004 -14"><span class='ocrx_word' id='word_1_28' title='bbox 441 775 457 798; x_wconf 85' lang='lat'>‘</span> <span class='ocrx_word' id='word_1_29' title='bbox 494 770 590 817; x_wconf 90' lang='lat' dir='ltr'>hoc</span> <span class='ocrx_word' id='word_1_30' title='bbox 611 768 627 816; x_wconf 88' lang='lat'>?</span> <span class='ocrx_word' id='word_1_31' title='bbox 665 767 818 831; x_wconf 86' lang='lat' dir='ltr'>Sputa</span> <span class='ocrx_word' id='word_1_32' title='bbox 837 765 956 829; x_wconf 79' lang='lat' dir='ltr'>quid</span> <span class='ocrx_word' id='word_1_33' title='bbox 977 765 1040 813; x_wconf 86' lang='lat' dir='ltr'>sit</span> <span class='ocrx_word' id='word_1_34' title='bbox 1063 765 1184 824; x_wconf 90' lang='lat' dir='ltr'>scio,</span> <span class='ocrx_word' id='word_1_35' title='bbox 1201 764 1362 813; x_wconf 90' lang='lat' dir='ltr'>Tilica</span> <span class='ocrx_word' id='word_1_36' title='bbox 1379 765 1547 813; x_wconf 91' lang='lat' dir='ltr'>nescio</span> <span class='ocrx_word' id='word_1_37' title='bbox 1566 767 1599 813; x_wconf 86' lang='lat'>:&#39;</span> <span class='ocrx_word' id='word_1_38' title='bbox 1619 765 1772 812; x_wconf 88' lang='lat' dir='ltr'>maxi-</span> 
     </span>
     <span class='ocr_line' id='line_1_7' title="bbox 442 842 1773 898; baseline -0.004 -1"><span class='ocrx_word' id='word_1_39' title='bbox 442 849 510 898; x_wconf 91' lang='lat' dir='ltr'>mi</span> <span class='ocrx_word' id='word_1_40' title='bbox 534 848 690 896; x_wconf 88' lang='lat' dir='ltr'>risus:</span> <span class='ocrx_word' id='word_1_41' title='bbox 745 845 834 894; x_wconf 92' lang='lat' dir='ltr'>sed</span> <span class='ocrx_word' id='word_1_42' title='bbox 873 843 955 891; x_wconf 91' lang='lat' dir='ltr'>ille</span> <span class='ocrx_word' id='word_1_43' title='bbox 996 851 1163 892; x_wconf 91' lang='lat' dir='ltr'>tamen</span> <span class='ocrx_word' id='word_1_44' title='bbox 1198 842 1449 892; x_wconf 86' lang='lat' dir='ltr'>familiaris</span> <span class='ocrx_word' id='word_1_45' title='bbox 1473 860 1612 893; x_wconf 91' lang='lat' dir='ltr'>meus</span> <span class='ocrx_word' id='word_1_46' title='bbox 1635 850 1773 892; x_wconf 80' lang='lat' dir='ltr'>recte</span> 
     </span>
     <span class='ocr_line' id='line_1_8' title="bbox 442 922 1399 992; baseline -0.006 -16"><span class='ocrx_word' id='word_1_47' title='bbox 442 928 577 992; x_wconf 89' lang='lat' dir='ltr'>loqui</span> <span class='ocrx_word' id='word_1_48' title='bbox 601 926 808 991; x_wconf 89' lang='lat' dir='ltr'>putabat</span> <span class='ocrx_word' id='word_1_49' title='bbox 832 927 956 982; x_wconf 85' lang='lat' dir='ltr'>esse,</span> <span class='ocrx_word' id='word_1_50' title='bbox 991 923 1224 971; x_wconf 82' lang='lat' dir='ltr'>inusitate</span> <span class='ocrx_word' id='word_1_51' title='bbox 1247 922 1399 986; x_wconf 88' lang='lat' dir='ltr'>loqui.</span> 
     </span>
    </p>

    <p class='ocr_par' dir='ltr' id='par_1_4' title="bbox 444 998 1814 1307">
     <span class='ocr_line' id='line_1_9' title="bbox 511 998 1814 1058; baseline -0.004 -4"><span class='ocrx_word' id='word_1_52' title='bbox 511 1005 691 1054; x_wconf 89' lang='lat' dir='ltr'>Caesar</span> <span class='ocrx_word' id='word_1_53' title='bbox 720 1009 888 1050; x_wconf 91' lang='lat' dir='ltr'>autem</span> <span class='ocrx_word' id='word_1_54' title='bbox 929 1001 1170 1049; x_wconf 88' lang='lat' dir='ltr'>rationem</span> <span class='ocrx_word' id='word_1_55' title='bbox 1212 1000 1466 1058; x_wconf 89' lang='lat' dir='ltr'>adhibens,</span> <span class='ocrx_word' id='word_1_56' title='bbox 1510 998 1781 1049; x_wconf 55' lang='lat' dir='ltr'>consuetu-2</span> <span class='ocrx_word' id='word_1_57' title='bbox 1811 1051 1814 1054; x_wconf 13' lang='grc' dir='ltr'><em>Α</em></span> 
     </span>
     <span class='ocr_line' id='line_1_10' title="bbox 444 1080 1776 1144; baseline -0.005 -10"><span class='ocrx_word' id='word_1_58' title='bbox 444 1085 611 1134; x_wconf 90' lang='lat' dir='ltr'>dinem</span> <span class='ocrx_word' id='word_1_59' title='bbox 635 1082 861 1130; x_wconf 87' lang='lat' dir='ltr'>vitiosam</span> <span class='ocrx_word' id='word_1_60' title='bbox 887 1086 938 1127; x_wconf 88' lang='lat' dir='ltr'>et</span> <span class='ocrx_word' id='word_1_61' title='bbox 963 1086 1244 1143; x_wconf 86' lang='lat' dir='ltr'>corruptam</span> <span class='ocrx_word' id='word_1_62' title='bbox 1268 1095 1391 1143; x_wconf 91' lang='lat' dir='ltr'>pura</span> <span class='ocrx_word' id='word_1_63' title='bbox 1415 1087 1467 1128; x_wconf 89' lang='lat' dir='ltr'>et</span> <span class='ocrx_word' id='word_1_64' title='bbox 1488 1080 1776 1144; x_wconf 87' lang='lat' dir='ltr'>incorrupta</span> 
     </span>
     <span class='ocr_line' id='line_1_11' title="bbox 445 1157 1774 1221; baseline -0.005 -8"><span class='ocrx_word' id='word_1_65' title='bbox 445 1160 806 1214; x_wconf 89' lang='lat' dir='ltr'>consuetudine</span> <span class='ocrx_word' id='word_1_66' title='bbox 845 1158 1092 1206; x_wconf 83' lang='lat' dir='ltr'>emendat.</span> <span class='ocrx_word' id='word_1_67' title='bbox 1169 1157 1347 1221; x_wconf 89' lang='lat' dir='ltr'>Itaque</span> <span class='ocrx_word' id='word_1_68' title='bbox 1389 1173 1504 1206; x_wconf 89' lang='lat' dir='ltr'>cum</span> <span class='ocrx_word' id='word_1_69' title='bbox 1544 1159 1608 1206; x_wconf 77' lang='lat' dir='ltr'>ad</span> <span class='ocrx_word' id='word_1_70' title='bbox 1643 1158 1774 1208; x_wconf 88' lang='lat' dir='ltr'>hanc</span> 
     </span>
     <span class='ocr_line' id='line_1_12' title="bbox 445 1236 1776 1307; baseline -0.006 -15"><span class='ocrx_word' id='word_1_71' title='bbox 445 1242 742 1307; x_wconf 84' lang='lat' dir='ltr'>elegantiam</span> <span class='ocrx_word' id='word_1_72' title='bbox 773 1239 1036 1287; x_wconf 87' lang='lat' dir='ltr'>verborum</span> <span class='ocrx_word' id='word_1_73' title='bbox 1062 1236 1355 1284; x_wconf 86' lang='lat' dir='ltr'>Latinorum</span> <span class='ocrx_word' id='word_1_74' title='bbox 1385 1240 1537 1301; x_wconf 82' lang='lat' dir='ltr'>(quae</span> <span class='ocrx_word' id='word_1_75' title='bbox 1562 1237 1712 1295; x_wconf 87' lang='lat' dir='ltr'>etiam</span> <span class='ocrx_word' id='word_1_76' title='bbox 1735 1236 1776 1284; x_wconf 89' lang='lat' dir='ltr'>si</span> 
     </span>
    </p>
   </div>
   <div class='ocr_carea' id='block_1_4' title="bbox 445 1307 1934 1385">
    <p class='ocr_par' dir='ltr' id='par_1_5' title="bbox 445 1307 1934 1385">
     <span class='ocr_line' id='line_1_13' title="bbox 445 1307 1934 1385; baseline -0.007 -14"><span class='ocrx_word' id='word_1_77' title='bbox 445 1331 609 1372; x_wconf 87' lang='lat' dir='ltr'>orator</span> <span class='ocrx_word' id='word_1_78' title='bbox 632 1335 732 1367; x_wconf 93' lang='lat' dir='ltr'>non</span> <span class='ocrx_word' id='word_1_79' title='bbox 758 1317 839 1375; x_wconf 85' lang='lat' dir='ltr'>sis,</span> <span class='ocrx_word' id='word_1_80' title='bbox 876 1324 927 1364; x_wconf 85' lang='lat' dir='ltr'>et</span> <span class='ocrx_word' id='word_1_81' title='bbox 951 1316 1014 1363; x_wconf 86' lang='lat' dir='ltr'>sis</span> <span class='ocrx_word' id='word_1_82' title='bbox 1054 1307 1300 1379; x_wconf 79' lang='lat' dir='ltr'>ingenuus</span> <span class='ocrx_word' id='word_1_83' title='bbox 1343 1315 1463 1363; x_wconf 92' lang='lat' dir='ltr'>civis</span> <span class='ocrx_word' id='word_1_84' title='bbox 1501 1315 1815 1381; x_wconf 52' lang='lat' dir='ltr'>Romanus3g</span> <span class='ocrx_word' id='word_1_85' title='bbox 1857 1355 1900 1385; x_wconf 28' lang='lat' dir='ltr'>„q</span> <span class='ocrx_word' id='word_1_86' title='bbox 1929 1310 1934 1315; x_wconf 76' lang='grc'><em>’</em></span> 
     </span>
    </p>
   </div>
   <div class='ocr_carea' id='block_1_5' title="bbox 445 1393 1798 1854">
    <p class='ocr_par' dir='ltr' id='par_1_6' title="bbox 445 1393 1779 1622">
     <span class='ocr_line' id='line_1_14' title="bbox 445 1393 1779 1458; baseline -0.007 -7"><span class='ocrx_word' id='word_1_87' title='bbox 445 1412 612 1451; x_wconf 88' lang='lat' dir='ltr'>tamen</span> <span class='ocrx_word' id='word_1_88' title='bbox 637 1396 911 1447; x_wconf 86' lang='lat' dir='ltr'>necessaria</span> <span class='ocrx_word' id='word_1_89' title='bbox 935 1394 1033 1455; x_wconf 88' lang='lat' dir='ltr'>est)</span> <span class='ocrx_word' id='word_1_90' title='bbox 1072 1393 1300 1458; x_wconf 83' lang='lat' dir='ltr'>adjungit</span> <span class='ocrx_word' id='word_1_91' title='bbox 1333 1393 1416 1441; x_wconf 90' lang='lat' dir='ltr'>illa</span> <span class='ocrx_word' id='word_1_92' title='bbox 1451 1394 1663 1442; x_wconf 89' lang='lat' dir='ltr'>oratoria</span> <span class='ocrx_word' id='word_1_93' title='bbox 1702 1409 1779 1442; x_wconf 86' lang='lat' dir='ltr'>or-</span> 
     </span>
     <span class='ocr_line' id='line_1_15' title="bbox 445 1471 1779 1537; baseline -0.006 -8"><span class='ocrx_word' id='word_1_94' title='bbox 445 1486 679 1529; x_wconf 90' lang='lat' dir='ltr'>namenta</span> <span class='ocrx_word' id='word_1_95' title='bbox 704 1474 933 1524; x_wconf 84' lang='lat' dir='ltr'>dicendi:</span> <span class='ocrx_word' id='word_1_96' title='bbox 971 1482 1079 1521; x_wconf 91' lang='lat' dir='ltr'>tum</span> <span class='ocrx_word' id='word_1_97' title='bbox 1103 1472 1299 1521; x_wconf 87' lang='lat' dir='ltr'>videtur</span> <span class='ocrx_word' id='word_1_98' title='bbox 1326 1480 1562 1537; x_wconf 88' lang='lat' dir='ltr'>tanquam</span> <span class='ocrx_word' id='word_1_99' title='bbox 1586 1471 1779 1522; x_wconf 88' lang='lat' dir='ltr'>tabulas</span> 
     </span>
     <span class='ocr_line' id='line_1_16' title="bbox 446 1551 1778 1622; baseline -0.006 -14"><span class='ocrx_word' id='word_1_100' title='bbox 446 1563 574 1609; x_wconf 90' lang='lat' dir='ltr'>bene</span> <span class='ocrx_word' id='word_1_101' title='bbox 614 1557 774 1622; x_wconf 83' lang='lat' dir='ltr'>pictas</span> <span class='ocrx_word' id='word_1_102' title='bbox 816 1551 1059 1600; x_wconf 91' lang='lat' dir='ltr'>collocare</span> <span class='ocrx_word' id='word_1_103' title='bbox 1096 1551 1148 1598; x_wconf 91' lang='lat' dir='ltr'>in</span> <span class='ocrx_word' id='word_1_104' title='bbox 1184 1552 1316 1600; x_wconf 92' lang='lat' dir='ltr'>bono</span> <span class='ocrx_word' id='word_1_105' title='bbox 1352 1551 1556 1601; x_wconf 89' lang='lat' dir='ltr'>lumine.</span> <span class='ocrx_word' id='word_1_106' title='bbox 1627 1551 1778 1600; x_wconf 86' lang='lat' dir='ltr'>Hanc</span> 
     </span>
    </p>

    <p class='ocr_par' dir='ltr' id='par_1_7' title="bbox 447 1615 1854 1854">
     <span class='ocr_line' id='line_1_17' title="bbox 448 1629 1778 1696; baseline -0.005 -11"><span class='ocrx_word' id='word_1_107' title='bbox 448 1654 562 1686; x_wconf 90' lang='lat' dir='ltr'>cum</span> <span class='ocrx_word' id='word_1_108' title='bbox 582 1636 762 1683; x_wconf 88' lang='lat' dir='ltr'>habeat</span> <span class='ocrx_word' id='word_1_109' title='bbox 785 1630 1099 1696; x_wconf 88' lang='lat' dir='ltr'>praecipuam</span> <span class='ocrx_word' id='word_1_110' title='bbox 1125 1629 1323 1678; x_wconf 89' lang='lat' dir='ltr'>laudem</span> <span class='ocrx_word' id='word_1_111' title='bbox 1343 1630 1392 1677; x_wconf 91' lang='lat' dir='ltr'>in</span> <span class='ocrx_word' id='word_1_112' title='bbox 1414 1631 1778 1690; x_wconf 90' lang='lat' dir='ltr'>communibus,</span> 
     </span>
     <span class='ocr_line' id='line_1_18' title="bbox 447 1707 1798 1773; baseline -0.006 -9"><span class='ocrx_word' id='word_1_113' title='bbox 447 1733 548 1764; x_wconf 89' lang='lat' dir='ltr'>non</span> <span class='ocrx_word' id='word_1_114' title='bbox 566 1714 711 1762; x_wconf 83' lang='lat' dir='ltr'>video</span> <span class='ocrx_word' id='word_1_115' title='bbox 737 1711 818 1759; x_wconf 91' lang='lat' dir='ltr'>cui</span> <span class='ocrx_word' id='word_1_116' title='bbox 843 1710 1023 1757; x_wconf 88' lang='lat' dir='ltr'>debeat</span> <span class='ocrx_word' id='word_1_117' title='bbox 1039 1708 1232 1761; x_wconf 82' lang='lat' dir='ltr'>cedere.</span> <span class='ocrx_word' id='word_1_118' title='bbox 1283 1707 1602 1772; x_wconf 85' lang='lat' dir='ltr'>Splendidam</span> <span class='ocrx_word' id='word_1_119' title='bbox 1623 1707 1798 1773; x_wconf 69' lang='lat' dir='ltr'>quan-‘</span> 
     </span>
     <span class='ocr_line' id='line_1_19' title="bbox 449 1786 1779 1854; baseline -0.005 -11"><span class='ocrx_word' id='word_1_120' title='bbox 449 1796 581 1852; x_wconf 76' lang='lat' dir='ltr'>dam,</span> <span class='ocrx_word' id='word_1_121' title='bbox 615 1790 916 1852; x_wconf 81' lang='lat' dir='ltr'>minimeque</span> <span class='ocrx_word' id='word_1_122' title='bbox 942 1786 1287 1835; x_wconf 81' lang='lat' dir='ltr'>veteratoriam</span> <span class='ocrx_word' id='word_1_123' title='bbox 1311 1787 1551 1834; x_wconf 88' lang='lat' dir='ltr'>rationem</span> <span class='ocrx_word' id='word_1_124' title='bbox 1577 1787 1779 1854; x_wconf 76' lang='lat' dir='ltr'>dicendi</span> 
     </span>
    </p>
   </div>
   <div class='ocr_carea' id='block_1_6' title="bbox 424 1865 1864 2016">
    <p class='ocr_par' dir='ltr' id='par_1_8' title="bbox 424 1865 1864 2016">
     <span class='ocr_line' id='line_1_20' title="bbox 447 1865 1864 1931; baseline -0.005 -9"><span class='ocrx_word' id='word_1_125' title='bbox 447 1880 606 1931; x_wconf 83' lang='lat' dir='ltr'>tenet,</span> <span class='ocrx_word' id='word_1_126' title='bbox 642 1886 780 1924; x_wconf 83' lang='lat' dir='ltr'>voce,</span> <span class='ocrx_word' id='word_1_127' title='bbox 819 1875 988 1914; x_wconf 83' lang='lat' dir='ltr'>motu:</span> <span class='ocrx_word' id='word_1_128' title='bbox 1027 1865 1185 1913; x_wconf 87' lang='lat' dir='ltr'>forma</span> <span class='ocrx_word' id='word_1_129' title='bbox 1226 1865 1373 1913; x_wconf 89' lang='lat' dir='ltr'>etiarn</span> <span class='ocrx_word' id='word_1_130' title='bbox 1411 1865 1688 1930; x_wconf 85' lang='lat' dir='ltr'>magnifica,</span> <span class='ocrx_word' id='word_1_131' title='bbox 1726 1873 1780 1915; x_wconf 85' lang='lat' dir='ltr'>et&#39;</span> <span class='ocrx_word' id='word_1_132' title='bbox 1829 1876 1864 1928; x_wconf 73' lang='grc'>’,</span> 
     </span>
     <span class='ocr_line' id='line_1_21' title="bbox 424 1943 1779 2016; baseline -0.005 -16"><span class='ocrx_word' id='word_1_133' title='bbox 424 1967 688 2016; x_wconf 28' lang='lat' dir='ltr'>*generosa</span> <span class='ocrx_word' id='word_1_134' title='bbox 712 1946 926 2011; x_wconf 86' lang='lat' dir='ltr'>quodam</span> <span class='ocrx_word' id='word_1_135' title='bbox 952 1944 1115 1993; x_wconf 88' lang='lat' dir='ltr'>modo.</span> <span class='ocrx_word' id='word_1_136' title='bbox 1187 1943 1319 1991; x_wconf 90' lang='lat' dir='ltr'>Tum</span> <span class='ocrx_word' id='word_1_137' title='bbox 1346 1944 1546 2003; x_wconf 86' lang='lat' dir='ltr'>Brutus,</span> <span class='ocrx_word' id='word_1_138' title='bbox 1582 1943 1779 1994; x_wconf 84' lang='lat' dir='ltr'>Oratio-</span> 
     </span>
    </p>
   </div>
   <div class='ocr_carea' id='block_1_7' title="bbox 449 2022 1820 2792">
    <p class='ocr_par' dir='ltr' id='par_1_9' title="bbox 449 2022 1820 2792">
     <span class='ocr_line' id='line_1_22' title="bbox 449 2022 1776 2094; baseline -0.006 -14"><span class='ocrx_word' id='word_1_139' title='bbox 449 2049 535 2080; x_wconf 85' lang='lat' dir='ltr'>nes</span> <span class='ocrx_word' id='word_1_140' title='bbox 575 2028 775 2094; x_wconf 89' lang='lat' dir='ltr'>quidem</span> <span class='ocrx_word' id='word_1_141' title='bbox 813 2024 917 2089; x_wconf 80' lang='lat' dir='ltr'>ejus</span> <span class='ocrx_word' id='word_1_142' title='bbox 959 2023 1078 2070; x_wconf 91' lang='lat' dir='ltr'>mihi</span> <span class='ocrx_word' id='word_1_143' title='bbox 1113 2022 1434 2071; x_wconf 76' lang='lat' dir='ltr'>vehementer</span> <span class='ocrx_word' id='word_1_144' title='bbox 1467 2024 1776 2088; x_wconf 55' lang='lat' dir='ltr'>probantum</span> 
     </span>
     <span class='ocr_line' id='line_1_23' title="bbox 451 2102 1794 2173; baseline -0.005 -14"><span class='ocrx_word' id='word_1_145' title='bbox 451 2108 728 2173; x_wconf 81' lang='lat' dir='ltr'>complures</span> <span class='ocrx_word' id='word_1_146' title='bbox 770 2112 935 2153; x_wconf 84' lang='lat' dir='ltr'>autem</span> <span class='ocrx_word' id='word_1_147' title='bbox 973 2102 1088 2166; x_wconf 82' lang='lat' dir='ltr'>legi.</span> <span class='ocrx_word' id='word_1_148' title='bbox 1161 2102 1331 2166; x_wconf 87' lang='lat' dir='ltr'>Atque</span> <span class='ocrx_word' id='word_1_149' title='bbox 1356 2102 1506 2150; x_wconf 89' lang='lat' dir='ltr'>etiam</span> <span class='ocrx_word' id='word_1_150' title='bbox 1530 2119 1794 2155; x_wconf 41' lang='lat' dir='ltr'>commen*</span> 
     </span>
     <span class='ocr_line' id='line_1_24' title="bbox 450 2181 1779 2250; baseline -0.005 -13"><span class='ocrx_word' id='word_1_151' title='bbox 450 2190 598 2238; x_wconf 85' lang='lat' dir='ltr'>tarios</span> <span class='ocrx_word' id='word_1_152' title='bbox 624 2184 859 2250; x_wconf 86' lang='lat' dir='ltr'>quosdam</span> <span class='ocrx_word' id='word_1_153' title='bbox 902 2182 1095 2245; x_wconf 85' lang='lat' dir='ltr'>scripsit</span> <span class='ocrx_word' id='word_1_154' title='bbox 1135 2198 1298 2229; x_wconf 88' lang='lat' dir='ltr'>rerum</span> <span class='ocrx_word' id='word_1_155' title='bbox 1334 2198 1546 2230; x_wconf 88' lang='lat' dir='ltr'>suarum.</span> <span class='ocrx_word' id='word_1_156' title='bbox 1616 2181 1779 2232; x_wconf 86' lang='lat' dir='ltr'>Valde</span> 
     </span>
     <span class='ocr_line' id='line_1_25' title="bbox 453 2259 1779 2332; baseline -0.005 -16"><span class='ocrx_word' id='word_1_157' title='bbox 453 2268 675 2332; x_wconf 81' lang='lat' dir='ltr'>quidem,</span> <span class='ocrx_word' id='word_1_158' title='bbox 711 2264 931 2326; x_wconf 83' lang='lat' dir='ltr'>inquam,</span> <span class='ocrx_word' id='word_1_159' title='bbox 966 2260 1275 2325; x_wconf 88' lang='lat' dir='ltr'>probandos:</span> <span class='ocrx_word' id='word_1_160' title='bbox 1329 2261 1452 2309; x_wconf 89' lang='lat' dir='ltr'>nudi</span> <span class='ocrx_word' id='word_1_161' title='bbox 1487 2261 1620 2309; x_wconf 90' lang='lat' dir='ltr'>enim</span> <span class='ocrx_word' id='word_1_162' title='bbox 1644 2259 1779 2321; x_wconf 82' lang='lat' dir='ltr'>sunt,</span> 
     </span>
     <span class='ocr_line' id='line_1_26' title="bbox 452 2337 1777 2402; baseline -0.006 -8"><span class='ocrx_word' id='word_1_163' title='bbox 452 2345 576 2394; x_wconf 85' lang='lat' dir='ltr'>recti</span> <span class='ocrx_word' id='word_1_164' title='bbox 602 2354 661 2391; x_wconf 84' lang='lat' dir='ltr'>et</span> <span class='ocrx_word' id='word_1_165' title='bbox 674 2340 888 2398; x_wconf 83' lang='lat' dir='ltr'>venusti,</span> <span class='ocrx_word' id='word_1_166' title='bbox 913 2339 1047 2386; x_wconf 86' lang='lat' dir='ltr'>omni</span> <span class='ocrx_word' id='word_1_167' title='bbox 1067 2346 1243 2386; x_wconf 84' lang='lat' dir='ltr'>ornatu</span> <span class='ocrx_word' id='word_1_168' title='bbox 1267 2337 1518 2397; x_wconf 84' lang='lat' dir='ltr'>orationis,</span> <span class='ocrx_word' id='word_1_169' title='bbox 1542 2346 1777 2402; x_wconf 85' lang='lat' dir='ltr'>tanquam</span> 
     </span>
     <span class='ocr_line' id='line_1_27' title="bbox 453 2415 1778 2480; baseline -0.007 -7"><span class='ocrx_word' id='word_1_170' title='bbox 453 2431 609 2480; x_wconf 78' lang='lat' dir='ltr'>veste,</span> <span class='ocrx_word' id='word_1_171' title='bbox 646 2421 885 2468; x_wconf 86' lang='lat' dir='ltr'>detracto.</span> <span class='ocrx_word' id='word_1_172' title='bbox 958 2416 1056 2464; x_wconf 89' lang='lat' dir='ltr'>Sed</span> <span class='ocrx_word' id='word_1_173' title='bbox 1088 2416 1205 2464; x_wconf 90' lang='lat' dir='ltr'>dum</span> <span class='ocrx_word' id='word_1_174' title='bbox 1228 2416 1404 2475; x_wconf 79' lang='lat' dir='ltr'>voluit,</span> <span class='ocrx_word' id='word_1_175' title='bbox 1442 2415 1561 2463; x_wconf 82' lang='lat' dir='ltr'>alios</span> <span class='ocrx_word' id='word_1_176' title='bbox 1595 2415 1778 2464; x_wconf 84' lang='lat' dir='ltr'>habere</span> 
     </span>
     <span class='ocr_line' id='line_1_28' title="bbox 452 2493 1778 2568; baseline -0.008 -17"><span class='ocrx_word' id='word_1_177' title='bbox 452 2508 636 2568; x_wconf 87' lang='lat' dir='ltr'>parata,</span> <span class='ocrx_word' id='word_1_178' title='bbox 691 2496 825 2544; x_wconf 87' lang='lat' dir='ltr'>unde</span> <span class='ocrx_word' id='word_1_179' title='bbox 873 2502 1140 2553; x_wconf 89' lang='lat' dir='ltr'>sumerent,</span> <span class='ocrx_word' id='word_1_180' title='bbox 1198 2495 1282 2559; x_wconf 91' lang='lat' dir='ltr'>qui</span> <span class='ocrx_word' id='word_1_181' title='bbox 1327 2493 1513 2542; x_wconf 86' lang='lat' dir='ltr'>vellent</span> <span class='ocrx_word' id='word_1_182' title='bbox 1563 2494 1778 2543; x_wconf 86' lang='lat' dir='ltr'>scribere</span> 
     </span>
     <span class='ocr_line' id='line_1_29' title="bbox 453 2571 1778 2638; baseline -0.008 -8"><span class='ocrx_word' id='word_1_183' title='bbox 453 2579 739 2634; x_wconf 80' lang='lat' dir='ltr'>historiam3</span> <span class='ocrx_word' id='word_1_184' title='bbox 796 2572 974 2637; x_wconf 86' lang='lat' dir='ltr'>ineptis</span> <span class='ocrx_word' id='word_1_185' title='bbox 1020 2579 1215 2636; x_wconf 79' lang='lat' dir='ltr'>gratum</span> <span class='ocrx_word' id='word_1_186' title='bbox 1261 2571 1466 2620; x_wconf 87' lang='lat' dir='ltr'>fortasse</span> <span class='ocrx_word' id='word_1_187' title='bbox 1512 2571 1652 2631; x_wconf 87' lang='lat' dir='ltr'>fecit,</span> <span class='ocrx_word' id='word_1_188' title='bbox 1691 2571 1778 2638; x_wconf 83' lang='lat' dir='ltr'>qui</span> 
     </span>
     <span class='ocr_line' id='line_1_30' title="bbox 453 2650 1820 2715; baseline -0.004 -7"><span class='ocrx_word' id='word_1_189' title='bbox 453 2659 627 2709; x_wconf 76' lang='lat' dir='ltr'>volunt</span> <span class='ocrx_word' id='word_1_190' title='bbox 665 2654 749 2702; x_wconf 88' lang='lat' dir='ltr'>illa</span> <span class='ocrx_word' id='word_1_191' title='bbox 786 2651 1072 2700; x_wconf 83' lang='lat' dir='ltr'>calamistris</span> <span class='ocrx_word' id='word_1_192' title='bbox 1113 2650 1342 2700; x_wconf 86' lang='lat' dir='ltr'>inurere:</span> <span class='ocrx_word' id='word_1_193' title='bbox 1394 2667 1534 2698; x_wconf 89' lang='lat' dir='ltr'>sanos</span> <span class='ocrx_word' id='word_1_194' title='bbox 1576 2650 1777 2715; x_wconf 81' lang='lat' dir='ltr'>quidem</span> <span class='ocrx_word' id='word_1_195' title='bbox 1812 2694 1820 2702; x_wconf 86' lang='lat'><strong>.</strong></span> 
     </span>
     <span class='ocr_line' id='line_1_31' title="bbox 452 2719 1806 2792; baseline -0.006 -6"><span class='ocrx_word' id='word_1_196' title='bbox 452 2737 677 2786; x_wconf 87' lang='lat' dir='ltr'>homines</span> <span class='ocrx_word' id='word_1_197' title='bbox 701 2750 729 2781; x_wconf 89' lang='lat' dir='ltr'>a</span> <span class='ocrx_word' id='word_1_198' title='bbox 752 2729 1013 2781; x_wconf 86' lang='lat' dir='ltr'>scribendo</span> <span class='ocrx_word' id='word_1_199' title='bbox 1039 2730 1293 2779; x_wconf 83' lang='lat' dir='ltr'>deterruit.</span> <span class='ocrx_word' id='word_1_200' title='bbox 1363 2729 1502 2778; x_wconf 91' lang='lat' dir='ltr'>Nihil</span> <span class='ocrx_word' id='word_1_201' title='bbox 1537 2719 1668 2778; x_wconf 86' lang='lat' dir='ltr'>enim</span> <span class='ocrx_word' id='word_1_202' title='bbox 1702 2735 1778 2792; x_wconf 83' lang='lat' dir='ltr'>est</span> <span class='ocrx_word' id='word_1_203' title='bbox 1803 2741 1806 2743; x_wconf 71' lang='grc'><strong><em>’</em></strong></span> 
     </span>
    </p>
   </div>
   <div class='ocr_carea' id='block_1_8' title="bbox 456 2803 1874 2875">
    <p class='ocr_par' dir='ltr' id='par_1_10' title="bbox 456 2803 1874 2875">
     <span class='ocr_line' id='line_1_32' title="bbox 456 2803 1874 2875; baseline -0.006 -11"><span class='ocrx_word' id='word_1_204' title='bbox 456 2820 503 2864; x_wconf 75' lang='lat' dir='ltr'>{n</span> <span class='ocrx_word' id='word_1_205' title='bbox 545 2812 764 2872; x_wconf 72' lang='lat' dir='ltr'>historia,</span> <span class='ocrx_word' id='word_1_206' title='bbox 811 2827 934 2875; x_wconf 81' lang='lat' dir='ltr'>pura</span> <span class='ocrx_word' id='word_1_207' title='bbox 974 2816 1025 2858; x_wconf 83' lang='lat' dir='ltr'>et</span> <span class='ocrx_word' id='word_1_208' title='bbox 1065 2808 1240 2858; x_wconf 85' lang='lat' dir='ltr'>illustri</span> <span class='ocrx_word' id='word_1_209' title='bbox 1284 2803 1526 2858; x_wconf 81' lang='lat' dir='ltr'>brevitate</span> <span class='ocrx_word' id='word_1_210' title='bbox 1566 2807 1776 2866; x_wconf 82' lang='lat' dir='ltr'>dulcius.</span> <span class='ocrx_word' id='word_1_211' title='bbox 1859 2848 1874 2873; x_wconf 31' lang='grc'>.-</span> 
     </span>
    </p>
   </div>
   <div class='ocr_carea' id='block_1_9' title="bbox 827 2930 884 2955">
    <p class='ocr_par' dir='ltr' id='par_1_11' title="bbox 827 2930 884 2955">
     <span class='ocr_line' id='line_1_33' title="bbox 827 2930 884 2955; baseline 0 -4"><span class='ocrx_word' id='word_1_212' title='bbox 827 2930 884 2955; x_wconf 49' lang='lat' dir='ltr'>Q..</span> 
     </span>
    </p>
   </div>
   <div class='ocr_carea' id='block_1_10' title="bbox 1926 0 2071 3508">
    <p class='ocr_par' dir='ltr' id='par_1_12' title="bbox 1926 0 2071 3508">
     <span class='ocr_line' id='line_1_34' title="bbox 1926 0 2071 3508; baseline 0 0"><span class='ocrx_word' id='word_1_213' title='bbox 1926 0 2071 3508; x_wconf 95' lang='lat' dir='ltr'> </span> 
     </span>
    </p>
   </div>
  </div>
 </body>
</html>
