2071 3508
731 371 1104 413 ORATORIBUS.
1504 375 1581 415 317

252 483 353 532 fieri
380 484 600 548 superior
615 489 794 546 posset.
867 481 933 528 Iis
958 479 1188 544 opposuit
1213 495 1317 527 sese
1338 479 1583 540 SocrateS,

252 564 333 627 qui
377 562 645 612 subtilitate
684 559 895 624 quadam
935 558 1220 624 disputandi
1255 556 1479 605 refellere
1505 576 1584 606 eo-

249 658 356 690 rum
382 642 606 689 instituta
643 639 833 687 solebat
869 638 1046 687 verbis.
1119 637 1284 702 Hujus
1309 654 1371 685 ex
1396 638 1581 685 uberri-

249 720 339 768 mis
364 719 669 767 sermonibus
705 719 1005 767 exstiterunt
1030 716 1302 769 doctissimi
1327 716 1448 764 viri:
1489 716 1583 780 pri-

248 814 481 861 mumque
519 805 626 845 tum
667 797 994 862 philosophia,
1043 813 1144 845 non
1178 795 1261 844 illa
1297 796 1358 844 de
1391 803 1585 856 natura,

247 892 372 940 quae
395 875 558 924 fuerat
582 877 849 940 antiquior,
874 876 962 924 sed
986 875 1131 934 haec,
1156 874 1206 922 in
1233 891 1330 939 qua
1355 874 1418 922 de
1442 874 1586 923 bonis

246 955 392 1002 rebus
417 963 469 1005 et
493 955 645 1013 malis,
685 956 847 1020 deque
883 955 1140 1004 hominum
1164 954 1267 1002 vita
1292 962 1342 1002 et
1368 954 1587 1003 moribus

248 1033 541 1099 disputatur,
569 1035 773 1083 inventa
798 1033 997 1083 dicitur.
1069 1033 1222 1091 Quod
1245 1033 1478 1098 quoniam
1503 1050 1589 1098 ge-

246 1129 338 1162 nus
363 1114 423 1162 ab
448 1113 564 1173 hoc,
600 1113 735 1178 quod
758 1112 1121 1178 proposuimUS,
1147 1112 1394 1170 abhorret,
1431 1111 1588 1177 philo-

247 1193 425 1258 sophos
450 1193 585 1241 aliud
610 1194 660 1241 in
686 1201 881 1258 tempus
916 1191 1224 1256 rejiciamus:
1263 1191 1327 1240 ad
1351 1199 1585 1254 oratores,

248 1290 277 1321 a
301 1274 478 1338 quibus
517 1273 723 1337 digressi
762 1289 948 1331 sumus,
990 1281 1309 1328 revertamur.
1382 1271 1590 1319 Exstitit

248 1353 401 1417 igitur
416 1352 522 1417 jam
548 1353 745 1401 senibus
770 1352 881 1411 illis,
902 1368 1022 1416 quos
1041 1350 1189 1415 paulo
1214 1358 1329 1398 ante
1355 1350 1589 1410 diximus,

250 1432 514 1491 Isocrates,
551 1431 690 1496 cujus
716 1431 891 1479 domus
917 1439 1129 1479 cunctae
1155 1429 1419 1488 Graeciae,
1452 1430 1589 1492 quasi

250 1511 395 1560 ludus
444 1511 644 1576 quidam
690 1511 871 1576 patuit,
930 1519 1078 1574 atque
1126 1508 1322 1557 officina
1368 1509 1589 1568 dicendi,

250 1608 459 1655 magnus
485 1599 666 1649 orator,
693 1599 744 1638 et
767 1589 1018 1655 perfectus
1037 1590 1290 1654 magister,
1308 1605 1591 1653 quanquam

249 1670 433 1718 forensi
474 1670 587 1719 luce
627 1670 804 1730 caruit,
846 1670 1072 1735 intraque
1097 1669 1310 1737 parietes
1335 1668 1458 1716 aluit
1482 1685 1589 1717 eam

250 1750 477 1815 gloriam,
520 1767 667 1815 quam
706 1767 854 1798 nemo
897 1749 1097 1814 quidem
1138 1765 1250 1804 meo
1279 1748 1474 1812 judicio
1517 1757 1589 1797 est

250 1838 423 1894 postea
465 1837 779 1878 consecutus.
867 1830 915 1877 Is
957 1838 1008 1877 et
1048 1829 1152 1892 ipse
1201 1828 1395 1892 scripsit
1436 1828 1591 1877 multa

250 1909 521 1974 praeclare,
558 1918 608 1957 et
651 1909 823 1957 docuit
863 1908 1015 1957 alios:
1055 1916 1105 1956 et
1130 1925 1244 1956 cum
1271 1916 1467 1956 caetera
1491 1924 1591 1956 me-

251 1989 363 2048 lius,
412 2006 557 2053 quam
601 1990 893 2053 superiores,
951 1997 1055 2036 tum
1098 1988 1285 2052 primus
1323 1986 1590 2046 intellexit,

254 2070 402 2117 etiam
428 2069 479 2116 in
504 2068 664 2117 soluta
688 2069 929 2127 oratione,
964 2068 1082 2116 dum
1107 2083 1303 2116 versum
1329 2068 1589 2132 effligeres,

254 2148 457 2196 modum
494 2156 661 2196 tamen
698 2156 749 2197 et
785 2164 1045 2196 numerum
1083 2147 1332 2211 quendam
1361 2155 1590 2212 oportere

254 2228 450 2276 servari.
524 2227 662 2276 Ante
680 2227 813 2276 hunc
835 2227 967 2276 enim
985 2227 1248 2275 verborum
1274 2227 1411 2291 quasi
1437 2234 1591 2276 struc-

253 2314 383 2366 tura,
420 2315 470 2355 et
509 2307 751 2371 quaedam
777 2307 841 2355 ad
882 2323 1144 2354 numerum
1172 2306 1444 2366 conclusio,
1485 2306 1593 2354 nul-

254 2387 300 2442 la
325 2396 429 2436 erat
449 2406 462 2446 3
502 2394 606 2445 aut,
632 2387 670 2435 si
695 2386 894 2451 quando
919 2394 1042 2446 erat,
1066 2402 1167 2435 non
1192 2386 1460 2451 apparebat
1483 2403 1592 2438 eam

257 2467 426 2515 dedita
451 2483 600 2531 opera
625 2483 729 2516 esse
755 2466 1029 2531 quaesitam
1052 2486 1065 2526 ;
1108 2483 1233 2531 quae
1258 2465 1463 2514 forsitan
1487 2465 1592 2514 laus

257 2545 353 2594 sit:
404 2554 745 2595 verumtamen
787 2553 964 2594 natura
1004 2546 1159 2610 magis
1196 2554 1324 2604 tum,
1377 2562 1592 2609 casuque

258 2641 632 2690 nonnunquam,
668 2642 815 2691 quam
857 2633 943 2673 aut
984 2625 1173 2673 ratione
1215 2623 1377 2688 aliqua
1402 2632 1488 2672 aut
1510 2625 1594 2673 ob-

258 2704 533 2755 servatione
558 2703 721 2753 fiebat.
772 2704 886 2769 Ipsa
910 2703 1041 2752 enim
1061 2711 1236 2752 natura
1254 2703 1595 2769 circumscripu

258 2784 395 2834 tione
427 2784 639 2849 quadam
677 2785 939 2832 verborum
982 2782 1360 2848 comprehendit
1395 2784 1595 2833 conclu-

261 2864 435 2930 ditque
473 2864 800 2916 sententiam:
839 2880 965 2929 quae
1007 2880 1121 2914 cum
1162 2863 1289 2930 aptis
1325 2863 1593 2923 constricta
