2071 3508
13 2966 22 3207 ,μὴ’-η’*-

687 445 1077 485 PARTITIONES.
1472 453 1554 490 469

209 555 452 621 quaestio,
478 562 529 604 et
553 555 850 619 disceptatio
875 562 950 602 est
975 562 1214 603 extrema.
1266 555 1326 603 In
1350 555 1445 604 illis
1469 574 1553 606 au-

209 643 332 695 tem,
375 638 459 685 ubi
500 636 570 682 ita
590 633 809 694 dicitur,
858 634 977 682 Non
1001 635 1182 682 minuit
1223 636 1554 700 majestatem,

209 716 345 779 quod
369 715 473 778 egit
493 714 555 762 de
577 713 830 778 Caepione
846 713 1205 775 turbulentius3
1231 714 1404 780 populi
1421 717 1554 765 enim

211 793 428 847 Romani
468 792 608 841 dolor
638 791 805 857 justus
845 793 946 841 vim
988 792 1122 841 illam
1159 795 1417 855 excitavit,
1455 812 1556 844 non

209 873 397 921 tribuni
445 873 577 922 actio
599 894 612 934 ;
675 872 903 938 majestas
951 880 1138 934 autem,
1199 875 1433 940 quoniam
1481 884 1558 926 est

209 952 507 1015 magnitudo
537 952 780 1017 quaedam
808 953 980 1018 populi
1007 954 1239 1011 Romani,
1265 955 1318 1002 in
1343 954 1448 1020 ejus
1471 972 1560 1020 po-

210 1037 394 1080 testate
453 1049 513 1080 ac
551 1031 666 1097 jure
714 1033 994 1091 retinendo,
1056 1041 1204 1082 aucta
1245 1042 1321 1084 est
1374 1035 1560 1099 potius,

212 1128 361 1175 quam
387 1111 664 1162 diminuta:
703 1121 755 1162 et
771 1113 857 1162 ubi
882 1113 951 1162 ita
975 1113 1205 1171 refertur,
1230 1113 1469 1179 Majestas
1486 1122 1563 1164 est

211 1188 264 1237 in
289 1190 502 1255 imperii,
523 1200 671 1258 atque
697 1193 749 1241 in
774 1193 988 1241 nominis
1013 1193 1184 1258 populi
1212 1194 1429 1242 Romani
1455 1194 1565 1259 dig-

213 1268 392 1330 nitate,
432 1288 578 1335 quam
622 1272 804 1321 minuit
841 1273 900 1332 is,
937 1273 1021 1338 qui
1045 1289 1134 1338 per
1158 1273 1259 1321 vim
1284 1273 1566 1322 multitudi-

212 1349 289 1396 nis
315 1367 419 1398 rem
446 1351 510 1399 ad
535 1352 831 1400 seditionem
856 1352 1087 1402 vocavit:
1132 1352 1326 1402 exsistit
1360 1352 1444 1401 illa
1468 1352 1566 1402 dis-

215 1430 452 1494 ceptatio,
492 1431 803 1480 Minueritne
830 1430 1158 1496 majestatem,
1197 1433 1281 1497 qui
1304 1431 1566 1482 voluntate

172 1532 177 1536 ¹
214 1509 388 1574 populi
416 1511 632 1558 Romani
674 1527 779 1560 rem
802 1519 996 1576 gratam
1021 1518 1073 1560 et
1107 1527 1317 1576 aequam
1351 1528 1441 1577 per
1464 1511 1567 1560 vim

217 1591 394 1654 egerit.
467 1591 529 1638 In
567 1591 642 1639 his
683 1600 852 1640 autem
892 1592 1070 1651 causis,
1106 1592 1192 1640 ubi
1217 1591 1405 1656 aliquid
1429 1598 1571 1641 recte

214 1668 425 1730 factum,
463 1679 550 1719 aut
592 1671 977 1720 concedendum
1014 1688 1121 1721 esse
1162 1670 1354 1721 factum
1397 1671 1572 1721 defen-

217 1749 367 1808 ditur,
396 1768 511 1799 cum
538 1759 614 1800 est
637 1751 759 1801 facti
784 1750 1009 1816 subjecta
1034 1752 1179 1812 ratio,
1204 1751 1335 1799 sicut
1359 1752 1420 1800 ab
1447 1750 1572 1817 Opi-

215 1831 336 1890 mio,
368 1830 491 1881 Jure
515 1830 634 1890 feci,
661 1831 829 1880 salutis
855 1831 1098 1890 omnium,
1124 1839 1175 1879 et
1200 1830 1572 1879 conservandae

219 1909 527 1974 reipublicae
554 1926 724 1960 causa:
753 1909 1065 1975 relatumque
1093 1917 1168 1958 est
1191 1911 1252 1958 ab
1281 1909 1464 1968 Decio,
1488 1909 1573 1957 Ne

219 1989 654 2037 sceleratissimum
680 1990 883 2054 quidem
911 1990 1071 2038 civem
1097 1990 1202 2037 sine
1229 1988 1425 2054 judicio
1454 1988 1572 2053 jure

218 2068 321 2117 ullo
346 2085 527 2117 necare
552 2069 759 2134 potuisti
781 2087 792 2117 ε
833 2069 989 2117 oritur
1013 2068 1098 2117 illa
1123 2068 1439 2132 disceptatio,
1477 2067 1572 2115 Po-

219 2149 439 2197 tueritne
464 2158 618 2206 recte‚
659 2149 828 2197 salutis
854 2148 1157 2214 reipublicae
1183 2164 1351 2207 causa,
1388 2148 1570 2207 civem,

220 2246 498 2279 eversorem
543 2230 772 2287 civitatis,
833 2229 1179 2277 indemnatum
1221 2245 1418 2277 necare.
1492 2227 1574 2276 Ita

221 2309 609 2375 disceptationes
635 2327 739 2368 eae,
775 2326 901 2374 quae
926 2310 977 2356 in
1002 2308 1077 2357 his
1104 2308 1452 2357 controversiis
1477 2306 1572 2355 ori-

220 2396 393 2449 untur,
432 2407 558 2455 quae
595 2398 711 2438 sunt
737 2389 885 2438 certis
908 2389 1132 2453 personis
1169 2396 1221 2436 et
1260 2386 1571 2452 temporibus

222 2477 440 2527 notatae,
474 2469 602 2520 fiunt
625 2487 791 2518 rursus
816 2469 1057 2528 infinitae,
1083 2468 1420 2532 detractisque
1443 2474 1572 2514 tem-

221 2549 425 2614 poribus
451 2558 502 2598 et
525 2551 768 2615 personis,
787 2566 980 2598 rursum
1000 2549 1064 2597 ad
1081 2547 1457 2598 consultationis
1472 2545 1572 2594 for-

222 2645 356 2677 mam
380 2629 724 2693 rationemque
749 2636 1063 2677 revocantur.

293 2706 393 2756 Sed
428 2708 478 2773 in
503 2707 802 2772 gravissimis
826 2707 1167 2766 firmamentis,
1206 2706 1357 2755 etiam
1381 2704 1465 2753 illa
1487 2720 1574 2769 po-
1609 2698 1717 2759 31.

225 2786 393 2835 nenda
411 2794 542 2843 sunt,
565 2787 603 2834 si
624 2803 721 2851 qua
746 2803 808 2834 ex
828 2786 1012 2851 scripto
1037 2785 1175 2850 legis,
1203 2792 1291 2833 aut
1309 2791 1576 2832 testamen-

225 2866 285 2926 ti,
323 2874 410 2914 aut
444 2867 709 2915 verborum
734 2866 886 2932 ipsius
906 2865 1107 2931 judicii,
1144 2872 1232 2913 aut
1259 2863 1466 2928 alicujus
1491 2863 1575 2912 sti-

227 2944 514 3011 pulationiS,
556 2953 644 2996 aut
668 2945 913 2997 cautionis
949 2951 1271 3011 opponuntur
1296 2942 1574 2996 defensioni

1089 3041 1121 3074 G
1155 3039 1191 3089 g
1207 3031 1237 3071 3
