2071 3508
735 412 904 452 LIBER
934 412 1157 453 PRIMUS.
1563 421 1609 456 15

275 533 326 572 te
362 530 413 571 et
442 522 603 587 capite
639 522 860 582 Socrate,
897 522 1019 570 nihil
1047 531 1098 570 te
1125 523 1186 571 de
1211 523 1353 571 bonis
1378 525 1523 572 rebus
1559 526 1609 571 in

275 603 392 660 vita,
417 601 539 648 nihil
565 601 626 649 de
652 602 808 660 malis,
844 601 967 649 nihil
1006 602 1068 650 de
1106 602 1257 649 animi
1293 604 1610 667 permotioni-

272 683 380 739 bus,
400 679 522 727 nihil
547 680 608 729 de
633 681 887 728 hominum
914 681 1149 740 moribus,
1174 681 1296 728 nihil
1322 682 1383 729 de
1419 683 1609 731 ratione

271 760 400 808 vitae
427 760 674 819 didicisse,
695 760 816 808 nihil
836 761 1036 808 omnino
1054 761 1318 824 quaesisse,
1344 761 1465 808 nihil
1485 762 1610 810 scire

269 840 658 888 convincerent:
698 848 765 899 et,
805 857 918 894 cum
959 841 1176 888 universi
1211 841 1262 887 in
1293 849 1343 888 te
1369 841 1608 905 impetum

268 919 522 979 fecissent,
554 928 660 968 tum
686 919 908 984 singulae
932 919 1147 968 familiae
1171 920 1310 967 litem
1336 920 1425 967 tibi
1450 920 1609 969 inten-

269 999 461 1047 derent.
501 999 717 1047 Instaret
733 998 1028 1058 Academia,
1043 1015 1187 1063 quae,
1205 998 1447 1063 quidquid
1462 999 1609 1048 dixis-

270 1095 364 1137 ses,
389 1079 442 1127 id
465 1079 678 1144 teipsum
699 1079 822 1127 scire
848 1087 1070 1143 negaret.
1127 1079 1281 1127 Stoici
1299 1094 1416 1126 vero
1436 1080 1608 1139 nostri,

269 1157 661 1223 disputationum
708 1175 906 1206 suarum
961 1166 1109 1222 atque
1163 1158 1606 1222 interrogationum

268 1235 474 1302 laqueis,
510 1246 560 1287 te
596 1239 841 1286 irretitum
865 1246 1110 1286 tenerent.
1184 1237 1502 1302 Peripatetici
1528 1254 1609 1284 au-

269 1322 372 1364 tem
397 1318 546 1365 etiam
570 1318 693 1365 haec
719 1318 840 1381 ipsa,
878 1334 1002 1380 quae
1027 1317 1224 1382 propria
1247 1323 1496 1363 oratorum
1521 1333 1609 1380 pu-

271 1403 344 1443 tas
370 1413 474 1444 esse
499 1395 785 1460 adjumenta
815 1404 963 1459 atque
989 1403 1278 1443 ornamenta
1303 1394 1522 1452 dicendi,
1548 1396 1608 1442 ab

271 1491 322 1522 se
357 1476 462 1539 peti
498 1476 756 1523 vincerent
781 1482 1008 1538 oportere
1030 1491 1042 1520 ε
1081 1490 1139 1521 ac
1164 1489 1264 1521 non
1290 1472 1447 1520 solum
1473 1472 1609 1520 meli-

269 1570 370 1612 ora,
412 1553 500 1601 sed
538 1554 684 1600 etiam
722 1553 878 1601 multo
908 1553 1067 1618 plura,
1094 1552 1418 1602 Aristotelem
1445 1553 1608 1601 Theo-

265 1631 619 1700 phrastumque
646 1632 707 1680 de
732 1632 806 1680 his
831 1633 995 1691 rebUS,
1027 1649 1175 1697 quam
1201 1649 1371 1681 omnes
1406 1633 1607 1681 dicendi

265 1711 543 1775 magistros,
579 1711 827 1776 scripsisse
858 1712 1195 1760 ostenderent.
1269 1711 1450 1760 Missos
1474 1712 1605 1761 facio

264 1790 659 1850 mathematicos,
701 1792 1070 1855 grammaticos,
1116 1792 1348 1852 musiCOS,
1396 1808 1605 1857 quorum

263 1871 449 1919 artibus
484 1878 647 1919 vestra
681 1872 775 1919 ista
805 1871 1007 1920 dicendi
1047 1872 1120 1920 vis
1161 1889 1224 1920 ne
1260 1872 1464 1920 minima
1501 1873 1606 1937 qui-

263 1949 378 1998 dem
421 1951 659 1998 societate
708 1949 1043 2015 conjungitur.
1130 1951 1467 2008 Quamobrem
1512 1940 1606 1999 ista

262 2036 403 2076 tanta
454 2037 655 2092 tamque
708 2028 864 2076 multa
914 2029 1210 2092 profitenda,
1265 2030 1457 2088 Crasse,
1504 2045 1605 2078 non

264 2123 476 2156 censeo:
521 2107 635 2155 satis
660 2107 711 2154 id
744 2114 818 2154 est
853 2123 1109 2171 magnum,
1146 2107 1279 2171 quod
1302 2116 1445 2172 potes
1468 2125 1605 2173 prae-

262 2196 411 2247 stare,
448 2194 507 2235 ut
541 2187 591 2233 in
618 2185 821 2250 judiciis
859 2204 917 2234 ea
953 2203 1117 2245 causa,
1149 2203 1513 2252 quamcumque
1549 2197 1604 2236 tu

261 2267 404 2326 dicis,
442 2265 634 2325 melior,
670 2274 721 2314 et
755 2265 1054 2330 probabilior
1090 2282 1194 2313 esse
1230 2266 1489 2314 videatur:
1529 2275 1603 2326 ut,

260 2346 313 2394 in
338 2346 662 2395 concionibus
693 2354 744 2394 et
768 2346 1026 2393 sententiis
1052 2345 1295 2404 dicendiS,
1320 2345 1383 2393 ad
1406 2362 1602 2410 persua-

261 2425 482 2474 dendum
506 2434 593 2474 tua
616 2424 881 2490 plurimum
906 2425 1068 2473 valeat
1092 2425 1277 2472 oratio:
1307 2425 1521 2489 denique
1546 2436 1602 2475 ut

259 2504 588 2569 prudentibus
613 2503 813 2562 diserte,
840 2504 1001 2552 stultis
1028 2504 1177 2552 etiam
1201 2521 1317 2553 vere
1343 2505 1509 2553 dicere
1533 2506 1602 2552 vi-

261 2583 436 2631 dearis.
490 2582 606 2631 Hoc
625 2582 832 2647 amplius
852 2583 890 2631 si
910 2583 1030 2648 quid
1051 2583 1254 2647 poteris,
1279 2599 1379 2631 non
1403 2583 1455 2631 id
1480 2584 1600 2632 mihi

260 2662 510 2710 videbitur
545 2670 726 2721 orator,
765 2662 852 2710 sed
892 2662 1094 2711 Crassus
1131 2679 1217 2710 sua
1247 2662 1458 2727 quadam
1489 2680 1598 2727 pro-

260 2742 385 2807 pria,
410 2758 510 2789 non
536 2741 787 2790 communi
812 2749 1080 2800 oratorum,
1105 2741 1342 2789 facultate
1366 2758 1524 2806 posse.

328 2821 464 2869 Tum
499 2821 600 2881 ille,
636 2821 752 2869 Non
793 2838 917 2881 sum,
950 2821 1128 2886 inquit,
1153 2821 1367 2880 nescius,
1392 2821 1598 2871 Scaevo-

1640 1006 1718 1044 43.

1638 1719 1717 1758 44.

1640 2815 1736 2875 11.

261 2900 328 2960 la,
362 2901 456 2950 ista
491 2901 622 2950 inter
657 2900 878 2953 Graecos
915 2900 1013 2950 dici
1050 2909 1101 2950 et
1136 2900 1399 2966 disceptari
1423 2902 1594 2951 solere.
1628 2911 1707 2953 45.
