2071 3508
772 380 1145 422 ORATORIBUS.
1547 388 1626 425 393

357 486 549 538 Eodem
572 497 796 552 tempore
822 488 879 536 C.
908 497 959 537 et
983 489 1043 536 L.
1071 489 1297 553 Caepasii
1320 489 1496 539 fratres
1519 491 1624 542 fue-
1658 486 1764 547 69.

289 575 425 627 runt,
461 567 546 633 qui
568 566 725 615 multa
748 582 916 631 opera,
939 567 1100 631 ignoti
1125 567 1350 616 homines
1376 576 1427 616 et
1449 586 1623 634 repen-

288 647 400 706 tini,
443 653 725 711 quaestores
768 645 997 694 celeriter
1035 645 1158 694 facti
1200 654 1333 706 sunt,
1375 649 1625 713 oppidano

289 725 503 789 quodam
542 732 594 772 et
629 723 890 773 incondito
927 741 1112 790 genere
1152 725 1370 774 dicendi.
1456 726 1627 776 Adda-

286 820 396 852 mus
425 804 525 852 huc
550 803 720 863 etiam,
756 820 820 853 ne
862 820 1011 869 quem
1051 804 1278 854 vocalem
1316 807 1627 870 praeteriisse

285 883 559 941 videamur,
599 884 657 933 C.
685 884 988 933 Cosconium
1015 884 1349 944 Calidianum,
1381 886 1465 951 qui
1490 886 1626 941 nullo

285 963 534 1023 acumine,
560 979 669 1012 eam
694 970 864 1012 tamen
888 964 1153 1012 verborum
1178 964 1391 1029 copiam,
1417 965 1455 1013 si
1481 982 1627 1030 quam

283 1042 520 1102 habebat,
560 1044 832 1108 praebebat
868 1043 1055 1108 populo
1097 1061 1213 1092 cum
1238 1043 1395 1092 multa
1419 1061 1627 1094 concur-

284 1122 494 1181 satione,
530 1138 814 1187 magnoque
841 1121 1071 1172 clamore.
1145 1123 1296 1179 Quod
1320 1122 1453 1171 idem
1476 1122 1626 1173 facie-

282 1201 371 1251 bat
408 1203 472 1260 Q.
500 1201 694 1260 Arrius,
738 1202 822 1267 qui
859 1201 957 1251 fuit
999 1202 1075 1251 M.
1103 1203 1265 1251 Crassi
1286 1204 1428 1267 quasi
1453 1221 1627 1253 secun-

286 1282 467 1332 darius.
541 1283 591 1330 Is
615 1282 844 1331 omnibus
871 1282 1100 1347 exemplo
1127 1283 1278 1331 debet
1308 1300 1430 1340 esse,
1475 1279 1646 1349 quan÷¹

286 1370 394 1411 tum
418 1362 470 1410 in
495 1361 588 1411 hac
616 1362 737 1410 urbe
762 1361 949 1426 polleat
980 1361 1251 1414 multorum
1275 1362 1479 1411 obedire
1497 1350 1626 1411 'tem-

283 1442 412 1507 pori,
453 1440 824 1505 multorumque
849 1440 929 1489 vel
954 1440 1129 1488 honori
1154 1440 1233 1488 vel
1275 1441 1499 1505 periculo
1531 1458 1626 1490 ser-

283 1522 405 1570 vire.
479 1520 574 1568 His
600 1520 733 1568 enim
758 1519 925 1578 rebus,
949 1518 1117 1566 infimo
1141 1518 1253 1567 loco
1277 1527 1439 1576 natus,
1467 1528 1518 1568 et
1541 1519 1627 1569 ho-

282 1616 448 1660 noreS,
468 1607 520 1649 et
536 1598 822 1664 pecuniam,
842 1605 893 1647 et
910 1597 1121 1662 gratiam
1138 1605 1453 1655 consecutUS‚
1475 1600 1625 1651 etiam

284 1678 337 1727 in
360 1687 702 1745 patronorum,
741 1677 847 1726 sine
872 1677 1118 1736 doctrina,
1155 1677 1260 1725 sine
1285 1677 1505 1742 ingenio,
1542 1678 1627 1728 ali-

284 1776 434 1825 quem
458 1775 722 1808 numerum
746 1765 1057 1822 pervenerat.
1130 1756 1229 1806 Sed
1257 1765 1315 1806 ut
1337 1758 1531 1822 pugiles
1556 1759 1627 1807 in-

284 1840 566 1898 exercitati,
609 1839 759 1887 etiam
784 1837 822 1885 si
846 1854 1042 1902 pugnos
1067 1844 1119 1885 et
1140 1836 1329 1902 plagas,
1369 1837 1627 1903 Olympio-

284 1938 394 1970 rum
431 1920 617 1985 cupidi‚
661 1918 791 1966 ferre
828 1924 1055 1982 possunt,
1097 1916 1250 1965 solem
1286 1926 1457 1966 tamen
1480 1935 1627 1983 saepe

282 1999 414 2049 ferre
440 2016 541 2048 non
565 2005 802 2063 possunt:
841 1996 912 2044 sic
937 1995 1039 2054 ille,
1082 2013 1196 2044 cum
1236 1996 1372 2044 omni
1399 1995 1506 2060 jam
1529 1996 1627 2045 for-

284 2088 408 2130 tuna
447 2095 681 2145 prospere
722 2075 946 2135 functus,
993 2075 1185 2124 labores
1227 2075 1377 2123 etiam
1418 2092 1626 2141 magnos

285 2159 578 2224 excepisset,
639 2155 770 2204 illius
817 2153 1071 2219 judicialis
1125 2155 1242 2202 anni
1290 2155 1626 2214 severitatem,

285 2239 424 2305 quasi
449 2237 622 2296 solem,
665 2252 764 2284 non
787 2234 918 2283 tulit.
991 2234 1125 2283 Tum
1152 2234 1376 2294 Atticus,
1413 2234 1495 2282 Tu
1521 2235 1625 2299 qui-

285 2320 400 2369 dem
426 2319 489 2368 de
513 2317 671 2374 faece,
698 2316 875 2381 inquit,
902 2314 1085 2375 hauris,
1109 2314 1260 2380 idque
1277 2313 1382 2379 jam
1402 2313 1622 2363 dudum:

285 2401 374 2449 sed
396 2400 654 2449 tacebam:
693 2397 790 2445 hoc
814 2412 933 2445 vero
956 2412 1057 2444 non
1082 2396 1338 2460 putabam,
1380 2402 1431 2443 te
1469 2411 1626 2460 usque

285 2480 350 2529 ad
374 2479 599 2528 Stalenos
635 2486 686 2526 et
711 2476 986 2525 Autronios
1022 2492 1128 2524 esse
1153 2482 1435 2524 venturum.
1507 2475 1626 2523 Non

284 2568 428 2625 puto,
451 2559 670 2622 inquam,
699 2557 980 2606 existimare
1004 2563 1077 2614 te,
1109 2554 1379 2603 ambitione
1403 2570 1485 2602 me
1507 2553 1626 2614 labi,

285 2639 469 2704 quippe
511 2637 574 2685 de
616 2635 824 2684 mortuis
845 2653 857 2682 :
913 2634 1002 2683 sed
1036 2633 1265 2682 ordinem
1307 2648 1538 2696 sequens,
1574 2633 1627 2681 in

285 2718 575 2767 memoriam
616 2724 787 2764 notam
834 2721 886 2763 et
932 2713 1191 2778 aequalem
1233 2711 1513 2760 necessario
1554 2712 1627 2760 in-

286 2815 447 2849 curro.
518 2795 651 2846 Volo
676 2802 843 2844 autem
867 2793 964 2842 hoc
989 2791 1220 2859 perspici,
1257 2791 1487 2841 omnibus
1511 2808 1628 2841 con-

286 2878 494 2946 quisitiS,
521 2876 607 2944 qui
629 2877 681 2926 in
705 2873 1028 2926 multitudine
1055 2873 1225 2925 dicere
1249 2873 1354 2922 ausi
1379 2872 1497 2932 sint,
1527 2887 1628 2923 me-
