2071 3508
1046 416 1275 471 (222)

782 684 856 733 M.
899 684 1144 734 TULLII
1187 681 1565 734 CICERONIS

719 1050 1630 1123 ORATORE

941 1456 1004 1513 Q,
1052 1455 1404 1504 FRATREM

829 1704 1099 1747 mALoGUs,
1136 1705 1226 1736 SEU
1262 1704 1414 1736 LIBER
1447 1704 1523 1735 ΙΙΙ.

425 1852 477 1908 Ῑ.
513 1848 851 1905 ῘΝΞΤΙΤΗΕΝΤΙ
871 1857 1005 1913 mihi,
1029 1856 1215 1913 Quinte
1235 1854 1403 1914 frater,
1423 1871 1535 1903 eum
1555 1871 1829 1904 sermonem

445 1944 485 1982 1.

440 2485 469 2523 [ὓ

514 1934 716 1993 referre,
742 1943 792 1982 et
816 1934 1047 1982 mandare
1075 1934 1190 1981 huic
1215 1933 1362 1981 tertio
1384 1933 1526 1992 libro,
1556 1950 1701 1997 quem
1724 1941 1837 1998 post

516 2013 726 2061 Antonii
746 2013 1127 2077 disputationem
1149 2012 1348 2060 Crassus
1366 2011 1634 2071 habuisset,
1659 2013 1835 2061 acerba

516 2108 630 2138 sane
668 2091 943 2139 recordatio
974 2099 1187 2139 veterem
1226 2091 1374 2138 animi
1414 2107 1580 2138 curam
1619 2090 1835 2138 molesti-

517 2184 693 2230 amque
713 2169 980 2216 renovavit.
1051 2169 1180 2216 Nam
1200 2168 1321 2215 illud
1340 2166 1706 2216 immortalitate
1731 2168 1837 2231 dig-

517 2261 636 2292 num
678 2245 949 2308 ingenium,
996 2245 1077 2293 illa
1116 2246 1411 2303 humanitas,
1456 2245 1538 2292 illa
1577 2246 1733 2293 virtus
1776 2247 1836 2294 L.

521 2323 694 2379 Crassi,
727 2332 883 2370 morte
909 2324 1128 2371 extincta
1153 2324 1312 2371 subita
1335 2330 1427 2381 est,
1450 2323 1534 2370 vix
1559 2323 1731 2371 diebus
1755 2324 1838 2371 de-

521 2418 628 2449 cem
657 2409 768 2465 post
801 2418 912 2448 eum
943 2401 1091 2459 diem,
1116 2402 1198 2464 qui
1229 2401 1324 2449 hoc
1357 2410 1407 2448 et
1436 2400 1682 2464 superiore
1713 2400 1837 2449 libro

479 2511 489 2523 .
521 2480 816 2527 continetur.
893 2479 965 2526 Ut
1005 2479 1135 2526 enim
1179 2480 1388 2527 Romam
1429 2478 1576 2525 rediit
1617 2486 1838 2527 extremo

520 2556 826 2604 scenicorum
850 2555 1078 2603 ludorum
1104 2555 1202 2614 die,
1227 2556 1546 2604 vehementer
1565 2565 1841 2605 commotus

521 2652 579 2682 ea
611 2634 848 2693 oratione,
873 2651 996 2698 quae
1031 2633 1279 2682 ferebatur
1309 2635 1476 2683 habita
1507 2651 1610 2682 esse
1642 2635 1692 2682 in
1727 2652 1840 2683 con-

522 2713 664 2760 cione
697 2730 725 2760 a
751 2713 1010 2777 Philipp03
1055 2730 1201 2776 quem
1240 2714 1419 2761 dixisse
1458 2715 1730 2773 constabat,
1754 2715 1840 2762 Vi-

522 2790 739 2838 dendum
765 2791 854 2839 sibi
878 2791 1011 2839 aliud
1036 2809 1139 2840 esse
1160 2793 1447 2853 consilium;
1485 2792 1569 2840 illo
1593 2801 1764 2841 senatu
1789 2809 1843 2841 se

522 2870 874 2933 rempublicam
917 2887 1089 2935 gerere
1130 2888 1230 2921 non
1270 2888 1446 2937 posse:
1496 2887 1640 2922 mane
1679 2871 1841 2920 idibus
