2071 3508
661 407 827 446 LIBER
859 406 1166 446 SECUNDUS.
1510 412 1588 450 149

258 513 452 563 Carbo:
491 514 539 562 Si
565 515 735 562 consul
763 523 850 571 est,
890 516 974 579 qui
1000 515 1212 564 consulit
1237 515 1439 580 patriae,
1466 518 1588 579 quid

254 590 386 639 aliud
410 591 529 639 fecit
555 590 817 656 Opimius?
856 593 940 641 Sin
966 594 1026 641 ab
1053 609 1130 651 eo,
1155 593 1288 656 quod
1314 610 1416 641 rem
1443 595 1587 641 attin·
1625 604 1731 645 166.

250 678 366 732 gat3
406 669 568 733 plures
593 677 707 719 sunt
731 680 1137 735 argumentorum
1175 673 1317 720 sedes
1356 689 1413 720 ac
1456 672 1587 720 loci:

250 762 363 795 nam
389 756 440 796 et
465 748 731 813 conjuncta
755 767 1065 814 quaeremus,
1092 759 1142 799 et
1166 768 1371 816 genera,
1408 759 1457 799 et
1482 768 1591 815 par-

249 831 323 872 tes
346 827 611 889 generibus
636 827 899 892 subjectas,
942 837 993 877 et
1029 829 1393 889 similitudines,
1419 838 1469 878 et
1496 830 1591 878 dis-

249 903 612 966 similitudines,
655 916 705 955 et
737 909 1001 968 contraria,
1040 917 1091 957 et
1124 910 1499 974 consequentia,
1537 917 1589 958 et

249 993 598 1044 consentanea,
641 994 692 1034 et
734 987 869 1051 quasi
911 988 1299 1051 praecurrentia,
1335 997 1384 1037 et
1409 1005 1588 1054 repug-

247 1063 435 1123 nantia,
477 1072 528 1113 et
575 1082 744 1114 causas
791 1083 954 1114 rerum
996 1068 1364 1131 vestigabimus,
1411 1075 1462 1116 et
1510 1084 1587 1126 ea,

249 1156 374 1204 quae
411 1158 475 1191 ex
512 1145 669 1193 causis
706 1154 814 1194 orta
838 1153 970 1204 sunt,
1007 1155 1058 1194 et
1090 1145 1293 1210 majora,
1317 1146 1473 1210 paria,
1497 1145 1587 1193 mi-

249 1235 368 1268 nora
393 1238 699 1285 quaeremus.

317 1298 393 1347 Ex
438 1299 717 1364 conjunctis
760 1301 829 1350 sic
872 1312 1163 1367 argumenta
1206 1303 1492 1350 ducuntur:
1537 1301 1586 1350 Si
1618 1288 1728 1349 4⁴0.

250 1376 422 1441 pietati
448 1395 637 1426 summa
661 1380 924 1428 tribuenda
947 1380 1052 1428 laus
1077 1390 1169 1438 est,
1207 1379 1398 1427 debetis
1423 1395 1587 1428 move·
1624 1380 1715 1426 167
1721 1410 1733 1422 ·

249 1456 308 1514 ri,
351 1473 464 1505 cum
505 1458 568 1514 Q.
597 1457 860 1506 Metellum
899 1468 1000 1506 tam
1037 1459 1117 1522 pie
1154 1458 1325 1520 lugere
1362 1457 1587 1505 videatis.

250 1533 328 1581 Ex
352 1552 536 1599 genere
562 1545 727 1584 autem
748 1555 759 1584 :
800 1537 850 1584 Si
875 1538 1192 1602 magistratus
1217 1537 1268 1582 in
1291 1534 1462 1600 populi
1489 1535 1590 1583 Ro-

248 1613 380 1660 mani
404 1622 652 1678 potestate
678 1632 782 1663 esse
808 1616 1012 1675 debent,
1044 1615 1164 1680 quid
1191 1615 1482 1662 Norbanum
1508 1630 1587 1663 ac-

247 1707 405 1752 cusas,
432 1693 872 1758 cujustribunatus
896 1694 1140 1744 voluntati
1164 1693 1328 1758 paruit
1354 1692 1585 1742 civitatis.

246 1769 324 1818 Ex
347 1780 487 1836 parte
513 1781 679 1821 autem
699 1790 774 1832 ea,
795 1790 918 1838 quae
945 1781 1019 1821 est
1044 1771 1268 1836 subjecta
1283 1771 1463 1836 generi
1486 1789 1498 1819 ε
1538 1771 1588 1819 Si
1620 1769 1728 1812 168·

247 1866 437 1910 omneS,
463 1852 545 1916 qui
571 1852 872 1917 reipublicae
893 1851 1177 1910 consulunt,
1196 1850 1296 1899 cari
1315 1850 1456 1898 nobis
1482 1867 1587 1900 esse

247 1929 450 1990 debent,
499 1940 633 1980 certe
681 1932 731 1978 in
778 1932 946 1996 primis
987 1931 1326 1995 imperatores,
1375 1946 1586 1994 quorum

249 2009 477 2066 consiliis,
504 2011 707 2068 virtute,
732 2010 978 2075 periculis,
1002 2010 1272 2058 retinemus
1293 2017 1343 2058 et
1368 2016 1586 2056 nostram

248 2088 471 2146 salutem,
500 2098 550 2138 et
574 2091 765 2154 imperii
787 2090 1098 2154 dignitatem.
1160 2089 1237 2136 Ex
1263 2087 1586 2137 similitudine

248 2176 413 2216 autem
437 2187 447 2216 ε
488 2169 535 2216 Si
561 2168 694 2217 ferae
719 2180 887 2234 partus
913 2186 1024 2217 suos
1051 2169 1283 2233 diligunt,
1301 2185 1398 2232 qua
1422 2184 1510 2215 nos
1535 2167 1587 2214 in

245 2245 426 2294 liberos
464 2256 654 2300 nostros
692 2247 1003 2313 indulgentia
1034 2264 1138 2296 esse
1178 2245 1450 2296 debemus?
1514 2245 1588 2294 At
1625 2247 1730 2290 169·

247 2341 307 2373 ex
348 2325 775 2374 dissimilitudine:
816 2326 865 2374 Si
897 2327 1215 2376 barbarorum
1253 2334 1328 2374 est
1362 2325 1414 2372 in
1453 2324 1585 2373 diem

244 2403 426 2461 vivere,
449 2412 615 2452 nostra
640 2405 844 2453 consilia
863 2406 1216 2470 sempiternum
1233 2412 1429 2468 tempus
1450 2420 1587 2468 spec-

246 2489 351 2530 tare
377 2482 577 2533 debent.
653 2483 823 2548 Atque
848 2492 1058 2548 utroque
1085 2483 1134 2530 in
1160 2499 1344 2547 genere
1372 2490 1421 2532 et
1458 2483 1586 2530 simi-

244 2559 487 2620 litudinis,
529 2570 579 2609 et
621 2562 1046 2618 dissimilitudinis,
1103 2560 1331 2625 exempla
1373 2568 1487 2608 sunt
1523 2576 1585 2608 ex

246 2637 454 2686 aliorum
478 2637 642 2698 factis,
681 2647 766 2687 aut
791 2640 956 2698 dictis,
995 2647 1080 2686 aut
1105 2640 1325 2697 eventis3
1366 2646 1417 2686 et
1441 2637 1585 2686 fictae

245 2717 551 2766 narrationes
576 2734 721 2782 saepe
744 2716 1023 2782 ponendae.
1072 2716 1190 2765 'Jam
1217 2733 1279 2764 ex
1306 2716 1582 2764 contrario:

247 2794 298 2844 Si
317 2795 578 2845 Gracchus
597 2795 799 2852 nefarie,
820 2794 1071 2860 praeclare
1091 2794 1335 2859 Opimius.
1374 2795 1451 2843 Ex
1470 2811 1584 2843 con·
1621 2807 1728 2853 170,

247 2875 601 2941 sequentibus:
641 2874 691 2924 Si
732 2882 784 2924 et
814 2873 945 2926 ferro
980 2871 1276 2923 interfectus
1305 2873 1403 2932 ille,
1442 2883 1494 2924 et
1528 2882 1584 2924 tu

1166 2968 1200 3001 K
1221 2962 1249 3001 3
