2071 3508
310 1488 415 1534 171.

382 2564 408 2602 ΩΟ

437 430 513 467 150
906 427 982 466 DE
1013 424 1280 465 ORA'i'ORE

435 536 661 585 inimicus
687 535 790 601 ejus
815 553 928 585 cum
952 536 1117 601 gladio
1148 541 1352 583 cruento
1379 530 1757 596 comprehensus

438 632 489 664 es
513 617 564 663 in
587 615 670 664 illo
694 616 799 679 ipso
822 615 952 673 loco,
991 621 1042 662 et
1078 629 1223 660 nemo
1247 617 1440 675 praeter
1463 617 1513 657 te
1538 609 1605 657 ibi
1629 610 1758 657 visus

439 703 527 751 est,
555 703 605 742 et
630 711 776 742 causa
798 693 1002 750 nemini,
1038 699 1089 740 et
1112 699 1168 738 tu
1193 706 1382 753 semper
1407 689 1568 736 audax
1590 708 1602 746 3
1643 687 1761 750 quid
1829 743 1831 746 .

440 782 532 832 est,
575 773 705 837 quod
748 772 810 820 de
846 770 1064 818 facinore
1106 769 1330 815 dubitare
1370 766 1646 829 possimus?
1685 764 1761 811 Ex

441 850 797 906 consentaneis,
826 857 876 896 et
893 845 1337 912 praecurrentibUS,
1374 852 1425 891 et
1448 843 1764 907 repugnanti-

439 931 549 987 bus,
587 936 644 976 ut
681 928 796 975 olim
834 928 1034 975 Crassus
1075 923 1389 972 adolescens:
1427 921 1545 968 Non
1581 921 1619 967 si
1644 920 1764 984 Opi-

442 1008 595 1055 mium
626 1005 908 1063 defendisti,
951 998 1130 1060 Carbo‚
1165 1001 1351 1048 idcirco
1391 1006 1442 1046 te
1477 999 1556 1046 isti
1579 999 1765 1046 bonum

443 1085 601 1133 civem
647 1085 924 1148 putabunt:
980 1080 1228 1128 simulasse
1275 1086 1344 1137 te,
1393 1085 1442 1125 et
1480 1076 1612 1124 aliud
1648 1076 1767 1140 quid

442 1163 686 1226 quaesisse
737 1159 1051 1225 perspicuum
1099 1164 1190 1215 est,
1243 1157 1374 1221 quod
1421 1156 1502 1203 Ti.
1549 1154 1766 1203 Gracchi

443 1246 651 1286 mortem
694 1255 838 1302 saepe
871 1238 923 1284 in
959 1235 1280 1283 concionibus
1318 1233 1600 1298 deplorasti,
1636 1233 1770 1297 quod

447 1318 568 1365 Pub.
598 1315 825 1364 Africani
865 1314 1002 1362 necis
1039 1313 1198 1360 socius
1232 1311 1388 1369 fuisti,
1413 1312 1547 1374 quod
1571 1328 1678 1358 eam
1701 1312 1770 1360 le-

446 1412 561 1460 gem
593 1395 644 1440 in
682 1393 937 1441 tribunatu
973 1390 1147 1448 tulisti,
1184 1389 1317 1453 quod
1341 1405 1532 1453 semper
1567 1406 1595 1436 a
1628 1390 1769 1438 bonis

448 1472 731 1521 dissensisti.
802 1471 879 1518 Ex
916 1470 1072 1518 causis
1108 1476 1273 1515 autem
1298 1484 1460 1515 rerum
1497 1468 1599 1515 sic:
1639 1467 1770 1515 Ava-

448 1551 609 1599 ritiam
653 1550 691 1608 si
729 1548 902 1597 tollere
926 1547 1092 1604 vultiS,
1128 1554 1285 1593 mater
1310 1544 1411 1609 ejus
1437 1553 1510 1593 θεῖ
1533 1544 1770 1604 tollenda,

448 1629 680 1677 luxuries.
750 1628 827 1674 Ex
852 1627 908 1673 iis
933 1633 1117 1684 autem,
1154 1641 1278 1687 quae
1305 1631 1417 1671 sunt
1441 1631 1547 1671 orta
1571 1623 1632 1671 de
1652 1640 1770 1670 vcau-

453 1709 515 1756 sis
536 1727 548 1755 z
588 1708 636 1755 Si
662 1707 832 1755 aerarii
852 1705 1004 1769 copiis
1021 1711 1070 1751 et
1095 1703 1156 1750 ad
1179 1702 1295 1750 belli
1320 1701 1620 1765 adjumenta,
1641 1709 1690 1749 et
1709 1701 1773 1748 ad

451 1783 894 1847 ornamentapacis
918 1781 1120 1839 utimur,
1143 1778 1465 1843 vectigalibus
1490 1779 1769 1826 serviamus.

408 1893 418 1904 ·
454 1862 646 1926 Majora
683 1868 866 1918 autem,
905 1867 955 1906 et
991 1859 1196 1915 minora,
1233 1864 1283 1904 et
1317 1855 1450 1920 paria
1474 1856 1774 1919 comparabi-

451 1958 577 2000 mus,
603 1941 702 1988 sic:
755 1938 831 1985 Ex
856 1936 1068 2000 majore:
1108 1935 1157 1983 Si
1180 1936 1309 1982 bona
1334 1934 1629 1981 existimatio
1654 1934 1773 1982 divi-

452 2021 530 2068 tiis
572 2025 806 2083 praestat,
854 2024 903 2063 et
947 2014 1159 2078 pecunia
1204 2020 1462 2076 tantopere
1509 2013 1774 2076 expetitur,

454 2105 637 2162 quanto
661 2095 815 2160 gloria
840 2092 994 2156 magis
1020 2099 1094 2139 θεῖ
1123 2091 1437 2155 expetenda?
1487 2091 1562 2138 Ex
1588 2092 1775 2139 minore

454 2177 553 2224 Sic:

776 2265 835 2304 hic
847 2279 993 2318 parvae
1012 2264 1287 2304 consuetudinis

568 2334 690 2371 Causa
715 2332 824 2383 hujus
843 2338 993 2369 mortem
1002 2333 1094 2382 sert
1113 2329 1450 2382 ta772fi1211il1‘a7·z'ter
1467 2345 1481 2367 .-

571 2400 672 2445 Quid
690 2399 723 2436 si
741 2399 819 2450 ipse
839 2399 1031 2436 amasset?
1058 2399 1150 2450 quid
1168 2398 1258 2435 mihi
1276 2397 1463 2448 hz'cfitciet
1476 2397 1585 2448 patri
1598 2397 1618 2433 ,9

458 2480 534 2528 Ex
554 2478 658 2543 pari
683 2478 752 2525 sic
777 2496 788 2524 ε
829 2477 919 2524 Est
935 2476 1153 2540 ejusdem
1179 2483 1228 2522 θῖ
1253 2475 1440 2538 eripere
1466 2483 1637 2522 contra
1655 2493 1778 2524 rem-

415 2591 424 2602 .
458 2557 726 2621 publicam,
757 2562 808 2604 et
831 2553 995 2617 largiri
1021 2553 1271 2616 pecunias.
1342 2552 1477 2599 Foris
1512 2560 1678 2600 autem
1709 2570 1778 2601 as-

460 2642 717 2683 sumuntur
742 2650 816 2692 ea,
841 2648 966 2695 quae
991 2647 1090 2678 non
1116 2647 1201 2677 sua
1218 2630 1283 2688 vi,
1303 2629 1389 2677 sed
1414 2638 1647 2678 extranea
1671 2633 1780 2679 sub-

458 2713 700 2770 levantur,
732 2720 789 2759 ut
823 2711 979 2761 haec:
1019 2710 1134 2759 Hoc
1158 2725 1328 2756 verum
1354 2716 1460 2756 est:
1499 2708 1625 2756 dixit
1648 2709 1779 2757 enim

463 2792 558 2847 Qu.
603 2790 848 2838 Lutatius.
921 2789 1036 2840 Hoc
1073 2786 1249 2835 falsum
1291 2794 1399 2846 θεῖς
1441 2786 1608 2835 habita
1648 2787 1780 2834 enim

461 2870 680 2934 quaestio
727 2875 816 2917 est.
889 2867 1004 2919 Hoc
1044 2866 1181 2932 sequi
1227 2882 1428 2915 necesse
1469 2873 1578 2928 θεῖς
1624 2864 1779 2913 recito
