2071 3508
673 393 1060 434 PARTITIONES.
1466 398 1548 440 479

205 506 445 573 exposito,
463 521 643 554 munus
666 505 894 568 promissi
920 519 1067 552 omne
1094 502 1377 553 confecero.
1425 504 1553 556 Sunt

202 588 356 653 igitur
409 584 626 648 ambigui
682 583 876 630 duobus
931 582 1224 630 adversariis
1283 594 1553 649 praecepta

206 664 502 716 communia.
596 661 824 725 Uterque
874 660 1006 709 enim
1055 660 1184 710 hanc
1233 661 1550 726 significatio-

203 761 338 803 nem,
391 759 488 807 qua
527 748 698 789 utetur
735 740 860 805 ipse,
909 740 1111 805 dignam
1149 741 1402 806 scriptoris
1439 759 1553 807 pru-

204 822 374 871 dentia
399 838 503 870 esse
530 819 785 869 defendet.
857 819 1084 885 Uterque
1110 820 1179 880 id,
1220 821 1355 885 quod
1380 821 1555 870 adver-

204 902 357 951 sarius
383 918 445 951 ex
471 901 704 966 ambigue
724 900 909 965 scripto
935 900 1320 966 intelligendum
1348 919 1454 950 esse
1481 902 1553 950 dia

204 991 305 1042 cet,
330 991 416 1031 aut
441 983 729 1041 absurdum,
755 989 841 1030 aut
865 981 1058 1038 inutile,
1087 990 1173 1030 aut
1197 982 1438 1046 iniquum,
1467 991 1555 1032 aut

204 1071 351 1129 turpe
388 1081 492 1113 esse
519 1062 779 1122 defendet,
816 1070 902 1110 aut
944 1062 1093 1111 etiam
1132 1062 1412 1128 discrepare
1439 1080 1556 1112 cum

207 1143 417 1192 caeteris
443 1143 652 1208 scriptis,
680 1141 759 1190 vel
785 1141 1012 1201 aliorum,-
1041 1141 1121 1190 vel
1145 1142 1380 1202 maxime,
1406 1142 1445 1190 si
1469 1160 1556 1208 po-

153 1229 158 1233 ’
205 1223 338 1280 terit,
385 1223 642 1289 ejusdem:
699 1239 947 1288 quamque
988 1222 1227 1271 defendet
1267 1223 1392 1288 ipse,
1446 1241 1556 1272 eam

208 1320 314 1354 rem
352 1313 403 1354 et
428 1304 746 1362 sententiam,
791 1303 1013 1367 quemvis
1037 1304 1337 1368 prudentem
1375 1312 1426 1353 et
1451 1303 1556 1369 jus-

207 1394 316 1434 tum
341 1385 614 1444 hominem,
652 1385 692 1432 si
717 1385 967 1448 integrum
995 1384 1213 1443 daretur,
1251 1385 1556 1449 scripturum

207 1464 378 1525 fuisse,
422 1466 510 1514 sed
538 1464 766 1530 planius:
812 1481 1020 1528 eamque
1046 1464 1361 1521 sententiam,
1406 1482 1556 1529 quam

209 1544 474 1610 significari
515 1561 658 1609 posse
702 1544 857 1602 dicet,
893 1544 1016 1591 nihil
1051 1544 1233 1592 habere
1259 1552 1345 1592 aut
1368 1545 1557 1610 captio-

208 1624 285 1671 nis
310 1632 396 1672 aut
423 1623 527 1671 vitii
549 1641 561 1671 :
601 1623 899 1672 contrariam
925 1631 1092 1670 autem
1119 1624 1157 1670 si
1181 1625 1416 1689 probarit,
1448 1624 1557 1674 fore

208 1711 267 1751 ut
291 1703 448 1751 multa
483 1703 620 1762 vitia,
661 1703 829 1763 stulta,
872 1703 1055 1767 iniqua,
1101 1704 1348 1752 contraria
1384 1721 1556 1754 conse-

206 1792 440 1848 quantur.
535 1784 664 1831 Cum
708 1792 874 1831 autem
917 1783 1052 1831 aliud
1093 1784 1304 1848 scriptor
1345 1784 1554 1834 sensisse

206 1864 420 1920 videtur,
460 1872 512 1912 et
536 1863 672 1911 aliud
697 1863 944 1928 scripsisse
968 1883 980 1922 ;
1027 1863 1111 1927 qui
1136 1864 1321 1928 scripto
1346 1865 1554 1925 nitetur,

209 1961 343 2002 eum,
369 1961 421 1992 re
448 1944 687 2008 exposita,
727 1943 1022 1991 recitatione
1048 1943 1122 1990 uti
1147 1945 1398 2008 oportebit
1419 1962 1431 1992 t
1472 1945 1556 1993 de-

208 2023 327 2072 inde
352 2024 534 2071 instare
560 2023 858 2082 adversario,
883 2024 1081 2083 iterare,
1116 2040 1371 2081 renovare,
1405 2024 1557 2073 inter-

208 2119 401 2167 rogare,
458 2120 578 2151 num
619 2112 705 2151 aut
744 2103 984 2168 scriptum
1022 2110 1194 2167 neget,
1252 2112 1339 2151 aut
1381 2112 1557 2152 contra

209 2180 400 2231 factum
426 2183 680 2232 infitietur.
755 2183 890 2242 Post,
918 2182 1146 2247 judicem
1171 2183 1235 2230 ad
1259 2183 1359 2231 vim
1384 2184 1556 2249 scripti

209 2270 373 2311 vocet.
447 2262 560 2310 Hac
587 2261 961 2309 confirmatione
986 2277 1122 2321 usus,
1156 2261 1426 2327 amplificet
1449 2279 1555 2311 rem

210 2341 323 2408 lege
358 2341 623 2398 laudanda,
651 2341 1012 2405 audaciamque
1039 2340 1269 2390 confutet
1293 2341 1417 2407 ejus,
1453 2343 1558 2407 qui,

166 2412 170 2413 ⁷
213 2438 328 2472 cum
356 2421 514 2486 palam
559 2430 733 2470 contra
773 2420 970 2481 fecerit,
1011 2421 1162 2486 idque
1202 2421 1439 2482 fateatur,
1475 2422 1560 2470 ad-

214 2501 278 2548 sit
300 2509 487 2558 tamen,
524 2498 813 2564 factumque
856 2498 1112 2546 defendat.
1184 2499 1386 2548 Deinde
1428 2499 1560 2547 infir-

214 2588 319 2628 met
344 2578 719 2627 defensionem:
759 2595 873 2626 cum
913 2578 1220 2626 adversarius
1262 2579 1398 2628 aliud
1421 2579 1560 2628 volu-

214 2659 329 2718 isse,
366 2658 500 2706 aliud
539 2659 744 2706 sensisse
783 2659 1093 2723 scriptorem,
1135 2657 1271 2707 aliud
1308 2659 1559 2724 scripsisse

217 2739 367 2796 dicat,
420 2755 520 2786 non
564 2755 668 2787 esse
706 2738 988 2798 ferendum,
1042 2755 1071 2786 a
1107 2755 1356 2803 quoquam
1393 2739 1559 2804 potius

215 2817 385 2867 latoris
410 2834 627 2876 sensum,
663 2834 809 2882 quam
836 2816 1012 2881 alege,
1039 2816 1293 2881 explicari.
1363 2817 1467 2866 Cur
1489 2817 1561 2870 ita

218 2897 488 2964 scripserit,
526 2897 566 2947 si
606 2897 677 2947 ita
716 2913 818 2948 non
856 2896 1101 2947 senserit?
1155 2896 1274 2956 Cur,
1326 2914 1442 2947 cum
1483 2914 1556 2957 ea,
