<?xml version="1.0" encoding="UTF-8"?>
<!DOCTYPE html PUBLIC "-//W3C//DTD XHTML 1.0 Transitional//EN"
    "http://www.w3.org/TR/xhtml1/DTD/xhtml1-transitional.dtd">
<html xmlns="http://www.w3.org/1999/xhtml" xml:lang="en" lang="en">
 <head>
  <title>
</title>
<meta http-equiv="Content-Type" content="text/html;charset=utf-8" />
  <meta name='ocr-system' content='tesseract 3.04.00' />
  <meta name='ocr-capabilities' content='ocr_page ocr_carea ocr_par ocr_line ocrx_word'/>
</head>
<body>
  <div class='ocr_page' id='page_1' title='image "./deoratorelibrit00ciceuoft_0287.png"; bbox 0 0 2071 3508; ppageno 0'>
   <div class='ocr_carea' id='block_1_1' title="bbox 704 383 1616 430">
    <p class='ocr_par' dir='ltr' id='par_1_1' title="bbox 704 383 1616 430">
     <span class='ocr_line' id='line_1_1' title="bbox 704 383 1616 430; baseline 0.007 -8"><span class='ocrx_word' id='word_1_1' title='bbox 704 383 873 422; x_wconf 89' lang='lat' dir='ltr'>LIBER</span> <span class='ocrx_word' id='word_1_2' title='bbox 902 383 1153 423; x_wconf 87' lang='lat' dir='ltr'><strong>TERTIUS.</strong></span> <span class='ocrx_word' id='word_1_3' title='bbox 1535 391 1616 430; x_wconf 76' lang='lat'><strong>279</strong></span> 
     </span>
    </p>
   </div>
   <div class='ocr_carea' id='block_1_2' title="bbox 272 488 1618 1649">
    <p class='ocr_par' dir='ltr' id='par_1_2' title="bbox 272 488 1618 1649">
     <span class='ocr_line' id='line_1_2' title="bbox 283 488 1611 555; baseline 0.005 -19"><span class='ocrx_word' id='word_1_4' title='bbox 283 490 488 555; x_wconf 82' lang='lat' dir='ltr'><strong>singulis</strong></span> <span class='ocrx_word' id='word_1_5' title='bbox 529 488 689 538; x_wconf 89' lang='lat' dir='ltr'><strong>verbis</strong></span> <span class='ocrx_word' id='word_1_6' title='bbox 726 506 802 538; x_wconf 86' lang='lat' dir='ltr'><strong>res</strong></span> <span class='ocrx_word' id='word_1_7' title='bbox 844 506 902 538; x_wconf 88' lang='lat' dir='ltr'><strong>ac</strong></span> <span class='ocrx_word' id='word_1_8' title='bbox 935 498 1099 538; x_wconf 86' lang='lat' dir='ltr'><strong>totum</strong></span> <span class='ocrx_word' id='word_1_9' title='bbox 1136 491 1292 540; x_wconf 87' lang='lat' dir='ltr'><strong>simile</strong></span> <span class='ocrx_word' id='word_1_10' title='bbox 1318 494 1611 543; x_wconf 88' lang='lat' dir='ltr'>conficitur:</span> 
     </span>
     <span class='ocr_line' id='line_1_3' title="bbox 282 567 1618 634; baseline 0.003 -19"><span class='ocrx_word' id='word_1_11' title='bbox 282 567 362 615; x_wconf 89' lang='lat' dir='ltr'><strong>vel</strong></span> <span class='ocrx_word' id='word_1_12' title='bbox 397 568 530 632; x_wconf 89' lang='lat' dir='ltr'><strong>quod</strong></span> <span class='ocrx_word' id='word_1_13' title='bbox 569 568 727 615; x_wconf 91' lang='lat' dir='ltr'><strong>omnis</strong></span> <span class='ocrx_word' id='word_1_14' title='bbox 769 567 1039 625; x_wconf 86' lang='lat' dir='ltr'>translatio,</span> <span class='ocrx_word' id='word_1_15' title='bbox 1079 586 1204 634; x_wconf 84' lang='lat' dir='ltr'><strong>quae</strong></span> <span class='ocrx_word' id='word_1_16' title='bbox 1229 570 1430 634; x_wconf 86' lang='lat' dir='ltr'><strong>quidem</strong></span> <span class='ocrx_word' id='word_1_17' title='bbox 1455 580 1618 619; x_wconf 88' lang='lat' dir='ltr'><strong>sumta</strong></span> 
     </span>
     <span class='ocr_line' id='line_1_4' title="bbox 279 644 1616 711; baseline 0.001 -17"><span class='ocrx_word' id='word_1_18' title='bbox 279 647 469 694; x_wconf 87' lang='lat' dir='ltr'><strong>ratione</strong></span> <span class='ocrx_word' id='word_1_19' title='bbox 494 653 584 702; x_wconf 89' lang='lat' dir='ltr'><strong>est,</strong></span> <span class='ocrx_word' id='word_1_20' title='bbox 611 644 675 692; x_wconf 87' lang='lat' dir='ltr'><strong>ad</strong></span> <span class='ocrx_word' id='word_1_21' title='bbox 700 661 869 693; x_wconf 90' lang='lat' dir='ltr'><strong>sensus</strong></span> <span class='ocrx_word' id='word_1_22' title='bbox 893 646 1022 711; x_wconf 90' lang='lat' dir='ltr'><strong>ipsos</strong></span> <span class='ocrx_word' id='word_1_23' title='bbox 1047 647 1358 707; x_wconf 82' lang='lat' dir='ltr'><strong>admovetur,</strong></span> <span class='ocrx_word' id='word_1_24' title='bbox 1399 649 1616 697; x_wconf 53' lang='lat' dir='ltr'><strong>maxime</strong></span> 
     </span>
     <span class='ocr_line' id='line_1_5' title="bbox 278 722 1617 787; baseline 0.002 -15"><span class='ocrx_word' id='word_1_25' title='bbox 278 722 554 782; x_wconf 90' lang='lat' dir='ltr'><strong>oculorum,</strong></span> <span class='ocrx_word' id='word_1_26' title='bbox 601 723 685 787; x_wconf 90' lang='lat' dir='ltr'><strong>qui</strong></span> <span class='ocrx_word' id='word_1_27' title='bbox 721 731 796 771; x_wconf 88' lang='lat' dir='ltr'><strong>est</strong></span> <span class='ocrx_word' id='word_1_28' title='bbox 834 740 1002 772; x_wconf 89' lang='lat' dir='ltr'><strong>sensus</strong></span> <span class='ocrx_word' id='word_1_29' title='bbox 1044 726 1326 774; x_wconf 80' lang='lat' dir='ltr'><strong>acerrimus.</strong></span> <span class='ocrx_word' id='word_1_30' title='bbox 1398 727 1528 775; x_wconf 87' lang='lat' dir='ltr'><strong>Nam</strong></span> <span class='ocrx_word' id='word_1_31' title='bbox 1566 736 1617 775; x_wconf 89' lang='lat' dir='ltr'><strong>et</strong></span> 
     </span>
     <span class='ocr_line' id='line_1_6' title="bbox 277 802 1617 862; baseline 0.001 -12"><span class='ocrx_word' id='word_1_32' title='bbox 277 803 399 850; x_wconf 86' lang='lat' dir='ltr'><strong>odor</strong></span> <span class='ocrx_word' id='word_1_33' title='bbox 423 802 721 861; x_wconf 76' lang='lat' dir='ltr'><em>urbanitatis,</em></span> <span class='ocrx_word' id='word_1_34' title='bbox 745 810 793 850; x_wconf 83' lang='lat' dir='ltr'><strong>et</strong></span> <span class='ocrx_word' id='word_1_35' title='bbox 811 804 1050 852; x_wconf 83' lang='lat' dir='ltr'><em>mollitudo</em></span> <span class='ocrx_word' id='word_1_36' title='bbox 1076 805 1391 862; x_wconf 72' lang='lat' dir='ltr'><strong>humanitatis,</strong></span> <span class='ocrx_word' id='word_1_37' title='bbox 1424 813 1473 853; x_wconf 82' lang='lat' dir='ltr'><strong>et</strong></span> <span class='ocrx_word' id='word_1_38' title='bbox 1490 822 1617 853; x_wconf 76' lang='lat' dir='ltr'><strong>mur-</strong></span> 
     </span>
     <span class='ocr_line' id='line_1_7' title="bbox 275 880 1616 939; baseline 0.004 -12"><span class='ocrx_word' id='word_1_39' title='bbox 275 895 383 927; x_wconf 82' lang='lat' dir='ltr'><strong>mur</strong></span> <span class='ocrx_word' id='word_1_40' title='bbox 404 880 565 937; x_wconf 51' lang='lat' dir='ltr'><strong>mari&amp;</strong></span> <span class='ocrx_word' id='word_1_41' title='bbox 591 888 641 928; x_wconf 83' lang='lat' dir='ltr'><strong>et</strong></span> <span class='ocrx_word' id='word_1_42' title='bbox 660 882 855 929; x_wconf 81' lang='lat' dir='ltr'><em>dulcedo</em></span> <span class='ocrx_word' id='word_1_43' title='bbox 881 883 1124 939; x_wconf 78' lang='lat' dir='ltr'><strong>orationis,</strong></span> <span class='ocrx_word' id='word_1_44' title='bbox 1144 890 1259 930; x_wconf 88' lang='lat' dir='ltr'><strong>sunt</strong></span> <span class='ocrx_word' id='word_1_45' title='bbox 1278 883 1431 932; x_wconf 86' lang='lat' dir='ltr'><strong>ducta</strong></span> <span class='ocrx_word' id='word_1_46' title='bbox 1455 900 1482 931; x_wconf 87' lang='lat' dir='ltr'><strong>a</strong></span> <span class='ocrx_word' id='word_1_47' title='bbox 1508 900 1616 932; x_wconf 87' lang='lat' dir='ltr'><strong>cae-</strong></span> 
     </span>
     <span class='ocr_line' id='line_1_8' title="bbox 274 958 1615 1010; baseline 0.001 -3"><span class='ocrx_word' id='word_1_48' title='bbox 274 958 393 1007; x_wconf 85' lang='lat' dir='ltr'><strong>teris</strong></span> <span class='ocrx_word' id='word_1_49' title='bbox 433 959 671 1007; x_wconf 88' lang='lat' dir='ltr'><strong>sensibus.</strong></span> <span class='ocrx_word' id='word_1_50' title='bbox 742 959 836 1007; x_wconf 85' lang='lat' dir='ltr'><strong>Illa</strong></span> <span class='ocrx_word' id='word_1_51' title='bbox 875 977 993 1008; x_wconf 90' lang='lat' dir='ltr'><strong>vero</strong></span> <span class='ocrx_word' id='word_1_52' title='bbox 1028 961 1285 1010; x_wconf 89' lang='lat' dir='ltr'><strong>oculorum</strong></span> <span class='ocrx_word' id='word_1_53' title='bbox 1310 961 1468 1010; x_wconf 89' lang='lat' dir='ltr'><strong>multo</strong></span> <span class='ocrx_word' id='word_1_54' title='bbox 1493 961 1615 1009; x_wconf 87' lang='lat' dir='ltr'><strong>acri-</strong></span> 
     </span>
     <span class='ocr_line' id='line_1_9' title="bbox 274 1039 1613 1105; baseline 0.003 -21"><span class='ocrx_word' id='word_1_55' title='bbox 274 1052 378 1096; x_wconf 86' lang='lat' dir='ltr'><strong>ora,</strong></span> <span class='ocrx_word' id='word_1_56' title='bbox 403 1053 529 1102; x_wconf 88' lang='lat' dir='ltr'><strong>quae</strong></span> <span class='ocrx_word' id='word_1_57' title='bbox 552 1046 748 1103; x_wconf 89' lang='lat' dir='ltr'><strong>ponunt</strong></span> <span class='ocrx_word' id='word_1_58' title='bbox 769 1055 899 1104; x_wconf 88' lang='lat' dir='ltr'><strong>pene</strong></span> <span class='ocrx_word' id='word_1_59' title='bbox 924 1039 975 1087; x_wconf 91' lang='lat' dir='ltr'><strong>in</strong></span> <span class='ocrx_word' id='word_1_60' title='bbox 1001 1047 1274 1105; x_wconf 88' lang='lat' dir='ltr'><strong>conspectu</strong></span> <span class='ocrx_word' id='word_1_61' title='bbox 1299 1040 1464 1096; x_wconf 87' lang='lat' dir='ltr'><strong>animi,</strong></span> <span class='ocrx_word' id='word_1_62' title='bbox 1487 1052 1613 1104; x_wconf 88' lang='lat' dir='ltr'><strong>quae</strong></span> 
     </span>
     <span class='ocr_line' id='line_1_10' title="bbox 276 1116 1614 1182; baseline 0.002 -19"><span class='ocrx_word' id='word_1_63' title='bbox 276 1131 480 1164; x_wconf 87' lang='lat' dir='ltr'><strong>cernere</strong></span> <span class='ocrx_word' id='word_1_64' title='bbox 506 1124 557 1164; x_wconf 89' lang='lat' dir='ltr'><strong>et</strong></span> <span class='ocrx_word' id='word_1_65' title='bbox 579 1116 749 1165; x_wconf 90' lang='lat' dir='ltr'><strong>videre</strong></span> <span class='ocrx_word' id='word_1_66' title='bbox 768 1133 869 1166; x_wconf 94' lang='lat' dir='ltr'><strong>non</strong></span> <span class='ocrx_word' id='word_1_67' title='bbox 893 1134 1168 1182; x_wconf 88' lang='lat' dir='ltr'><strong>possumus.</strong></span> <span class='ocrx_word' id='word_1_68' title='bbox 1218 1117 1356 1166; x_wconf 86' lang='lat' dir='ltr'><strong>Nihil</strong></span> <span class='ocrx_word' id='word_1_69' title='bbox 1382 1126 1457 1166; x_wconf 89' lang='lat' dir='ltr'><strong>est</strong></span> <span class='ocrx_word' id='word_1_70' title='bbox 1481 1118 1614 1166; x_wconf 89' lang='lat' dir='ltr'><strong>enim</strong></span> 
     </span>
     <span class='ocr_line' id='line_1_11' title="bbox 274 1193 1614 1259; baseline 0 -17"><span class='ocrx_word' id='word_1_71' title='bbox 274 1193 326 1242; x_wconf 88' lang='lat' dir='ltr'><strong>in</strong></span> <span class='ocrx_word' id='word_1_72' title='bbox 364 1210 528 1242; x_wconf 89' lang='lat' dir='ltr'><strong>rerum</strong></span> <span class='ocrx_word' id='word_1_73' title='bbox 568 1202 763 1254; x_wconf 87' lang='lat' dir='ltr'><strong>natura,</strong></span> <span class='ocrx_word' id='word_1_74' title='bbox 803 1194 942 1259; x_wconf 87' lang='lat' dir='ltr'><strong>cujus</strong></span> <span class='ocrx_word' id='word_1_75' title='bbox 980 1211 1069 1242; x_wconf 85' lang='lat' dir='ltr'><strong>nos</strong></span> <span class='ocrx_word' id='word_1_76' title='bbox 1111 1210 1210 1242; x_wconf 90' lang='lat' dir='ltr'><strong>non</strong></span> <span class='ocrx_word' id='word_1_77' title='bbox 1252 1195 1303 1241; x_wconf 93' lang='lat' dir='ltr'><strong>in</strong></span> <span class='ocrx_word' id='word_1_78' title='bbox 1339 1195 1443 1242; x_wconf 88' lang='lat' dir='ltr'><strong>aliis</strong></span> <span class='ocrx_word' id='word_1_79' title='bbox 1467 1195 1614 1242; x_wconf 89' lang='lat' dir='ltr'><strong>rebus</strong></span> 
     </span>
     <span class='ocr_line' id='line_1_12' title="bbox 273 1272 1613 1337; baseline -0.001 -17"><span class='ocrx_word' id='word_1_80' title='bbox 273 1272 517 1337; x_wconf 89' lang='lat' dir='ltr'><strong>possimus</strong></span> <span class='ocrx_word' id='word_1_81' title='bbox 558 1273 633 1321; x_wconf 90' lang='lat' dir='ltr'><strong>uti</strong></span> <span class='ocrx_word' id='word_1_82' title='bbox 674 1273 917 1322; x_wconf 86' lang='lat' dir='ltr'><strong>vocabulo</strong></span> <span class='ocrx_word' id='word_1_83' title='bbox 959 1280 1009 1321; x_wconf 84' lang='lat' dir='ltr'><strong>et</strong></span> <span class='ocrx_word' id='word_1_84' title='bbox 1044 1272 1275 1319; x_wconf 87' lang='lat' dir='ltr'><strong>nomine:</strong></span> <span class='ocrx_word' id='word_1_85' title='bbox 1315 1272 1448 1321; x_wconf 91' lang='lat' dir='ltr'><strong>unde</strong></span> <span class='ocrx_word' id='word_1_86' title='bbox 1481 1273 1613 1321; x_wconf 90' lang='lat' dir='ltr'><strong>enim</strong></span> 
     </span>
     <span class='ocr_line' id='line_1_13' title="bbox 274 1349 1611 1415; baseline 0 -18"><span class='ocrx_word' id='word_1_87' title='bbox 274 1349 431 1398; x_wconf 83' lang='lat' dir='ltr'><strong>simile</strong></span> <span class='ocrx_word' id='word_1_88' title='bbox 467 1350 583 1398; x_wconf 91' lang='lat' dir='ltr'><strong>duci</strong></span> <span class='ocrx_word' id='word_1_89' title='bbox 619 1358 799 1415; x_wconf 88' lang='lat' dir='ltr'><strong>potest,</strong></span> <span class='ocrx_word' id='word_1_90' title='bbox 840 1354 1029 1414; x_wconf 84' lang='lat' dir='ltr'><strong>(potest</strong></span> <span class='ocrx_word' id='word_1_91' title='bbox 1064 1359 1231 1397; x_wconf 83' lang='lat' dir='ltr'><strong>autem</strong></span> <span class='ocrx_word' id='word_1_92' title='bbox 1269 1367 1331 1398; x_wconf 81' lang='lat' dir='ltr'><strong>ex</strong></span> <span class='ocrx_word' id='word_1_93' title='bbox 1357 1349 1611 1410; x_wconf 85' lang='lat' dir='ltr'><strong>omnibus)</strong></span> 
     </span>
     <span class='ocr_line' id='line_1_14' title="bbox 272 1427 1611 1492; baseline 0.002 -18"><span class='ocrx_word' id='word_1_94' title='bbox 272 1427 494 1477; x_wconf 87' lang='lat' dir='ltr'><strong>indidem</strong></span> <span class='ocrx_word' id='word_1_95' title='bbox 513 1430 718 1477; x_wconf 89' lang='lat' dir='ltr'><strong>verbum</strong></span> <span class='ocrx_word' id='word_1_96' title='bbox 744 1445 917 1486; x_wconf 90' lang='lat' dir='ltr'><strong>unum,</strong></span> <span class='ocrx_word' id='word_1_97' title='bbox 938 1427 1072 1492; x_wconf 90' lang='lat' dir='ltr'><strong>quod</strong></span> <span class='ocrx_word' id='word_1_98' title='bbox 1096 1427 1469 1476; x_wconf 90' lang='lat' dir='ltr'><strong>similitudinem</strong></span> <span class='ocrx_word' id='word_1_99' title='bbox 1496 1444 1611 1477; x_wconf 92' lang='lat' dir='ltr'><strong>con-</strong></span> 
     </span>
     <span class='ocr_line' id='line_1_15' title="bbox 274 1497 1610 1565; baseline 0 -11"><span class='ocrx_word' id='word_1_100' title='bbox 274 1506 422 1564; x_wconf 82' lang='lat' dir='ltr'><strong>tinet,</strong></span> <span class='ocrx_word' id='word_1_101' title='bbox 445 1507 754 1565; x_wconf 64' lang='lat' dir='ltr'><strong>translatum,</strong></span> <span class='ocrx_word' id='word_1_102' title='bbox 779 1506 948 1554; x_wconf 90' lang='lat' dir='ltr'><strong>lumen</strong></span> <span class='ocrx_word' id='word_1_103' title='bbox 973 1505 1113 1554; x_wconf 87' lang='lat' dir='ltr'><strong>affert</strong></span> <span class='ocrx_word' id='word_1_104' title='bbox 1138 1506 1362 1555; x_wconf 82' lang='lat' dir='ltr'><strong>orationi.</strong></span> <span class='ocrx_word' id='word_1_105' title='bbox 1419 1506 1536 1564; x_wconf 82' lang='lat' dir='ltr'><strong>Quo</strong></span> <span class='ocrx_word' id='word_1_106' title='bbox 1558 1497 1610 1554; x_wconf 81' lang='lat' dir='ltr'><strong>in</strong></span> 
     </span>
     <span class='ocr_line' id='line_1_16' title="bbox 272 1583 1457 1649; baseline 0.001 -17"><span class='ocrx_word' id='word_1_107' title='bbox 272 1600 458 1649; x_wconf 83' lang='lat' dir='ltr'><strong>genere</strong></span> <span class='ocrx_word' id='word_1_108' title='bbox 481 1584 694 1649; x_wconf 86' lang='lat' dir='ltr'><strong>primum</strong></span> <span class='ocrx_word' id='word_1_109' title='bbox 718 1583 959 1649; x_wconf 83' lang='lat' dir='ltr'><strong>fugienda</strong></span> <span class='ocrx_word' id='word_1_110' title='bbox 984 1591 1058 1632; x_wconf 90' lang='lat' dir='ltr'><strong>est</strong></span> <span class='ocrx_word' id='word_1_111' title='bbox 1075 1583 1422 1633; x_wconf 85' lang='lat' dir='ltr'><strong>dissimilitudo</strong></span> <span class='ocrx_word' id='word_1_112' title='bbox 1442 1605 1457 1646; x_wconf 80' lang='lat'><em>3</em></span> 
     </span>
    </p>
   </div>
   <div class='ocr_carea' id='block_1_3' title="bbox 728 1674 1232 1728">
    <p class='ocr_par' dir='ltr' id='par_1_3' title="bbox 728 1674 1232 1728">
     <span class='ocr_line' id='line_1_17' title="bbox 728 1674 1232 1728; baseline 0 -15"><span class='ocrx_word' id='word_1_113' title='bbox 728 1674 835 1714; x_wconf 81' lang='lat' dir='ltr'><strong>Caeli</strong></span> <span class='ocrx_word' id='word_1_114' title='bbox 852 1675 1023 1728; x_wconf 78' lang='lat' dir='ltr'><strong>ingentes</strong></span> <span class='ocrx_word' id='word_1_115' title='bbox 1023 1674 1202 1727; x_wconf 67' lang='lat' dir='ltr'><strong>fornices</strong></span> <span class='ocrx_word' id='word_1_116' title='bbox 1216 1691 1232 1713; x_wconf 81' lang='lat'><strong>.-</strong></span> 
     </span>
    </p>
   </div>
   <div class='ocr_carea' id='block_1_4' title="bbox 543 1698 706 1709">
    <p class='ocr_par' dir='ltr' id='par_1_4' title="bbox 543 1698 706 1709">
     <span class='ocr_line' id='line_1_18' title="bbox 543 1698 706 1709; baseline 0 0"><span class='ocrx_word' id='word_1_117' title='bbox 543 1698 706 1709; x_wconf 95' lang='lat' dir='ltr'><strong> </strong></span> 
     </span>
    </p>
   </div>
   <div class='ocr_carea' id='block_1_5' title="bbox 269 1754 1609 2851">
    <p class='ocr_par' dir='ltr' id='par_1_5' title="bbox 270 1754 1609 2058">
     <span class='ocr_line' id='line_1_19' title="bbox 274 1754 1609 1820; baseline 0.002 -18"><span class='ocrx_word' id='word_1_118' title='bbox 274 1754 513 1813; x_wconf 83' lang='lat' dir='ltr'><strong>Quamvis</strong></span> <span class='ocrx_word' id='word_1_119' title='bbox 537 1754 794 1819; x_wconf 83' lang='lat' dir='ltr'><strong>sphaeram</strong></span> <span class='ocrx_word' id='word_1_120' title='bbox 829 1755 881 1802; x_wconf 90' lang='lat' dir='ltr'><strong>in</strong></span> <span class='ocrx_word' id='word_1_121' title='bbox 918 1771 1116 1803; x_wconf 87' lang='lat' dir='ltr'><strong>scenam</strong></span> <span class='ocrx_word' id='word_1_122' title='bbox 1143 1759 1224 1820; x_wconf 91' lang='lat' dir='ltr'><strong>(ut</strong></span> <span class='ocrx_word' id='word_1_123' title='bbox 1249 1755 1455 1817; x_wconf 83' lang='lat' dir='ltr'><strong>dicitur)</strong></span> <span class='ocrx_word' id='word_1_124' title='bbox 1481 1763 1609 1805; x_wconf 83' lang='lat' dir='ltr'><strong>attu-</strong></span> 
     </span>
     <span class='ocr_line' id='line_1_20' title="bbox 270 1833 1609 1899; baseline 0.001 -16"><span class='ocrx_word' id='word_1_125' title='bbox 270 1833 385 1883; x_wconf 88' lang='lat' dir='ltr'><strong>lerit</strong></span> <span class='ocrx_word' id='word_1_126' title='bbox 409 1834 617 1893; x_wconf 90' lang='lat' dir='ltr'><strong>Ennius,</strong></span> <span class='ocrx_word' id='word_1_127' title='bbox 636 1843 804 1882; x_wconf 87' lang='lat' dir='ltr'><strong>tamen</strong></span> <span class='ocrx_word' id='word_1_128' title='bbox 820 1835 870 1882; x_wconf 91' lang='lat' dir='ltr'><strong>in</strong></span> <span class='ocrx_word' id='word_1_129' title='bbox 891 1835 1096 1899; x_wconf 85' lang='lat' dir='ltr'><strong>sphaera</strong></span> <span class='ocrx_word' id='word_1_130' title='bbox 1112 1834 1315 1885; x_wconf 85' lang='lat' dir='ltr'><strong>fornicis</strong></span> <span class='ocrx_word' id='word_1_131' title='bbox 1339 1835 1609 1885; x_wconf 85' lang='lat' dir='ltr'><strong>similitudo</strong></span> 
     </span>
     <span class='ocr_line' id='line_1_21' title="bbox 270 1915 759 1979; baseline 0 -17"><span class='ocrx_word' id='word_1_132' title='bbox 270 1930 372 1962; x_wconf 91' lang='lat' dir='ltr'><strong>non</strong></span> <span class='ocrx_word' id='word_1_133' title='bbox 396 1922 562 1979; x_wconf 87' lang='lat' dir='ltr'><strong>potest</strong></span> <span class='ocrx_word' id='word_1_134' title='bbox 585 1915 759 1962; x_wconf 86' lang='lat' dir='ltr'><strong>inesse.</strong></span> 
     </span>
     <span class='ocr_line' id='line_1_22' title="bbox 572 2003 1090 2058; baseline 0 -15"><span class='ocrx_word' id='word_1_135' title='bbox 572 2005 659 2043; x_wconf 80' lang='lat' dir='ltr'><strong>Vive</strong></span> <span class='ocrx_word' id='word_1_136' title='bbox 688 2004 852 2058; x_wconf 67' lang='lat' dir='ltr'><strong>Ulysses,</strong></span> <span class='ocrx_word' id='word_1_137' title='bbox 872 2005 958 2043; x_wconf 85' lang='lat' dir='ltr'><strong>dum</strong></span> <span class='ocrx_word' id='word_1_138' title='bbox 978 2003 1090 2043; x_wconf 78' lang='lat' dir='ltr'><strong>licet:</strong></span> 
     </span>
    </p>

    <p class='ocr_par' dir='ltr' id='par_1_6' title="bbox 269 2071 1606 2440">
     <span class='ocr_line' id='line_1_23' title="bbox 439 2071 1288 2127; baseline 0 -15"><span class='ocrx_word' id='word_1_139' title='bbox 439 2071 565 2112; x_wconf 82' lang='lat' dir='ltr'><strong>Oculis</strong></span> <span class='ocrx_word' id='word_1_140' title='bbox 579 2078 808 2127; x_wconf 79' lang='lat' dir='ltr'><strong>postremum</strong></span> <span class='ocrx_word' id='word_1_141' title='bbox 829 2072 953 2111; x_wconf 80' lang='lat' dir='ltr'><strong>lumen</strong></span> <span class='ocrx_word' id='word_1_142' title='bbox 973 2073 1166 2111; x_wconf 74' lang='lat' dir='ltr'><strong>radiatum</strong></span> <span class='ocrx_word' id='word_1_143' title='bbox 1184 2087 1288 2126; x_wconf 79' lang='lat' dir='ltr'><strong>rape.</strong></span> 
     </span>
     <span class='ocr_line' id='line_1_24' title="bbox 272 2153 1606 2218; baseline 0 -16"><span class='ocrx_word' id='word_1_144' title='bbox 272 2153 390 2202; x_wconf 89' lang='lat' dir='ltr'><strong>Non</strong></span> <span class='ocrx_word' id='word_1_145' title='bbox 416 2153 561 2212; x_wconf 80' lang='lat' dir='ltr'><strong>dixit,</strong></span> <span class='ocrx_word' id='word_1_146' title='bbox 579 2170 722 2217; x_wconf 83' lang='lat' dir='ltr'><strong>cape;</strong></span> <span class='ocrx_word' id='word_1_147' title='bbox 749 2169 868 2212; x_wconf 92' lang='lat' dir='ltr'><strong>non,</strong></span> <span class='ocrx_word' id='word_1_148' title='bbox 876 2162 987 2218; x_wconf 78' lang='lat' dir='ltr'><strong>pete</strong></span> <span class='ocrx_word' id='word_1_149' title='bbox 995 2176 1014 2213; x_wconf 91' lang='lat'><em>;</em></span> <span class='ocrx_word' id='word_1_150' title='bbox 1042 2153 1247 2201; x_wconf 88' lang='lat' dir='ltr'><strong>haberet</strong></span> <span class='ocrx_word' id='word_1_151' title='bbox 1262 2153 1394 2202; x_wconf 88' lang='lat' dir='ltr'><strong>enim</strong></span> <span class='ocrx_word' id='word_1_152' title='bbox 1418 2170 1606 2202; x_wconf 87' lang='lat' dir='ltr'><strong>moram</strong></span> 
     </span>
     <span class='ocr_line' id='line_1_25' title="bbox 272 2232 1605 2297; baseline 0 -17"><span class='ocrx_word' id='word_1_153' title='bbox 272 2233 511 2297; x_wconf 87' lang='lat' dir='ltr'><strong>sperantis</strong></span> <span class='ocrx_word' id='word_1_154' title='bbox 537 2232 722 2280; x_wconf 88' lang='lat' dir='ltr'><strong>diutius</strong></span> <span class='ocrx_word' id='word_1_155' title='bbox 747 2249 852 2281; x_wconf 88' lang='lat' dir='ltr'><strong>esse</strong></span> <span class='ocrx_word' id='word_1_156' title='bbox 877 2249 982 2281; x_wconf 84' lang='lat' dir='ltr'><strong>sese</strong></span> <span class='ocrx_word' id='word_1_157' title='bbox 1018 2232 1300 2292; x_wconf 73' lang='lat' dir='ltr'><strong>victurum,</strong></span> <span class='ocrx_word' id='word_1_158' title='bbox 1340 2232 1427 2281; x_wconf 89' lang='lat' dir='ltr'><strong>sed</strong></span> <span class='ocrx_word' id='word_1_159' title='bbox 1450 2250 1569 2296; x_wconf 77' lang='lat' dir='ltr'><strong>rape</strong></span> <span class='ocrx_word' id='word_1_160' title='bbox 1590 2255 1605 2280; x_wconf 87' lang='lat'><strong>.-</strong></span> 
     </span>
     <span class='ocr_line' id='line_1_26' title="bbox 271 2311 1605 2377; baseline -0.001 -17"><span class='ocrx_word' id='word_1_161' title='bbox 271 2311 367 2360; x_wconf 92' lang='lat' dir='ltr'><strong>hoc</strong></span> <span class='ocrx_word' id='word_1_162' title='bbox 383 2313 588 2360; x_wconf 90' lang='lat' dir='ltr'><strong>verbum</strong></span> <span class='ocrx_word' id='word_1_163' title='bbox 609 2319 683 2360; x_wconf 88' lang='lat' dir='ltr'><strong>est</strong></span> <span class='ocrx_word' id='word_1_164' title='bbox 701 2312 765 2360; x_wconf 89' lang='lat' dir='ltr'><strong>ad</strong></span> <span class='ocrx_word' id='word_1_165' title='bbox 779 2312 831 2360; x_wconf 90' lang='lat' dir='ltr'><strong>id</strong></span> <span class='ocrx_word' id='word_1_166' title='bbox 849 2320 1092 2377; x_wconf 86' lang='lat' dir='ltr'><strong>aptatum,</strong></span> <span class='ocrx_word' id='word_1_167' title='bbox 1111 2311 1245 2376; x_wconf 91' lang='lat' dir='ltr'><strong>quod</strong></span> <span class='ocrx_word' id='word_1_168' title='bbox 1262 2319 1378 2360; x_wconf 86' lang='lat' dir='ltr'><strong>ante</strong></span> <span class='ocrx_word' id='word_1_169' title='bbox 1395 2311 1605 2370; x_wconf 79' lang='lat' dir='ltr'><strong>dixerat,</strong></span> 
     </span>
     <span class='ocr_line' id='line_1_27' title="bbox 269 2393 590 2440; baseline -0.003 -1"><span class='ocrx_word' id='word_1_170' title='bbox 269 2393 447 2440; x_wconf 84' lang='lat' dir='ltr'><strong>—dum</strong></span> <span class='ocrx_word' id='word_1_171' title='bbox 471 2393 590 2440; x_wconf 80' lang='lat' dir='ltr'><strong>licet.</strong></span> 
     </span>
    </p>

    <p class='ocr_par' dir='ltr' id='par_1_7' title="bbox 272 2469 1606 2851">
     <span class='ocr_line' id='line_1_28' title="bbox 338 2469 1606 2535; baseline -0.002 -17"><span class='ocrx_word' id='word_1_172' title='bbox 338 2470 539 2518; x_wconf 91' lang='lat' dir='ltr'><strong>Deinde</strong></span> <span class='ocrx_word' id='word_1_173' title='bbox 577 2470 848 2519; x_wconf 91' lang='lat' dir='ltr'><strong>videndum</strong></span> <span class='ocrx_word' id='word_1_174' title='bbox 895 2478 985 2527; x_wconf 85' lang='lat' dir='ltr'><strong>est,</strong></span> <span class='ocrx_word' id='word_1_175' title='bbox 1035 2487 1099 2518; x_wconf 89' lang='lat' dir='ltr'><strong>ne</strong></span> <span class='ocrx_word' id='word_1_176' title='bbox 1141 2469 1291 2535; x_wconf 85' lang='lat' dir='ltr'><strong>longe</strong></span> <span class='ocrx_word' id='word_1_177' title='bbox 1340 2469 1496 2517; x_wconf 88' lang='lat' dir='ltr'><strong>simile</strong></span> <span class='ocrx_word' id='word_1_178' title='bbox 1544 2469 1606 2516; x_wconf 90' lang='lat' dir='ltr'><strong>sit</strong></span> 
     </span>
     <span class='ocr_line' id='line_1_29' title="bbox 273 2547 1605 2613; baseline -0.002 -16"><span class='ocrx_word' id='word_1_179' title='bbox 273 2548 495 2597; x_wconf 84' lang='lat' dir='ltr'><strong>ductum.</strong></span> <span class='ocrx_word' id='word_1_180' title='bbox 563 2551 742 2612; x_wconf 70' lang='lat' dir='ltr'><strong>Syrtim</strong></span> <span class='ocrx_word' id='word_1_181' title='bbox 768 2550 1063 2613; x_wconf 78' lang='lat' dir='ltr'><strong>patrimonii,</strong></span> <span class='ocrx_word' id='word_1_182' title='bbox 1100 2551 1338 2612; x_wconf 79' lang='lat' dir='ltr'><strong>scopulum</strong></span> <span class='ocrx_word' id='word_1_183' title='bbox 1371 2547 1605 2596; x_wconf 88' lang='lat' dir='ltr'><strong>libentius</strong></span> 
     </span>
     <span class='ocr_line' id='line_1_30' title="bbox 272 2627 1604 2692; baseline -0.001 -17"><span class='ocrx_word' id='word_1_184' title='bbox 272 2627 484 2676; x_wconf 85' lang='lat' dir='ltr'><strong>dixerim</strong></span> <span class='ocrx_word' id='word_1_185' title='bbox 505 2644 517 2674; x_wconf 74' lang='lat' dir='ltr'>z</span> <span class='ocrx_word' id='word_1_186' title='bbox 569 2629 856 2692; x_wconf 71' lang='lat' dir='ltr'><strong>Charybdim</strong></span> <span class='ocrx_word' id='word_1_187' title='bbox 906 2630 1147 2684; x_wconf 80' lang='lat' dir='ltr'><strong>bonorum,</strong></span> <span class='ocrx_word' id='word_1_188' title='bbox 1195 2628 1472 2690; x_wconf 79' lang='lat' dir='ltr'><strong>voraginem</strong></span> <span class='ocrx_word' id='word_1_189' title='bbox 1519 2643 1604 2690; x_wconf 91' lang='lat' dir='ltr'><strong>po-</strong></span> 
     </span>
     <span class='ocr_line' id='line_1_31' title="bbox 272 2705 1606 2771; baseline -0.001 -15"><span class='ocrx_word' id='word_1_190' title='bbox 272 2707 405 2756; x_wconf 84' lang='lat' dir='ltr'><strong>tius:</strong></span> <span class='ocrx_word' id='word_1_191' title='bbox 443 2705 636 2755; x_wconf 85' lang='lat' dir='ltr'><strong>facilius</strong></span> <span class='ocrx_word' id='word_1_192' title='bbox 672 2706 804 2755; x_wconf 91' lang='lat' dir='ltr'><strong>enim</strong></span> <span class='ocrx_word' id='word_1_193' title='bbox 841 2707 904 2754; x_wconf 88' lang='lat' dir='ltr'><strong>ad</strong></span> <span class='ocrx_word' id='word_1_194' title='bbox 941 2723 1013 2763; x_wconf 88' lang='lat' dir='ltr'><strong>ea,</strong></span> <span class='ocrx_word' id='word_1_195' title='bbox 1053 2723 1177 2771; x_wconf 85' lang='lat' dir='ltr'><strong>quae</strong></span> <span class='ocrx_word' id='word_1_196' title='bbox 1212 2706 1333 2764; x_wconf 88' lang='lat' dir='ltr'><strong>visa,</strong></span> <span class='ocrx_word' id='word_1_197' title='bbox 1370 2721 1516 2770; x_wconf 90' lang='lat' dir='ltr'><strong>quam</strong></span> <span class='ocrx_word' id='word_1_198' title='bbox 1540 2705 1606 2754; x_wconf 87' lang='lat' dir='ltr'><strong>ad</strong></span> 
     </span>
     <span class='ocr_line' id='line_1_32' title="bbox 274 2784 1605 2851; baseline -0.002 -16"><span class='ocrx_word' id='word_1_199' title='bbox 274 2784 376 2846; x_wconf 83' lang='lat' dir='ltr'><strong>illa,</strong></span> <span class='ocrx_word' id='word_1_200' title='bbox 395 2802 521 2851; x_wconf 91' lang='lat' dir='ltr'><strong>quae</strong></span> <span class='ocrx_word' id='word_1_201' title='bbox 541 2785 711 2835; x_wconf 86' lang='lat' dir='ltr'><strong>audita</strong></span> <span class='ocrx_word' id='word_1_202' title='bbox 728 2794 862 2845; x_wconf 91' lang='lat' dir='ltr'><strong>sunt,</strong></span> <span class='ocrx_word' id='word_1_203' title='bbox 881 2786 1060 2835; x_wconf 89' lang='lat' dir='ltr'><strong>mentis</strong></span> <span class='ocrx_word' id='word_1_204' title='bbox 1079 2785 1210 2834; x_wconf 90' lang='lat' dir='ltr'><strong>oculi</strong></span> <span class='ocrx_word' id='word_1_205' title='bbox 1234 2784 1476 2833; x_wconf 88' lang='lat' dir='ltr'><strong>feruntur.</strong></span> <span class='ocrx_word' id='word_1_206' title='bbox 1520 2784 1605 2844; x_wconf 85' lang='lat' dir='ltr'><strong>Et,</strong></span> 
     </span>
    </p>
   </div>
   <div class='ocr_carea' id='block_1_6' title="bbox 274 2864 1605 2994">
    <p class='ocr_par' dir='ltr' id='par_1_8' title="bbox 274 2864 1605 2994">
     <span class='ocr_line' id='line_1_33' title="bbox 274 2864 1605 2932; baseline -0.004 -15"><span class='ocrx_word' id='word_1_207' title='bbox 274 2865 508 2932; x_wconf 83' lang='lat' dir='ltr'><strong>quoniam</strong></span> <span class='ocrx_word' id='word_1_208' title='bbox 532 2865 656 2918; x_wconf 87' lang='lat' dir='ltr'><strong>haec</strong></span> <span class='ocrx_word' id='word_1_209' title='bbox 679 2865 760 2917; x_wconf 90' lang='lat' dir='ltr'><strong>vel</strong></span> <span class='ocrx_word' id='word_1_210' title='bbox 783 2881 973 2917; x_wconf 88' lang='lat' dir='ltr'><strong>summa</strong></span> <span class='ocrx_word' id='word_1_211' title='bbox 986 2865 1092 2916; x_wconf 85' lang='lat' dir='ltr'><strong>laus</strong></span> <span class='ocrx_word' id='word_1_212' title='bbox 1109 2873 1186 2915; x_wconf 86' lang='lat' dir='ltr'><strong>est</strong></span> <span class='ocrx_word' id='word_1_213' title='bbox 1203 2864 1254 2912; x_wconf 93' lang='lat' dir='ltr'><strong>in</strong></span> <span class='ocrx_word' id='word_1_214' title='bbox 1273 2865 1435 2915; x_wconf 88' lang='lat' dir='ltr'><strong>verbis</strong></span> <span class='ocrx_word' id='word_1_215' title='bbox 1451 2871 1605 2913; x_wconf 83' lang='lat' dir='ltr'><strong>trans-</strong></span> 
     </span>
     <span class='ocr_line' id='line_1_34' title="bbox 1195 2954 1273 2994; baseline -0.026 0"><span class='ocrx_word' id='word_1_216' title='bbox 1195 2962 1217 2994; x_wconf 90' lang='lat' dir='ltr'><strong>s</strong></span> <span class='ocrx_word' id='word_1_217' title='bbox 1241 2954 1273 2992; x_wconf 79' lang='lat'><em>4</em></span> 
     </span>
    </p>
   </div>
   <div class='ocr_carea' id='block_1_7' title="bbox 436 2030 541 2036">
    <p class='ocr_par' dir='ltr' id='par_1_9' title="bbox 436 2030 541 2036">
     <span class='ocr_line' id='line_1_35' title="bbox 436 2030 541 2036; baseline 0 0"><span class='ocrx_word' id='word_1_218' title='bbox 436 2030 541 2036; x_wconf 95' lang='lat' dir='ltr'><strong> </strong></span> 
     </span>
    </p>
   </div>
   <div class='ocr_carea' id='block_1_8' title="bbox 1650 739 1754 782">
    <p class='ocr_par' dir='ltr' id='par_1_10' title="bbox 1650 739 1754 782">
     <span class='ocr_line' id='line_1_36' title="bbox 1650 739 1754 782; baseline 0.019 -2"><span class='ocrx_word' id='word_1_219' title='bbox 1650 739 1754 782; x_wconf 69' lang='grc' dir='ltr'><strong>161ι</strong></span> 
     </span>
    </p>
   </div>
   <div class='ocr_carea' id='block_1_9' title="bbox 1643 1515 1751 1558">
    <p class='ocr_par' dir='ltr' id='par_1_11' title="bbox 1643 1515 1751 1558">
     <span class='ocr_line' id='line_1_37' title="bbox 1643 1515 1751 1558; baseline 0.019 -2"><span class='ocrx_word' id='word_1_220' title='bbox 1643 1515 1751 1558; x_wconf 81' lang='grc'><strong>162.</strong></span> 
     </span>
    </p>
   </div>
   <div class='ocr_carea' id='block_1_10' title="bbox 1637 2461 1749 2595">
    <p class='ocr_par' dir='ltr' id='par_1_12' title="bbox 1637 2461 1749 2595">
     <span class='ocr_line' id='line_1_38' title="bbox 1637 2461 1745 2521; baseline -0.019 0"><span class='ocrx_word' id='word_1_221' title='bbox 1637 2461 1745 2521; x_wconf 78' lang='lat'><strong>41.</strong></span> 
     </span>
     <span class='ocr_line' id='line_1_39' title="bbox 1642 2554 1749 2595; baseline -0.037 0"><span class='ocrx_word' id='word_1_222' title='bbox 1642 2554 1749 2595; x_wconf 82' lang='lat'>163.</span> 
     </span>
    </p>
   </div>
  </div>
 </body>
</html>
