2071 3508
693 446 1067 486 ORATORIBUS.
1467 458 1544 494 3‘25

209 553 388 603 flamen
414 552 754 611 CarmentaliS,
789 553 946 617 plebis
984 562 1156 602 contra
1191 563 1353 620 patres
1380 563 1544 609 conci-

210 632 397 680 tatione
445 639 495 679 et
540 630 781 687 seditione
831 632 1130 694 nunciata3,
1162 643 1218 682 ut
1259 646 1363 684 erat
1402 637 1544 687 laena

209 711 434 768 amictus,
469 709 538 757 ita
562 710 697 757 venit
721 710 771 757 in
798 711 1110 771 concionem,
1146 713 1542 780 seditionemque

209 804 321 835 curn
347 788 641 836 auctoritate
678 796 783 836 tum
809 790 1031 838 oratione
1058 791 1263 840 sedavit.
1334 795 1432 842 Sed
1457 813 1541 844 eos

204 875 421 915 oratores
464 867 654 916 habitos
694 886 818 927 esse,
871 877 957 917 aut
998 871 1199 919 omnino
1241 881 1347 919 tum
1386 873 1540 922 ullum

203 944 514 1009 eloquentiae
552 948 824 1011 praemium
866 947 1031 1006 fuisse,
1087 949 1208 997 nihil
1256 968 1371 1000 saue
1418 953 1539 1000 mihi

200 1021 379 1087 legisse
417 1025 617 1073 videor:
669 1027 1015 1075 tantummodo
1058 1028 1345 1092 conjectura
1383 1030 1539 1079 ducor

199 1101 265 1149 ad
303 1104 666 1168 suspicandum.
740 1105 940 1153 Dicitur
982 1107 1129 1154 etiam
1156 1108 1213 1155 C.
1252 1107 1535 1166 Flaminius,

198 1180 258 1240 is,
296 1183 378 1246 qui
404 1183 629 1230 tribunus
653 1183 808 1247 plebis
844 1183 1006 1248 legem
1034 1185 1095 1232 de
1121 1202 1239 1249 agro
1264 1185 1460 1234 Gallico
1486 1197 1536 1236 et

199 1258 386 1309 Piceno
433 1262 614 1310 viritim
664 1262 932 1309 dividendo
979 1263 1165 1322 tulerit,
1231 1264 1314 1328 qui
1363 1265 1537 1313 consul

199 1339 332 1402 apud
358 1339 737 1389 Thrasimenum
764 1341 825 1389 sit
849 1341 1160 1400 interfectus,
1197 1343 1260 1390 ad
1294 1343 1535 1406 populum

197 1412 406 1466 valuisse
433 1419 661 1468 dicendo.
735 1420 799 1476 Q.
833 1420 979 1467 etiam
1009 1420 1261 1467 Maximus
1288 1421 1535 1469 Verruco-

196 1513 294 1555 sus,
331 1507 495 1546 orator
533 1498 728 1546 habitus
767 1506 842 1546 est
881 1499 1184 1562 temporibus
1210 1498 1332 1557 illis;
1379 1506 1430 1546 et
1468 1499 1532 1557 Q.

196 1575 453 1635 MeteIIuS,
489 1577 548 1636 is,
585 1578 667 1641 qui
692 1577 822 1625 bello
858 1578 1048 1624 Punico
1073 1578 1293 1625 secundo
1319 1594 1434 1625 cum
1470 1578 1530 1626 L.

194 1653 407 1703 Veturio
434 1654 639 1702 Philone
666 1655 839 1703 consul
863 1654 973 1703 fuit.

261 1733 424 1790 Quem
466 1751 584 1782 vero
626 1741 807 1792 exstet,
844 1741 895 1781 et
936 1733 998 1781 de
1041 1751 1138 1798 quo
1175 1735 1237 1783 sit
1261 1738 1528 1786 memoriae
1571 1718 1672 1779 15·

189 1813 462 1878 proditum,
501 1812 817 1876 eloquentem
855 1811 1024 1871 fuisse,
1062 1822 1112 1861 et
1154 1815 1222 1862 ita
1265 1831 1369 1863 esse
1395 1815 1529 1864 habi-

190 1899 318 1951 tum,
352 1892 538 1956 primus
564 1898 639 1939 est
665 1891 739 1938 M.
767 1891 1025 1938 Cornelius
1063 1891 1346 1956 Cethegus:
1387 1893 1528 1957 cujus

190 1969 503 2034 eloquentiae
529 1977 603 2018 est
627 1977 816 2025 auctor,
856 1977 905 2016 et
930 1968 1136 2016 idoneus
1162 1970 1381 2033 quidem,
1418 1988 1529 2019 mea

191 2049 455 2107 sententia,
499 2049 561 2105 Q.
607 2047 814 2105 Ennius,
850 2047 1136 2111 praesertim
1177 2064 1290 2094 cum
1330 2057 1381 2095 et
1421 2049 1526 2112 ipse

190 2144 304 2175 eum
346 2126 604 2182 audiverit,
651 2133 702 2172 et
744 2125 913 2173 scribit
952 2125 1013 2172 de
1051 2134 1246 2173 mortuo
1268 2146 1280 2184 ;
1328 2143 1389 2174 ex
1426 2144 1525 2190 quo

189 2205 324 2253 nulla
364 2205 577 2269 suspicio
619 2211 707 2260 est,
746 2203 992 2250 amicitiae
1036 2220 1182 2251 causa
1218 2219 1323 2251 esse
1348 2204 1525 2252 menti-

187 2293 311 2332 tum.
384 2283 472 2331 Est
497 2283 647 2347 igitur
671 2282 740 2330 sic
762 2281 893 2346 apud
917 2281 1054 2329 illum
1079 2282 1131 2329 in
1156 2298 1287 2330 nono
1314 2286 1396 2347 (ut
1419 2283 1521 2347 opi-

187 2363 300 2424 nor)
338 2362 500 2410 annali
519 2380 530 2410 :

240 2466 411 2504 Additur
430 2473 560 2505 orator
583 2466 776 2506 Cornelin'
795 2466 1071 2519 suaviloquenti

241 2535 318 2572 Ore
341 2535 525 2587 Cethegus
545 2536 717 2582 Marcu',
744 2535 934 2573 Tuditano
953 2534 1109 2587 c‹,·llega,

237 2600 494 2651 Illarcifillus
513 2625 530 2632 -
549 2625 566 2632 ..
587 2624 601 2631 -
621 2625 639 2633 -

185 2688 235 2729 et
260 2688 503 2729 oratorem
528 2681 756 2744 appellat,
780 2689 830 2729 et
854 2680 1294 2743 suaviloquentiam
1319 2679 1512 2727 tribuit:

184 2776 310 2825 quae
347 2775 480 2807 nunc
519 2760 719 2824 quidem
763 2776 861 2807 non
903 2768 1003 2807 tam
1047 2767 1120 2806 est
1160 2759 1210 2805 in
1252 2757 1513 2823 plerisque.

184 2838 390 2889 Latrant
416 2838 545 2887 enim
571 2837 674 2902 jam
700 2838 897 2903 quidam
924 2846 1156 2892 oratoreS,
1186 2853 1284 2885 non
1308 2837 1515 2900 loquun-

1100 2933 1128 2963 Χ
1154 2924 1181 2962 3
