2071 3508
314 1735 424 1780 226.

328 2806 433 2868 53.

329 2899 440 2945 227.

444 433 496 473 ‘74
917 430 994 470 DE
1025 429 1290 469 ORATORE

445 540 640 599 tudine,
680 546 731 587 et
778 555 806 586 a
857 538 1113 587 civitatum
1160 537 1375 585 moribus
1422 534 1762 584 abhorrebant.

403 661 414 672 .
449 619 598 677 Quod
622 619 661 666 si
687 635 744 667 ea
766 618 1090 682 probarentur
1114 617 1165 664 in
1188 615 1380 680 populis
1405 621 1550 678 atque
1574 615 1625 661 in
1651 614 1766 662 civi-

445 699 647 756 tatibus,
672 698 778 761 quis
802 697 910 755 tibi,
937 696 1127 753 Crasse,
1145 694 1482 751 concessisset,
1502 692 1768 740 clarissimo

445 777 568 835 viro,
610 784 661 824 et
696 775 989 840 amplissimo
1025 773 1235 837 principi
1261 771 1490 828 civitatiS,
1515 778 1571 818 ut
1593 770 1676 818 illa
1699 769 1769 817 di-

448 871 584 904 ceres
607 855 658 902 in
682 855 895 901 maxima
921 852 1160 900 concione
1196 859 1393 897 tuorum
1420 849 1619 906 civium,
1644 865 1769 912 quae

449 934 615 982 dixisti
636 934 652 980 ?
689 938 721 959 ‘⁶
740 932 928 996 Eripite
947 947 1035 978 nos
1061 947 1123 977 ex
1149 927 1372 985 miseriis,
1398 926 1571 990 eripite
1595 942 1683 973 nos
1708 942 1772 973 ex

447 1010 672 1060 faucibus
708 1004 895 1067 eorum,
932 1025 1139 1073 quorum
1176 1005 1439 1054 crudelitas
1474 1011 1642 1052 nostro
1666 1019 1773 1051 san-

448 1091 598 1154 guine
625 1106 723 1136 non
748 1095 912 1153 potest
937 1086 1122 1151 expleri
1144 1103 1155 1132 z
1194 1083 1346 1131 nolite
1378 1083 1534 1131 sinere
1559 1098 1648 1129 nos
1673 1082 1774 1129 cui-

450 1185 596 1232 quam
621 1169 819 1225 servire,
844 1166 936 1213 nisi
959 1165 1097 1213 vobis
1121 1162 1377 1221 universis,
1398 1161 1573 1225 quibus
1593 1168 1644 1209 et
1665 1177 1775 1225 pos-

451 1262 636 1304 sumus,
668 1253 719 1293 et
743 1245 1032 1292 debemus.''
1102 1242 1298 1291 Omitto
1333 1242 1561 1299 miserim,
1596 1240 1647 1287 in
1673 1240 1777 1304 qui-

450 1326 560 1384 bus,
602 1333 658 1372 ut
693 1323 762 1371 illi
788 1323 943 1382 aiunt,
978 1322 1051 1370 vir
1075 1320 1215 1369 fortis
1241 1337 1344 1368 esse
1369 1336 1469 1367 non
1492 1326 1688 1383 potest:
1727 1336 1777 1367 o-

451 1405 595 1451 mitto
615 1406 807 1465 fauces,
847 1419 909 1449 ex
950 1401 1125 1465 quibus
1160 1407 1210 1447 te
1248 1398 1369 1463 eripi
1395 1398 1483 1457 viS,
1508 1414 1570 1446 ne
1585 1397 1779 1461 judicio

451 1483 621 1545 iniquo
647 1482 964 1529 exsorbeatur
989 1478 1185 1543 sanguis
1224 1486 1338 1526 tuus
1359 1498 1372 1537 3
1413 1477 1546 1541 quod
1571 1476 1778 1542 sapienti

453 1568 639 1624 negant
677 1559 903 1608 accidere
943 1574 1114 1623 posse:
1153 1557 1330 1605 servire
1365 1571 1481 1603 vero
1505 1572 1604 1602 non
1629 1555 1778 1603 modo

453 1647 524 1697 te,
563 1638 650 1686 sed
684 1639 964 1685 universum
1007 1643 1250 1693 senatum,
1287 1633 1425 1699 cujus
1448 1641 1554 1681 tum
1580 1649 1778 1682 causam

458 1719 654 1782 agebas,
679 1733 822 1765 ausus
847 1733 896 1765 es
923 1715 1086 1764 dicere
1109 1715 1125 1763 ?
1186 1715 1418 1762 Potestne
1442 1713 1614 1771 virtus,
1640 1712 1779 1761 Cras-

455 1815 524 1856 se,
551 1797 747 1855 servire,
772 1796 875 1843 istis
894 1794 1195 1851 auctoribus,
1213 1808 1419 1857 quorum
1435 1799 1490 1839 tu
1513 1797 1782 1855 praecepta

453 1876 658 1924 oratoris
682 1873 918 1922 facultate
944 1870 1321 1936 complecteris?
1346 1886 1470 1934 quae
1496 1877 1546 1917 et
1570 1885 1781 1933 semper,

454 1963 505 2003 et
546 1954 647 2002 sola
686 1953 840 2001 libera
881 1959 954 2000 est
980 1971 993 2011 3
1034 1966 1275 2014 quaeque,
1312 1949 1459 1996 etiam
1501 1948 1539 1995 si
1577 1964 1782 2012 corpora

456 2040 600 2097 capta
625 2032 721 2079 sint
745 2030 908 2088 armis,
946 2037 1032 2077 aut
1056 2028 1324 2077 constricta
1348 2026 1576 2085 vinculis,
1613 2034 1780 2074 tamen

456 2126 597 2158 suum
614 2108 695 2173 jus
719 2116 867 2171 atque
892 2107 1111 2155 omnium
1135 2122 1299 2154 rerum
1323 2105 1614 2170 impunitam
1638 2105 1782 2154 liber-

455 2196 610 2237 tatem
634 2195 804 2234 tenere
829 2186 1023 2233 debeat.
1102 2185 1243 2240 Quae
1267 2200 1383 2231 vero
1408 2183 1659 2241 addidisti,
1683 2199 1783 2232 non

458 2266 606 2314 modo
622 2272 845 2313 senatum
862 2264 1040 2312 servire
1052 2279 1192 2326 posse
1219 2261 1421 2326 populo,
1438 2262 1525 2309 sed
1541 2261 1689 2309 etiam
1706 2265 1782 2310 de-

461 2345 587 2402 bere,
623 2343 729 2407 quis
753 2342 848 2391 hoc
871 2341 1189 2406 philosophus
1212 2349 1315 2388 tam
1338 2339 1514 2398 molliS,
1550 2347 1650 2387 tam
1680 2339 1783 2388 lan-

460 2421 657 2486 guidus,
698 2428 799 2469 tam
838 2427 1115 2478 enervatus,
1156 2426 1257 2467 tam
1293 2418 1456 2466 omnia
1479 2417 1543 2465 ad
1564 2417 1785 2482 volupta-

459 2506 563 2547 tem
589 2499 803 2563 corporis
828 2497 1145 2561 doloremque
1170 2495 1406 2555 referens,
1442 2497 1648 2560 probare
1676 2513 1787 2561 pos.

461 2577 572 2625 set?
610 2577 844 2624 Senatum
886 2576 1064 2623 servire
1099 2574 1301 2639 populo,
1338 2574 1417 2621 cui
1450 2573 1658 2638 populus
1682 2575 1786 2639 ipse

462 2655 750 2703 moderandi
798 2662 848 2702 et
902 2653 1107 2719 regendi
1155 2653 1228 2700 sui
1275 2660 1593 2717 potestatem,
1651 2653 1786 2717 quasi

464 2734 697 2797 quasdam
722 2733 954 2792 habenas,
978 2732 1259 2780 tradidisset
1279 2733 1296 2780 ?

533 2812 708 2875 Itaque
732 2811 855 2860 haec
881 2828 993 2859 cum
1035 2828 1063 2858 a
1096 2818 1147 2858 te
1184 2810 1416 2858 divinitus
1440 2826 1534 2875 ego
1559 2810 1693 2859 dicta
1715 2827 1787 2858 ar-

467 2890 691 2949 bitrarer,
733 2891 785 2938 P.
828 2891 1046 2945 Rutilius
1086 2888 1267 2950 Rufus,
1312 2890 1460 2939 homo
1501 2890 1695 2949 doctuS,
1736 2898 1786 2940 et
