2071 3508
715 383 1089 431 ORATORIBUS.
1492 394 1572 434 417

228 506 386 560 tanta,
428 508 661 565 quantam
687 500 737 546 in
758 499 896 546 nullo
922 499 1213 563 cognovisse
1238 514 1317 546 me
1343 499 1566 558 arbitror,

229 586 299 634 ut,
319 595 444 642 quae
461 595 629 627 secum
651 585 1014 626 commentatus
1041 585 1187 636 esset,
1209 594 1266 625 ea
1290 577 1393 624 sine
1419 578 1569 643 scrip-

225 663 279 703 to
314 658 474 705 verbis
510 656 696 705 eisdem
729 657 982 715 redderet,
1018 656 1195 721 quibus
1232 655 1566 720 cogitavisset.

227 734 342 782 Hoc
368 734 655 799 adjumento
679 734 761 783 ille
786 742 927 783 tanto
953 735 1022 783 sic
1047 736 1298 793 utebatur,
1323 742 1379 782 ut
1404 751 1491 783 sua
1516 742 1568 783 et

223 821 576 874 commentata,
613 822 664 863 et
687 815 889 879 scripta,
915 822 980 872 et,
1008 814 1145 862 nullo
1169 814 1437 873 referente,
1463 831 1566 862 om-

220 890 302 938 nia
339 892 731 941 adversariorum
774 893 909 942 dicta
943 893 1262 942 meminisset.
1335 891 1565 942 Ardebat

219 977 387 1018 autem
425 972 700 1037 cupiditate
737 972 827 1032 sic,
869 981 926 1021 ut
959 973 1011 1020 in
1048 972 1185 1020 nullo
1221 989 1438 1036 unquam
1481 972 1566 1020 fla-

215 1051 440 1114 grantius
466 1052 685 1100 studium
710 1052 936 1101 viderim.
1008 1051 1216 1100 Nullum
1251 1051 1383 1100 enim
1407 1052 1563 1116 patie-

215 1131 362 1179 batur
401 1149 506 1180 esse
545 1132 696 1191 diem,
739 1133 861 1196 quin
899 1140 986 1180 aut
1010 1132 1060 1178 in
1085 1131 1194 1180 foro
1220 1132 1428 1191 diceret,
1477 1140 1563 1181 aut

217 1211 542 1260 meditaretur
595 1220 736 1260 extra
783 1211 980 1260 forum:
1053 1212 1335 1276 saepissime
1392 1219 1559 1260 autem

215 1291 392 1339 eodem
437 1292 516 1339 die
564 1300 831 1356 utrumque
878 1290 1108 1339 faciebat.
1205 1291 1560 1356 Attuleratque

214 1371 418 1419 minime
456 1371 660 1436 vulgare
701 1388 860 1436 genus
901 1371 1131 1419 dicendi:
1195 1371 1316 1419 duas
1356 1372 1557 1435 quidem

213 1467 308 1510 res,
335 1468 454 1515 quas
480 1468 627 1500 nemo
652 1451 805 1511 alius3
847 1451 1157 1515 partitiones,
1194 1451 1371 1514 quibus
1397 1452 1460 1498 de
1485 1469 1558 1500 re-

211 1532 303 1581 bus
346 1531 569 1579 dicturus
607 1539 754 1589 esset,
805 1539 856 1578 et
897 1529 1236 1588 collectiones,
1278 1546 1469 1578 memor
1507 1539 1558 1579 et

212 1629 338 1676 quae
363 1620 527 1660 essent
553 1611 688 1660 dicta
724 1618 916 1670 contra,
953 1627 1178 1675 quaeque
1202 1610 1306 1675 ipse
1333 1610 1556 1660 dixisset.

211 1691 333 1740 Erat
369 1692 421 1739 in
458 1693 722 1740 verborum
748 1690 1011 1755 splendore
1055 1689 1270 1754 elegans,
1312 1692 1555 1755 composi-

210 1773 346 1821 tione
394 1779 557 1836 ἣρως,
615 1770 856 1819 facultate
906 1770 1165 1834 copiosus:
1242 1787 1399 1834 eaque
1449 1780 1554 1820 erat

210 1868 325 1901 cum
351 1868 543 1899 summo
568 1850 787 1915 ingenio,
815 1858 923 1898 tum
949 1849 1392 1897 exercitationibus
1417 1866 1552 1898 max-

208 1932 318 1980 imis
344 1939 660 1980 consecutus.
733 1930 863 1978 Rem
900 1928 1328 1993 complectebatur
1367 1945 1552 1977 memo·

207 2012 342 2068 riter,
380 2010 635 2058 dividebat
659 2017 826 2069 acute,
862 2026 957 2057 nec
981 2009 1414 2073 praetermittebat
1438 2007 1546 2057 fere

208 2090 494 2155 quidquam,
534 2089 668 2153 quod
706 2096 835 2137 esset
866 2089 916 2135 in
943 2105 1105 2144 causa,
1150 2096 1236 2135 aut
1274 2088 1336 2136 ad
1376 2088 1551 2136 confir-

206 2169 463 2229 mandum,
499 2177 586 2217 aut
620 2169 684 2217 ad
718 2168 1063 2217 refellendum.
1134 2168 1249 2216 Vox
1288 2184 1468 2216 canora
1501 2179 1551 2217 et

207 2249 405 2297 suavis:
465 2256 629 2296 motus
667 2255 718 2304 et
757 2254 927 2311 gestus
970 2247 1118 2295 etiam
1160 2246 1271 2311 plus
1309 2247 1426 2295 artis
1466 2247 1551 2295 ha-

202 2330 373 2388 bebat,
416 2344 562 2393 quam
606 2335 710 2376 erat
734 2327 916 2376 oratori
942 2328 1072 2375 satis.
1147 2327 1263 2375 Hoc
1287 2327 1440 2392 igitur
1464 2327 1550 2376 flo-

203 2416 448 2466 rescente,
503 2408 707 2457 Crassus
754 2416 829 2456 est
874 2417 1117 2467 mortuus,
1173 2407 1323 2455 Cotta
1359 2407 1548 2472 pulsus,

196 2488 390 2554 judicia
413 2488 693 2537 intermissa
714 2487 865 2547 bello,
902 2505 991 2536 nos
1015 2488 1067 2535 in
1090 2487 1253 2535 forum
1279 2488 1521 2535 venimus.

272 2568 394 2616 Erat
420 2567 721 2616 Hortensius
757 2569 807 2615 in
843 2567 992 2624 bello,
1029 2568 1189 2632 primo
1230 2583 1361 2615 anno
1385 2565 1544 2627 miles,

204 2648 360 2697 altero
397 2647 626 2696 tribunus
663 2647 911 2695 militum:
952 2647 1197 2711 Sulpicius
1230 2646 1426 2711 legatus
1463 2647 1543 2695 ab·

203 2736 323 2785 erat,
362 2727 511 2776 etiam
539 2726 614 2775 M.
644 2726 918 2774 Antonius:
958 2727 1286 2775 exercebatur
1309 2742 1408 2774 una
1431 2724 1544 2790 lege

192 2806 442 2873 judicium
483 2806 654 2865 Varia,
692 2806 898 2854 caeteris
934 2814 1138 2871 propter
1171 2805 1543 2854 bellum-inter-

201 2887 394 2940 missis:
431 2886 515 2953 qui
552 2885 840 2952 frequentes
877 2885 1085 2936 aderant
1120 2889 1427 2953 (quanquam
1450 2901 1543 2954 pro

1113 2982 1148 3015 D
1175 2965 1209 3015 d

1581 2581 1684 2643 89.
