2071 3508
431 412 514 449 492
986 405 1205 446 TOPICA.

430 523 445 543 ‘
472 516 582 564 nuis
623 515 819 564 oriundi
855 517 1007 564 sunt.'
1074 515 1156 563 Ne
1191 513 1244 562 id
1279 514 1480 578 quidem
1516 515 1631 564 satis
1663 523 1758 564 est.

428 602 443 622 ‘
472 596 699 653 Quorum
739 594 976 659 majorum
1014 611 1163 642 nemo
1196 594 1484 642 servitutem
1520 594 1754 642 servivit?

430 673 592 723 Abest
615 674 764 722 etiam
788 689 939 721 nunc.
1009 678 1024 699 ‘
1063 673 1164 730 Qui
1201 673 1364 737 capite
1397 689 1498 720 non
1534 680 1650 721 sunt
1685 671 1757 719 di-

424 755 442 777 ‘
466 751 683 800 minuti.'
755 752 871 799 Hoc
905 750 1111 800 fortasse
1147 751 1262 800 satis
1299 759 1389 802 est.
1459 751 1598 798 Nihil
1622 751 1755 799 enim

423 830 571 878 video
612 830 913 886 Scaevolam,
962 829 1264 894 pontificem,
1318 830 1383 877 ad
1421 829 1550 877 hanc
1586 828 1756 877 defini-

422 909 612 958 tionem
647 909 909 958 addidisse.
982 909 1153 973 Atque
1193 908 1318 956 haec
1368 909 1495 956 ratio
1531 909 1664 957 valet
1702 909 1756 956 in

421 996 633 1053 utroque
657 1005 842 1052 genere
872 988 1234 1046 definitionum,
1271 988 1373 1035 sive
1396 987 1468 1047 id,
1503 988 1639 1051 quod
1662 997 1754 1048 est,

421 1068 523 1115 sive
542 1067 613 1127 id,
633 1067 768 1130 quod
785 1066 1098 1130 intelligitur,
1122 1066 1460 1114 definiendum
1480 1074 1570 1114 est.
1641 1065 1757 1114 Par-

420 1145 655 1193 titionum
680 1153 847 1193 autem
867 1151 917 1192 et
941 1143 1237 1192 divisionum
1261 1159 1420 1208 genus
1439 1143 1582 1208 quale
1606 1152 1753 1204 esset,

420 1225 727 1273 ostendimus
749 1242 761 1272 ε
800 1223 888 1271 sed
912 1223 1030 1287 quid
1055 1223 1185 1271 inter
1209 1240 1260 1271 se
1286 1223 1531 1283 differant,
1560 1223 1753 1288 planius

422 1303 692 1352 dicendum
713 1310 803 1351 est.
849 1302 909 1349 In
926 1302 1192 1366 partitione
1213 1302 1350 1365 quasi
1368 1303 1588 1351 membra
1607 1309 1752 1351 sunt:

419 1390 478 1431 ut
496 1383 731 1448 corporis,
751 1389 918 1447 caput,
945 1380 1152 1438 humeri,
1179 1397 1368 1438 manus,
1393 1380 1567 1441 latera,
1592 1382 1754 1442 crura,

418 1462 586 1527 pedes,
615 1471 828 1510 caetera.
1444 1451 1447 1452 ⁷

485 1542 548 1588 In
572 1541 811 1590 divisione
836 1540 1023 1589 formae
1048 1548 1180 1600 sunt,
1200 1556 1321 1604 quas
1345 1541 1530 1590 Graeci
1553 1539 1650 1590 ἰδέας
1667 1556 1752 1589 vo-

417 1627 566 1668 cant:
602 1620 772 1676 nostri,
812 1620 850 1667 si
875 1620 958 1683 qui
981 1619 1106 1667 haec
1129 1619 1259 1668 forte
1284 1627 1518 1678 tractant,
1552 1619 1752 1684 Species

417 1698 702 1763 appellant:
740 1716 841 1747 non
875 1699 1086 1763 pessime
1121 1699 1174 1746 id
1198 1699 1414 1762 quidem,
1453 1700 1541 1747 sed
1568 1700 1752 1748 inutili-

416 1786 494 1825 ter
513 1778 576 1825 ad
595 1778 858 1826 mutandos
879 1795 1018 1825 casus
1036 1779 1086 1824 in
1108 1777 1340 1826 dicendo.
1410 1777 1579 1826 Nolim
1599 1778 1750 1838 enim,

416 1873 480 1905 ne
505 1857 544 1904 si
569 1856 749 1905 Latine
774 1857 975 1921 quidem
1011 1857 1112 1904 dici
1145 1857 1320 1921 possit,
1358 1856 1664 1921 Specierum,
1701 1865 1752 1905 et

417 1935 685 2000 Speciebus
706 1935 872 1984 dicere
892 1955 904 1985 :
944 1943 995 1984 et
1019 1952 1164 2000 saepe
1188 1935 1263 1983 his
1289 1936 1481 1984 casibus
1507 1935 1751 1984 utendum

416 2022 526 2062 est:
563 2021 615 2061 at
639 2013 829 2061 Formis
865 2022 916 2062 et
940 2013 1229 2062 Formarum
1265 2013 1431 2063 velim.
1503 2013 1631 2062 Cum
1667 2031 1751 2062 au-

415 2101 517 2141 tem
543 2101 754 2158 utroque
778 2095 931 2142 verbo
955 2093 1086 2141 idem
1122 2093 1446 2158 significetur,
1483 2093 1752 2142 commodi-

414 2180 570 2219 tatem
619 2171 671 2219 in
709 2171 923 2220 dicendo
972 2188 1072 2219 non
1123 2172 1332 2220 arbitror
1379 2171 1749 2236 negligendam.

416 2251 592 2298 Genus
617 2257 668 2296 et
689 2248 899 2296 formam
936 2249 1180 2297 definiunt
1214 2249 1310 2298 hoc
1345 2250 1527 2297 modo:
1566 2248 1747 2298 Genus

415 2336 491 2376 est
514 2328 651 2376 notio
675 2327 738 2375 ad
761 2327 926 2392 plures
956 2327 1256 2376 differentias
1290 2329 1561 2393 pertinens.
1631 2328 1749 2377 For-

416 2424 498 2455 ma
521 2415 596 2456 est
618 2406 773 2462 notio,
812 2405 952 2471 cujus
984 2405 1260 2455 differentia
1283 2406 1347 2454 ad
1378 2414 1523 2470 caput
1552 2408 1749 2472 generis

417 2494 469 2534 et
493 2485 630 2550 quasi
667 2484 859 2533 fontem
896 2483 1069 2533 referri
1104 2492 1285 2549 potest.
1358 2485 1629 2534 Notionem
1667 2504 1749 2552 ap-

415 2565 566 2630 pello,
607 2564 742 2629 quod
777 2563 961 2625 Graeci
1002 2572 1109 2612 tum
1143 2563 1268 2608 ’ἔννοιαν
1308 2571 1415 2612 tum
1455 2564 1637 2627 πρόληψιν
1679 2565 1749 2613 di·

418 2652 557 2693 cunt.
628 2644 701 2692 Ea
726 2651 800 2692 est
823 2643 988 2703 insita,
1013 2651 1065 2692 et
1094 2652 1210 2692 ante
1239 2652 1477 2708 percepta
1507 2643 1747 2709 cujusque

416 2721 604 2771 formae
625 2722 864 2786 cognitio,
889 2721 1200 2770 enodationis
1224 2721 1468 2785 indigens.
1540 2721 1747 2771 Formae

417 2800 569 2864 igitur
599 2810 714 2849 sunt
742 2801 854 2860 hae,
889 2801 940 2848 in
965 2817 1085 2865 quas
1114 2817 1272 2864 genus
1304 2801 1408 2848 sine
1433 2800 1579 2849 ullius
1608 2818 1747 2867 prae-

418 2880 723 2930 termissione
761 2880 1029 2929 dividitur:
1068 2887 1123 2928 ut
1162 2880 1200 2928 si
1231 2880 1337 2943 quis
1368 2879 1449 2943 jus
1480 2880 1533 2928 in
1563 2880 1743 2946 legem,
