2071 3508
681 413 850 453 LIBER
878 412 1131 454 TERTIUS.
1500 421 1580 461 287

247 532 470 584 ventum,
505 521 639 587 quod
661 522 919 570 hominum
942 521 1177 570 lateribus
1202 537 1301 570 non
1325 523 1582 575 tolerabile

246 602 419 660 solum,
457 600 545 651 sed
568 600 717 648 etiam
740 597 887 648 facile
913 615 1018 649 esse
1041 599 1210 664 possit.
1272 601 1586 667 Longissima

246 689 321 731 est
344 681 496 746 igitur
536 677 818 744 complexio
854 678 1134 737 verborum,
1176 696 1302 744 quae
1326 680 1457 730 volvi
1481 697 1587 731 uno

244 761 418 825 spiritu
440 766 623 825 potest.

308 838 407 888 Sed
431 838 513 887 hic
551 846 757 887 naturae
782 838 960 887 modus
984 845 1077 898 est,
1114 839 1231 888 artis
1269 839 1423 890 alius:
1468 857 1584 891 nam
1616 828 1725 893 4⁴7.

240 934 356 967 cum
397 918 496 967 sint
532 918 726 967 numeri
749 917 934 983 plures,
970 918 1189 967 iambum
1213 927 1266 968 et
1288 920 1583 970 trochaeum
1621 925 1730 967 182.

237 997 554 1063 frequentem
578 1005 809 1063 segregat
833 999 894 1046 ab
920 1006 1114 1047 oratore
1141 999 1453 1057 Aristoteles,
1493 1001 1587 1050 Ca-

240 1077 361 1136 tule,
399 1086 578 1136 vester,
616 1078 702 1142 qui
737 1085 915 1126 natura
938 1085 1107 1127 tamen
1131 1079 1394 1129 incurrunt
1417 1080 1511 1145 ipsi
1535 1080 1588 1128 in

241 1158 519 1207 orationem
556 1173 935 1222 sermonemque
960 1165 1184 1205 nostrum
1207 1176 1218 1206 :
1263 1159 1352 1207 sed
1376 1167 1492 1208 sunt
1515 1160 1589 1207 in-

242 1237 406 1303 signes
423 1237 767 1303 percussiones
793 1252 964 1285 eorum
990 1252 1326 1294 numerorum,
1355 1246 1407 1287 et
1429 1239 1590 1288 minu-

239 1317 280 1364 ti
303 1316 474 1383 pedes.
546 1317 715 1374 Quare
738 1316 953 1382 primum
984 1316 1049 1365 ad
1071 1316 1279 1365 heroum
1304 1334 1393 1366 nos
1418 1318 1590 1384 dacty-

240 1394 296 1456 li,
331 1403 383 1445 et
418 1396 692 1461 anapaesti,
729 1404 780 1444 et
818 1394 1026 1458 spondei
1062 1395 1244 1458 pedem
1285 1396 1499 1457 invitat3
1537 1398 1590 1445 in

242 1491 342 1540 quo
376 1475 581 1539 impune
622 1473 856 1538 progredi
894 1473 1015 1522 licet
1050 1474 1174 1522 duos
1217 1474 1463 1523 duntaxat
1505 1492 1590 1540 pe-

242 1554 346 1611 des,
375 1561 462 1602 aut
484 1551 634 1618 paulo
658 1551 784 1617 plus,
822 1567 886 1599 ne
910 1550 1057 1615 plane
1082 1552 1133 1599 in
1169 1569 1381 1610 versum,
1420 1561 1506 1602 aut
1531 1555 1590 1602 si-

239 1632 576 1682 militudinem
617 1646 849 1680 versuum
890 1630 1187 1680 incidamus.
1282 1632 1428 1681 Aliae
1471 1642 1590 1683 sunt

240 1713 487 1778 geminae,
528 1710 705 1776 quibus
730 1709 782 1757 hi
806 1717 907 1759 tres
930 1710 1069 1759 heroi
1093 1712 1247 1777 pedes
1271 1712 1322 1759 in
1346 1712 1591 1777 principia

241 1789 694 1841 continuandorum
731 1791 999 1838 verborum-
1034 1791 1150 1839 satis
1176 1791 1356 1839 decore
1382 1791 1586 1840 cadunt.

243 1870 488 1921 Probatur
525 1876 692 1917 autem
735 1869 797 1917 ab
822 1869 1004 1917 eodem·
1040 1869 1124 1918 illo
1149 1871 1365 1919 maxime
1389 1888 1582 1935 paeon3
1607 1878 1722 1918 183.v

241 1950 326 2014 qui
350 1956 426 1997 est
464 1947 684 2012 duplex:
723 1963 837 1996 nam
876 1956 963 1996 aut
987 1965 1015 1996 a
1052 1948 1203 2013 longa
1228 1949 1398 2006 oritur,
1438 1966 1586 2014 quam

241 2036 342 2078 tres
378 2029 554 2077 breves
592 2035 998 2091 consequuntur3
1043 2035 1101 2075 ut
1124 2028 1248 2076 haec
1273 2030 1439 2086 verba,
1469 2031 1589 2079 desi-

242 2110 353 2166 nite,
393 2107 600 2171 incipite,
631 2107 921 2170 comprimite
948 2129 962 2153 .·
1016 2115 1103 2155 aut
1143 2125 1172 2155 a
1193 2108 1426 2158 brevibus
1452 2108 1590 2157 dein-

246 2203 364 2252 ceps
388 2187 561 2243 tribus‚
600 2194 824 2234 extrema
862 2186 1107 2251 producta
1133 2195 1284 2251 atque
1308 2187 1489 2252 longa3
1530 2189 1589 2237 si-

242 2275 330 2316 cut
369 2266 453 2315 illa
488 2274 621 2325 sunt,
658 2267 950 2323 domuerant,
988 2268 1249 2331 sonipedes.
1321 2267 1493 2332 Atque
1517 2268 1589 2316 illi

241 2346 536 2413 philosopho
561 2345 711 2394 ordiri
729 2344 896 2410 placet
919 2363 948 2394 a
971 2346 1222 2412 superiore
1245 2363 1451 2411 paeone,
1478 2365 1590 2413 pos-a

243 2427 425 2475 teriore
464 2424 622 2474 finire.
693 2424 785 2473 Est
822 2433 990 2474 autem
1027 2442 1189 2490 paeon
1226 2426 1308 2474 hic
1346 2427 1596 2491 posterior

245 2520 346 2554 non
371 2504 667 2570 syllabarum
709 2521 936 2564 numero,
984 2505 1072 2553 sed
1109 2506 1301 2553 aurium
1339 2523 1588 2566 mensura,

245 2584 381 2649 quod
419 2592 494 2632 est
534 2583 695 2631 acrius
728 2582 978 2647 judicium
1020 2591 1071 2632 et
1113 2585 1310 2641 certius,
1355 2601 1442 2650 par
1481 2584 1592 2634 fere

249 2663 468 2722 Cretico,
506 2663 590 2727 qui
629 2671 704 2711 est
739 2679 801 2711 ex
836 2663 1004 2727 longa,
1046 2671 1098 2712 et.
1121 2665 1277 2722 brevi,
1314 2672 1365 2713 et
1399 2664 1586 2730 longa;

245 2752 318 2801 ut,

361 2833 463 2879 Quid
474 2838 602 2887 petam
618 2831 805 2887 praesidi,
825 2840 893 2873 aut
912 2847 1095 2888 exsequar
1108 2835 1130 2872 ἶ)
1157 2848 1274 2888 quove
1294 2848 1504 2874 minc—-

259 2902 301 2951 A
326 2918 424 2967 quo
450 2919 657 2953 numero
695 2919 897 2954 exorsus
933 2911 1009 2953 est
1050 2902 1279 2961 Fannius,
1317 2906 1386 2962 Si,
1426 2904 1587 2959 Quiri-
