2138 3528
749 508 826 559 M.
852 509 916 559 T.
944 510 1330 564 CICERONIS

626 711 775 776 DE
856 712 1458 811 ORATORE

865 939 1021 979 LIBRI
1051 941 1206 982 TRES.

832 1272 1237 1310 ARGUMENTUM.

366 1393 436 1446 In
473 1392 547 1441 his
589 1394 737 1452 libris,
781 1395 833 1443 in
875 1396 1042 1459 quibus
1064 1398 1166 1460 ipse
1189 1397 1280 1445 sibi
1302 1397 1499 1462 mirifice
1530 1401 1720 1464 placuit

434 1472 614 1529 Cicero,
664 1475 722 1520 de
763 1474 1032 1536 eloquentia
1073 1474 1140 1522 ita
1171 1477 1429 1539 praecipit,
1478 1486 1544 1536 ut,
1589 1483 1718 1543 quod

431 1551 552 1598 alios
575 1552 724 1608 docet,
767 1552 922 1615 ipsum
953 1554 1104 1616 plane
1140 1563 1402 1623 assecutum
1443 1571 1542 1607 esse
1565 1575 1716 1623 appa-

429 1637 550 1678 reat.
622 1631 858 1695 Explicat
877 1641 1032 1681 autem
1055 1649 1167 1692 suas
1190 1637 1248 1683 de
1273 1636 1461 1686 dicendi
1483 1646 1588 1687 arte
1611 1655 1714 1687 sen-

430 1709 602 1758 tentias
624 1710 712 1757 sub
734 1710 881 1760 Lucii
904 1712 1086 1761 Licinii
1110 1713 1272 1787 Crassi
1295 1722 1344 1763 et
1364 1717 1538 1765 Marci
1561 1718 1714 1766 Anto-

428 1787 499 1836 nii
531 1789 772 1853 personis,
817 1791 947 1853 quod
976 1793 1046 1860 acl
1076 1791 1162 1840 lzos
1186 1793 1394 1842 homines
1417 1796 1712 1860 eloquentiae

419 1867 750 1932 principatum
770 1885 942 1927 omnes,
969 1872 1210 1936 superiori
1227 1875 1397 1937 seculo,
1425 1877 1709 1927 detulerant.

427 1948 505 1996 Et
535 1948 586 1996 in
613 1949 775 2013 primo
813 1950 1000 2013 quidem
1030 1950 1151 1999 libro
1177 1951 1378 2001 Crassus
1400 1961 1451 2003 et
1470 1955 1710 2006 Antonius

429 2028 488 2076 de
511 2028 736 2076 universa
761 2029 970 2078 oratoris
984 2031 1192 2092 perfecti
1216 2032 1263 2078 vi
1298 2033 1557 2096 disputant,
1595 2052 1709 2099 quo-

427 2121 536 2153 rum
559 2106 682 2153 alter
705 2107 770 2154 ad
793 2106 1035 2156 Ciceronis
1073 2116 1270 2158 mentem
1306 2113 1365 2159 cle
1399 2129 1456 2160 ea
1483 2129 1539 2161 re
1563 2115 1708 2164 disse-

427 2184 508 2240 rit,
551 2184 634 2239 ita,
678 2191 734 2232 ut
771 2186 954 2233 oratori
996 2187 1199 2234 omnium
1229 2189 1532 2240 scientiarum
1559 2201 1610 2241 et
1629 2211 1708 2242 ar-

426 2264 541 2312 tium
574 2262 890 2326 cognitionem
915 2264 1095 2313 tribuat
1103 2287 1122 2324 ;
1161 2267 1283 2314 alter
1307 2283 1420 2317 vero
1447 2271 1703 2331 Antonin&

407 2343 594 2406 fratris
619 2343 787 2397 Quinti
808 2345 1054 2402 sententia,
1096 2347 1408 2409 eloquentiam
1432 2350 1493 2396 ab
1516 2352 1706 2415 elegan-

427 2423 494 2473 tia
517 2422 764 2470 doctrinae
788 2431 1028 2485 segregat,
1073 2431 1119 2472 et
1146 2424 1197 2472 in
1227 2428 1430 2488 quodam
1453 2429 1638 2492 ingenii
1660 2440 1711 2479 et

423 2501 776 2559 exercitationis
812 2517 993 2564 genere
1026 2503 1182 2566 ponit.
1258 2506 1456 2555 Primus
1497 2509 1710 2572 disputat

425 2582 640 2637 Crassus,
669 2581 840 2630 deinde
863 2581 966 2643 ejus
990 2584 1286 2646 argumentis
1310 2602 1430 2649 quae
1448 2593 1704 2651 responde-

424 2662 472 2708 ri
505 2667 724 2724 possunt,
766 2660 909 2723 affert
935 2662 1189 2710 Antonius.
1260 2665 1329 2712 In
1352 2667 1555 2713 secundo
1581 2667 1701 2717 libro

426 2739 691 2788 disserendi
723 2747 892 2803 partes
933 2741 1150 2803 inprimis
1179 2745 1246 2790 acl
1279 2744 1540 2793 Antonium
1575 2750 1702 2810 defe-

424 2827 640 2890 rantur,-
654 2820 734 2884 qui
758 2820 816 2869 de
840 2819 1110 2871 inventione
1124 2823 1380 2889 praecipit,
1413 2833 1462 2875 et
1482 2828 1540 2875 de
1562 2828 1700 2878 collo-
