2071 3508
426 411 477 446 36
900 402 976 440 DE
1007 399 1197 440 ORATO
1204 399 1274 437 RE

427 516 514 563 has
550 530 682 562 meas
716 511 924 576 ineptias
950 511 1191 558 efferatis:
1231 521 1509 572 quanquam
1534 502 1755 552 modera-

429 596 519 642 bor
542 593 661 657 ipse,
699 608 778 646 ne,
809 599 865 637 ut
890 589 1088 653 quidam
1123 586 1354 651 magister
1389 592 1537 647 atque
1561 581 1755 637 artifex,

434 672 522 720 sed
547 671 682 734 quasi
722 686 848 716 unus
887 685 913 715 e
948 674 1229 730 togatorum
1254 679 1478 720 numero,
1513 669 1659 724 atque
1696 675 1757 706 ex

437 750 619 798 forensi
643 766 735 796 usu
751 748 899 794 homo
918 745 1196 802 mediocris,
1211 758 1371 805 neque
1391 740 1591 788 omnino
1609 738 1758 793 rudis,

440 830 621 884 videar,
649 843 748 874 non
771 827 875 889 ipse
900 824 1084 887 aliquid
1108 841 1136 870 a
1159 839 1237 868 me
1261 819 1539 884 promsisse‚
1559 816 1645 863 sed
1667 814 1764 862 for-

303 924 410 964 112.
442 908 569 957 tuito
593 907 645 953 in
669 920 944 953 sermonem
966 910 1183 949 vestrum
1208 898 1453 946 incidisse.
1502 892 1789 958 Equidem‚.

445 1003 558 1036 cum
581 993 803 1049 peterem
827 982 1186 1046 magistratum,
1211 977 1426 1025 solebam
1457 976 1509 1022 in
1537 988 1769 1038 prensan-
1820 975 1828 984 ¹

447 1067 511 1113 do
537 1065 785 1112 dimittere
811 1080 838 1108 a
862 1078 940 1108 me
967 1059 1266 1113 Scaevolam,
1311 1072 1425 1104 cum
1466 1055 1509 1103 ei
1545 1055 1615 1101 ita
1639 1053 1770 1100 dice-

448 1160 570 1201 rem,
617 1158 696 1188 me
742 1139 867 1187 velle
910 1155 1015 1186 esse
1056 1138 1280 1200 ineptum
1302 1154 1313 1182 :
1365 1134 1417 1182 id
1459 1142 1562 1181 erat
1602 1139 1773 1197 petere

447 1220 706 1277 blandius·,
735 1217 883 1280 quod,
908 1215 1002 1262 nisi
1026 1215 1192 1277 inepte
1210 1213 1368 1271 fieret,
1390 1215 1519 1260 bene
1544 1227 1642 1259 non
1666 1226 1774 1274 pos-

449 1306 523 1347 set
546 1297 680 1345 fieri‘:
722 1295 857 1342 hunc
898 1300 1065 1341 autem
1101 1308 1204 1339 esse
1227 1291 1479 1338 hominem
1519 1305 1674 1337 unum
1713 1304 1776 1335 ex

451 1377 697 1433 omnibus,
723 1390 820 1437 quo
837 1379 1094 1437 praesente
1115 1387 1208 1434 ego
1232 1370 1428 1433 ineptus
1448 1384 1552 1416 esse
1577 1366 1778 1414 minime

452 1455 631 1504 vellem
652 1471 664 1500 :
716 1468 862 1516 quem
901 1450 1100 1514 quidem
1141 1465 1274 1496 nunc
1316 1463 1534 1495 mearum
1575 1445 1781 1509 ineptia-

454 1551 563 1582 rum
602 1539 781 1581 testem
823 1537 873 1577 et
913 1535 1241 1592 spectatorem
1275 1525 1474 1590 fortuna
1510 1524 1781 1572 constituit.

456 1613 586 1660 Nam
613 1610 731 1674 quid
756 1617 827 1656 est
852 1607 1081 1670 ineptius,
1109 1622 1255 1669 quam
1281 1604 1343 1651 de
1368 1604 1581 1651 dicendo
1601 1603 1782 1660 dicere,

463 1706 576 1738 cum
612 1689 770 1752 ipsum
801 1687 982 1741 dicere,
1016 1700 1269 1747 nunquam
1305 1683 1367 1730 sit
1401 1698 1501 1729 non
1542 1682 1781 1745 ineptum,

323 1786 428 1824 113,
462 1768 555 1815 nisi
592 1783 705 1815 cum
744 1773 818 1813 est
854 1763 1217 1811 necessarium?
1256 1763 1413 1825 Perge
1437 1777 1568 1816 vero,
1597 1760 1784 1818 Crasse,

461 1846 622 1910 inquit
649 1844 850 1892 Mucius
872 1861 883 1890 :
921 1843 1063 1889 istam
1089 1841 1220 1888 enim
1245 1840 1459 1904 culpam,
1485 1856 1630 1903 quam
1654 1857 1789 1888 vere-

464 1925 547 1983 ris,
573 1941 666 1987 ego
689 1924 962 1988 praestabo.

322 2005 427 2063 25,
549 2003 628 2050 Sic
667 2003 836 2065 igitur,
873 2001 1034 2065 inquit
1067 2000 1288 2058 CraSSUS‚
1333 1999 1510 2058 sentio,
1549 2000 1791 2048 Naturam

463 2082 676 2146 primum
696 2088 842 2144 atque
866 2079 1122 2143 ingenium
1141 2079 1204 2126 ad
1224 2078 1491 2126 dicendum
1505 2078 1605 2125 vim
1624 2078 1794 2127 afferre

467 2160 731 2206 maximam
754 2179 767 2217 ;
811 2174 972 2221 neque
1009 2174 1126 2204 vero
1168 2157 1285 2212 istis,
1331 2156 1392 2204 de
1435 2157 1609 2219 quibus
1649 2157 1796 2221 paulo

469 2245 583 2288 ante
609 2237 735 2284 dixit
761 2236 1029 2294 Antonius,
1056 2235 1373 2298 scriptoribus
1399 2235 1533 2294 artis,
1557 2236 1796 2283 rationem

471 2316 670 2366 dicendi
696 2323 746 2362 et
767 2314 916 2373 viam,
942 2314 1030 2362 sed
1053 2321 1278 2361 naturam
1305 2313 1535 2361 defuisse.
1595 2314 1725 2361 Nam
1750 2321 1800 2361 et

472 2394 622 2442 animi
664 2401 810 2457 atque
851 2393 1039 2456 ingenii
1075 2392 1260 2440 celeres
1287 2392 1486 2455 quidam
1510 2399 1672 2440 motus
1698 2409 1800 2440 esse

473 2473 676 2530 debent,
702 2472 785 2535 qui
811 2480 861 2518 et
885 2471 948 2518 ad
973 2470 1358 2534 excogitandum
1382 2471 1534 2530 acuti,
1560 2479 1610 2519 et
1634 2471 1697 2518 ad
1721 2488 1803 2519 ex-

472 2550 757 2616 plicandum
783 2549 1156 2613 ornandumque
1183 2550 1280 2597 sint
1304 2551 1495 2606 uberes,
1535 2558 1584 2598 et
1619 2550 1682 2597 ad
1706 2566 1805 2599 me-

337 2647 443 2685 114,
474 2629 678 2676 moriam
716 2627 841 2675 firmi
882 2635 1029 2691 atque
1078 2627 1315 2675 diuturni.
1387 2629 1454 2676 Et
1495 2628 1534 2676 si
1572 2629 1679 2692 quis
1714 2638 1789 2678 est

476 2707 559 2771 qui
574 2707 697 2757 haec
712 2714 857 2771 putet
876 2713 979 2753 arte
996 2706 1156 2771 accipi
1180 2723 1342 2771 posse,
1362 2708 1496 2771 quod
1518 2706 1695 2755 falsum
1713 2687 1812 2775 est:

477 2784 749 2848 (praeclare
794 2785 925 2833 enim
963 2802 1013 2833 se
1050 2802 1126 2834 res
1150 2785 1348 2845 habeat,
1372 2786 1411 2834 si
1434 2786 1558 2835 haec
1583 2786 1812 2858 accendi²

477 2870 563 2911 aut
587 2863 888 2926 commoveri
926 2872 1031 2913 arte
1065 2864 1290 2930 possint3
1328 2865 1476 2915 inseri
1506 2865 1725 2930 quidem,
1761 2874 1810 2913 et
