2071 3508
716 397 1104 438 PARTITIONES.
1498 405 1577 442 445

241 523 374 572 opes,
414 507 640 564 honores,
678 515 970 571 potestates,
1009 506 1230 565 divitiae,
1265 505 1487 567 libertas,
1527 518 1579 559 et

242 602 317 646 ea,
355 604 480 651 quae
515 593 630 634 sunt
665 584 723 632 iis
760 585 1021 633 contraria.
1095 584 1156 632 In
1190 583 1312 633 locis
1337 594 1502 635 autem
1528 598 1580 636 et

237 664 322 714 illa
346 665 604 724 naturalia,
640 663 892 723 maritimi,
928 681 991 711 an
1028 664 1205 712 remoti
1230 681 1258 711 a
1282 665 1438 725 mari;
1479 665 1581 730 pla-

237 745 309 804 ni,
345 761 407 793 an
448 743 732 804 montuosi;
787 743 967 801 laeves,
1006 760 1069 791 an
1105 744 1298 809 asperi,
1344 744 1581 804 salubres,

238 839 301 872 an
324 822 645 888 pestilentes,
685 824 847 888 opaci,
884 840 946 871 an
972 824 1155 889 aprici:
1206 832 1257 872 et
1291 823 1374 872 illa
1408 823 1582 872 fortui-

235 909 306 962 ta,
332 903 469 960 culti,
496 920 559 951 an
583 903 793 963 inculti,
833 902 1071 963 celebres,
1097 919 1158 951 an
1185 903 1366 951 deserti
1388 923 1402 964 ;
1442 920 1583 952 coae-

238 981 443 1042 dificati,
480 999 542 1030 an
567 983 726 1044 vasti,
773 982 990 1042 obscuri,
1026 999 1089 1030 an
1124 999 1289 1031 rerum
1327 991 1580 1048 gestarum

237 1062 459 1128 vestigiis
494 1062 775 1123 nobilitati;
817 1062 1112 1121 consecrati,
1146 1079 1207 1110 an
1232 1061 1444 1127 profani.

307 1141 367 1188 In
385 1142 692 1206 temporibus
710 1149 895 1199 autem,
914 1140 1212 1206 praesentia,
1229 1149 1280 1190 et
1294 1143 1580 1207 praeterita,
1619 1136 1648 1196 1
1667 1138 1720 1196 1.

239 1228 291 1268 et
307 1219 477 1268 futura
497 1228 770 1269 cernuntur
791 1239 803 1268 ε
842 1221 893 1268 in
913 1220 988 1268 his
1010 1220 1141 1285 ipsis,
1168 1228 1385 1280 vetusta,
1410 1238 1581 1271 recen-

237 1300 326 1358 tia,
362 1300 615 1360 instantia,
651 1300 799 1365 paulo
828 1308 960 1365 post,
997 1308 1083 1348 aut
1108 1299 1373 1365 aliquando
1398 1300 1580 1352 futura.

240 1378 421 1427 Insunt
445 1379 594 1427 etiam
630 1379 681 1427 in
717 1380 1023 1444 temporibus
1058 1379 1159 1438 illa,
1196 1396 1322 1445 quae
1346 1381 1583 1445 temporis

239 1458 378 1522 quasi
417 1466 643 1506 naturam
685 1466 880 1517 notant,
919 1465 976 1505 ut
1017 1458 1194 1517 hiems,
1246 1476 1347 1516 ver,
1404 1468 1582 1520 aestas,

239 1546 531 1598 autumnus3
561 1544 647 1585 aut
672 1537 787 1585 anni
803 1545 1046 1601 tempora,
1072 1545 1128 1584 ut
1152 1538 1352 1597 mensis,
1376 1546 1434 1586 ut
1458 1539 1583 1599 dies,

237 1624 296 1665 nt
332 1628 451 1675 nox,
487 1616 626 1675 hora,
662 1624 963 1681 tempestas;
1004 1633 1129 1681 quae
1167 1624 1282 1665 sunt
1306 1618 1579 1667 naturalia:

236 1695 444 1744 fortuita
489 1703 672 1753 autem,
726 1695 982 1755 sacrificia,
1024 1695 1139 1744 festi
1182 1696 1305 1756 dies,
1358 1697 1580 1762 nuptiae.

239 1774 351 1824 Jam
376 1773 511 1823 facta
552 1782 604 1823 et
646 1783 854 1823 eventus
891 1783 976 1822 aut
1003 1774 1195 1822 consilii
1221 1784 1354 1835 sunt,
1383 1784 1470 1824 aut
1492 1777 1582 1825 im-

237 1854 559 1919 prudentiae3
589 1870 714 1918 quae
741 1861 816 1902 est
840 1862 927 1901 aut
950 1854 1000 1900 in
1022 1870 1154 1911 casu,
1182 1862 1269 1902 aut
1292 1855 1343 1901 in
1369 1855 1582 1919 quadam

240 1934 391 1982 animi
440 1933 785 1997 permotione:
860 1949 995 1991 casu,
1044 1950 1159 1981 cum
1201 1933 1343 1982 aliter
1379 1935 1582 1996 accidit,

241 2030 300 2062 ac
324 2020 555 2078 putatum
595 2013 686 2060 sit:
710 2059 715 2064 ,
736 2012 1063 2077 permotione,
1109 2030 1224 2061 cum
1261 2022 1347 2062 aut
1382 2014 1580 2073 oblivio,

240 2101 326 2141 aut
352 2110 503 2152 error,
524 2101 610 2141 aut
633 2100 815 2151 metus,
835 2101 921 2140 aut
940 2092 1103 2157 aliqua
1122 2093 1408 2157 cupiditatis
1435 2112 1583 2145 causa

238 2173 500 2238 permovit.
589 2172 679 2220 Est
704 2172 854 2221 etiam
878 2172 929 2219 in
955 2172 1291 2237 imprudentia
1314 2176 1582 2224 necessitas

237 2252 487 2318 ponenda.
560 2253 750 2301 Rerum
786 2260 953 2300 autem
988 2253 1231 2301 bonarum
1269 2261 1320 2302 et
1343 2254 1584 2303 malarum

239 2332 334 2381 tria
372 2340 487 2380 sunt
522 2348 736 2396 genera:
787 2348 901 2379 nam
941 2340 1027 2380 aut
1067 2331 1118 2379 in
1161 2332 1356 2393 animis,
1398 2341 1484 2382 aut
1529 2334 1581 2382 in

240 2412 547 2476 corporibus,
584 2419 669 2459 aut
706 2420 846 2460 extra
879 2429 984 2460 esse
1007 2420 1229 2477 possunt.
1304 2412 1468 2478 Hujus
1492 2414 1582 2478 igi-

239 2499 322 2540 tur
347 2492 600 2550 materiae,
627 2491 689 2539 ad
714 2499 1063 2556 argumentum
1090 2491 1361 2555 subjectae,
1397 2493 1584 2558 perlus-

241 2571 448 2620 trandae
490 2572 656 2619 animo
692 2578 856 2635 partes
897 2579 1042 2619 erunt
1083 2588 1274 2631 omnes,
1318 2581 1368 2620 et
1408 2572 1472 2620 ad
1512 2573 1583 2633 id,

241 2651 376 2716 quod
419 2658 613 2714 agetur,
656 2667 719 2698 ex
759 2650 963 2714 singulis
1001 2650 1289 2714 conjectura
1325 2652 1582 2716 capienda.

241 2730 333 2779 Est
358 2730 506 2778 etiam
532 2746 690 2795 genus
715 2737 1123 2793 argumentorum
1148 2729 1302 2790 aliud,
1352 2731 1486 2795 quod
1521 2749 1585 2780 ex

240 2809 362 2858 facti
387 2809 608 2874 vestigiis
645 2809 870 2866 sumitur,
908 2816 965 2856 ut
988 2807 1162 2869 telum,
1201 2827 1362 2870 cruor,
1399 2810 1585 2860 clamor

243 2889 426 2951 editus),
462 2889 716 2950 titubatio,
751 2888 1052 2956 permutatio
1095 2889 1293 2952 coloriS,
1331 2891 1487 2942 oratio
1511 2890 1583 2940 in-
