2071 3508
311 863 422 905 245.

300 2021 405 2081 58.

297 2114 409 2155 246.

456 429 508 466 82
931 428 1008 466 DE
1038 428 1306 468 ORATORE

456 539 560 604 ejus
584 537 742 586 omnis
765 537 920 585 oratio
943 546 1134 586 versata
1172 546 1246 586 est
1281 538 1332 585 in
1364 554 1437 595 eo,
1464 545 1520 586 ut
1545 538 1781 603 scriptum

453 618 719 683 plurimum
744 617 905 665 valere
925 625 1149 680 oportere
1167 616 1472 665 defenderet.
1530 617 1601 665 At
1618 618 1669 665 in
1685 617 1781 665 hoc

454 715 636 763 genere
661 696 801 761 pueri
826 695 958 759 apud
981 695 1238 759 magistros
1263 704 1559 743 exercentur
1590 712 1780 755 omnes,

456 795 571 826 cum
595 778 646 824 in
671 774 910 839 ejusmodi
947 775 1104 822 causis
1129 773 1244 821 alias
1269 774 1526 838 scriptum,
1562 774 1678 822 alias
1703 792 1780 823 ae-

455 860 695 924 quitatem
720 853 987 919 defendere
1013 852 1268 900 docentur.
1324 852 1407 910 Et,
1433 853 1600 911 credo,
1624 853 1675 900 in
1699 853 1781 902 illa

453 939 621 987 militis
663 951 827 992 causa,
869 933 912 980 si-
947 939 1003 979 tu
1041 939 1125 978 aut.
1159 930 1438 987 haeredem,
1465 938 1551 978 aut
1573 930 1781 980 militem

455 1015 773 1069 defendisses,
815 1011 877 1059 ad
918 1009 1218 1057 Hostilianas
1243 1017 1293 1057 te
1319 1009 1554 1066 actiones,
1592 1025 1691 1057 non
1717 1010 1780 1057 ad

452 1104 590 1144 tuam
630 1094 730 1141 vim
769 1099 819 1139 et
857 1088 1117 1137 oratoriam
1152 1087 1440 1136 facultatem
1474 1087 1780 1136 contulisseS.

452 1174 534 1221 Tu
557 1189 674 1221 vero
698 1170 778 1218 vel
802 1170 840 1216 si
863 1174 1215 1216 testamentum
1242 1166 1552 1227 defenderes,
1576 1168 1645 1216 sic
1669 1184 1781 1232 age-

450 1267 542 1307 res,
580 1257 638 1298 ut
674 1264 820 1296 omne
856 1246 1076 1294 omnium
1111 1253 1519 1294 testamentorum
1536 1245 1618 1310 jus
1642 1246 1694 1293 in
1719 1263 1778 1294 eo

442 1328 635 1394 judicio
658 1327 873 1392 positum
897 1324 1148 1372 videretur
1169 1341 1181 1369 2
1219 1322 1297 1370 vel
1323 1324 1361 1370 si
1388 1340 1583 1371 causam
1608 1340 1778 1388 ageres

449 1407 633 1463 militis,
659 1413 850 1471 patrem
876 1402 997 1467 ejus,
1036 1409 1092 1449 ut
1117 1400 1260 1460 soles,
1286 1401 1498 1449 dicendo
1524 1419 1552 1449 a
1575 1402 1781 1450 mortuis

449 1486 715 1534 excitasses
737 1504 751 1543 余
790 1482 1039 1531 statuisses
1080 1488 1194 1527 ante
1237 1479 1406 1528 oculos
1428 1502 1440 1540 3
1488 1480 1776 1546 complexus

449 1572 579 1614 esset
617 1563 770 1612 filium
792 1582 806 1621 余
858 1561 1076 1623 flensque
1125 1574 1237 1605 eum
1280 1559 1598 1606 centumviris
1647 1576 1777 1607 com-

447 1644 728 1693 mendasset
749 1660 760 1688 :
802 1639 990 1703 lapides
1028 1636 1309 1684 mehercule
1351 1653 1521 1686 omnes
1561 1638 1677 1686 flere
1719 1655 1777 1686 ac

444 1722 702 1771 lamentari
728 1719 969 1783 coegisset
990 1736 1003 1774 余
1031 1724 1087 1763 ut
1110 1722 1272 1763 totum
1296 1715 1437 1773 illud,
1462 1715 1564 1764 UTI
1582 1732 1776 1766 LINGUA

445 1814 823 1853 NUNCUPASSET,
849 1811 949 1843 non
973 1794 1023 1840 in
1049 1793 1171 1840 XII,
1188 1793 1385 1852 tabulis,
1405 1811 1523 1857 quas
1547 1802 1603 1842 tu
1622 1796 1776 1843 omni-

444 1883 536 1930 bus
558 1877 870 1929 bibliothecis
895 1874 1167 1938 anteponiS,
1199 1873 1286 1921 sed
1326 1874 1377 1920 in
1415 1875 1634 1939 magistri
1672 1891 1773 1924 car-

444 1960 577 2008 mine
602 1958 838 2023 scriptum
863 1955 1129 2002 videretur.

508 2039 640 2087 Nam
673 2036 807 2101 quod
841 2033 1067 2081 inertiam
1109 2048 1312 2078 accusas
1360 2031 1766 2090 adolescentium,

443 2118 526 2183 qui
566 2117 709 2165 istam
748 2122 902 2164 artem
940 2111 1153 2176 primum
1191 2109 1474 2158 facillimam
1510 2127 1611 2159 non
1647 2112 1770 2161 edis-

442 2202 588 2246 cant:
627 2198 778 2258 (quae
821 2207 966 2255 quam
1006 2190 1068 2236 sit
1108 2187 1284 2246 facilis,
1325 2188 1395 2235 illi
1429 2189 1660 2249 viderint,
1686 2193 1770 2255 qui

440 2274 544 2339 ejus
583 2272 698 2321 artis
740 2268 1036 2333 arrogantia,
1077 2266 1214 2330 quasi
1253 2266 1538 2314 difficillima
1578 2269 1658 2327 sit,
1699 2270 1768 2318 ita

441 2353 636 2402 subnixi
661 2350 944 2407 ambulant余
984 2346 1163 2395 deinde
1190 2346 1336 2394 etiam
1362 2354 1417 2393 tu
1441 2347 1544 2410 ipse
1568 2347 1767 2409 videris,

439 2433 523 2497 qui
548 2448 655 2480 eam
680 2438 835 2478 artem
859 2426 1056 2475 facilem
1082 2441 1185 2472 esse
1210 2424 1347 2480 dicis,
1369 2440 1514 2488 quam
1534 2427 1767 2476 concedis

438 2511 602 2559 adhuc
644 2516 798 2557 artem
838 2505 1038 2554 omnino
1076 2519 1175 2550 non
1212 2519 1334 2561 esse,
1371 2502 1458 2550 sed
1482 2503 1764 2568 aliquando,

438 2590 587 2654 siquis
611 2588 754 2636 aliam
779 2594 933 2634 artem
960 2581 1204 2637 didicerit,
1241 2590 1298 2629 ut
1334 2581 1462 2630 hanc
1487 2590 1641 2632 artem
1667 2585 1763 2633 effi-

439 2683 550 2716 cere
574 2667 741 2733 possit,
768 2673 875 2713 tum
902 2678 1005 2710 esse
1030 2660 1162 2707 illam
1188 2667 1342 2708 artem
1368 2658 1584 2709 futuram
1607 2662 1647 2724 :)
1679 2663 1760 2713 de-

436 2749 566 2806 inde,
611 2747 743 2812 quod
781 2747 843 2795 sit
880 2743 1027 2809 plena
1062 2741 1437 2801 delectationis3
1475 2742 1526 2789 in
1551 2730 1648 2806 qua
1670 2743 1762 2792 tibi

436 2827 695 2874 remittunt
732 2840 901 2873 omnes
937 2823 1079 2869 istam
1103 2820 1424 2885 voluptatem,
1451 2829 1502 2869 et
1527 2838 1584 2869 ea
1607 2838 1658 2870 se
1683 2838 1761 2869 ca-

436 2921 543 2953 rere
566 2904 853 2969 patiuntur-3
892 2917 986 2949 nec
1021 2900 1277 2964 quisquam
1321 2905 1395 2948 est
1427 2915 1612 2957 eorum,
1655 2900 1757 2965 qui,
