2071 3508
340 992 445 1033 146.

343 2168 448 2214 147.

477 415 553 453 142
946 411 1024 451 DE
1052 410 1319 451 ORATORE

470 536 708 585 generum
751 519 906 568 causis
944 528 1092 585 atque
1127 520 1313 569 naturis
1349 520 1513 568 omnia
1547 521 1639 568 sita
1668 537 1792 580 esse,

473 615 597 663 quae
620 597 671 644 in
696 598 899 646 dubium
924 606 1217 646 vocarentur
1240 618 1253 657 3
1291 614 1475 662 genera
1498 606 1662 647 autem
1688 614 1795 648 esse

474 677 692 736 definita,
708 694 807 725 non
832 676 987 724 solum
1004 693 1227 736 numero,
1244 678 1331 725 sed
1349 677 1496 725 etiam
1520 678 1794 742 paucitate:

474 764 530 802 ut
554 772 662 803 eam
687 755 939 802 materiem
965 753 1215 812 orationiS,
1252 770 1377 816 quae
1408 753 1643 819 cujusque
1669 764 1799 804 esset

473 834 686 898 generis,
712 833 915 881 studiosi
941 832 1023 896 qui
1050 839 1214 880 essent
1240 832 1454 888 dicendi,
1480 834 1705 892 omnibus
1728 833 1798 883 lo-

475 913 544 961 cis
570 913 883 977 descriptam,
908 913 1213 966 instructam,
1235 917 1553 975 ornatamque
1579 928 1800 976 compre-

474 991 767 1048 henderent,
793 992 936 1038 rebus
961 989 1073 1037 dico
1098 997 1148 1037 et
1172 989 1442 1037 sententiis.
1510 989 1612 1037 Eae
1635 989 1685 1037 vi
1709 989 1797 1037 sua

474 1070 624 1116 verba
662 1069 872 1132 parient,
919 1085 1045 1131 quae
1083 1085 1274 1132 semper
1320 1068 1434 1116 satis
1472 1075 1643 1116 ornata
1678 1067 1798 1115 mihi

475 1146 676 1210 quidem
702 1146 856 1193 videri
882 1145 1058 1205 solent,
1084 1146 1122 1193 si
1148 1145 1385 1209 ejusmodi
1411 1154 1542 1205 sunt,
1561 1153 1618 1193 ut
1642 1161 1700 1193 ea
1723 1160 1800 1193 res

474 1225 578 1288 ipsa
601 1223 847 1287 peperisse
871 1224 1112 1271 videatur.
1171 1223 1270 1282 Ac,
1295 1224 1333 1270 si
1357 1240 1527 1271 verum
1553 1222 1799 1287 quaeritis,

477 1301 610 1366 quod
634 1301 753 1348 mihi
779 1301 977 1365 quidem
1003 1302 1229 1349 videatur
1254 1301 1400 1366 (nihil
1425 1301 1556 1349 enim
1577 1301 1710 1349 aliud
1734 1299 1804 1348 af-

474 1380 664 1428 firmare
705 1396 921 1444 possum,
965 1379 1057 1427 nisi
1099 1379 1394 1427 sententiam
1435 1387 1487 1428 et
1520 1379 1805 1443 opinionem

475 1457 659 1518 meam)
686 1457 780 1505 hoc
806 1458 1187 1504 instrumentum
1209 1474 1465 1505 causarum
1490 1465 1541 1505 et
1563 1472 1804 1521 generum

475 1536 814 1583 universorum
838 1536 889 1581 in
913 1534 1074 1582 forum
1102 1535 1293 1583 deferre
1319 1535 1554 1583 debemus
1576 1555 1588 1594 3
1622 1551 1804 1598 neque,

476 1622 534 1662 ut
559 1631 781 1678 quaeque
822 1630 898 1661 res
937 1613 1100 1661 delata
1123 1613 1185 1660 ad
1210 1629 1298 1661 nos
1323 1613 1432 1671 erit,
1457 1621 1563 1660 tum
1589 1611 1803 1676 denique

480 1692 685 1740 scrutari
723 1692 872 1748 locos,
913 1709 975 1739 ex
1014 1692 1188 1755 quibus
1224 1698 1514 1754 argumenta
1539 1707 1801 1751 eruamus;

480 1786 604 1834 quae
631 1770 829 1833 quidem
855 1770 1099 1827 omnibus,
1129 1769 1211 1832 qui
1237 1786 1294 1817 ea
1317 1769 1632 1817 mediocriter
1655 1768 1805 1817 modo

481 1848 850 1903 considerarim,
878 1846 1040 1894 studio
1060 1846 1280 1895 adhibito
1299 1855 1349 1894 et
1373 1863 1482 1905 usu,
1505 1854 1806 1910 pertractata

480 1943 585 1974 esse
608 1933 845 1991 possunt:
884 1925 970 1973 sed
1004 1933 1170 1973 tamen
1206 1925 1396 1972 animus
1420 1923 1705 1972 referendus
1731 1931 1806 1972 est

479 2005 542 2052 ad
566 2022 623 2053 ea
648 2003 827 2067 capita,
852 2010 901 2051 et
926 2002 989 2050 ad
1012 2002 1134 2058 illos,
1162 2019 1282 2066 quos
1307 2019 1450 2067 saepe
1466 2001 1570 2066 jam
1595 2001 1806 2066 appella-

477 2083 544 2141 vi,
567 2082 721 2141 locos,
747 2099 809 2129 ex
835 2082 1010 2145 quibus
1035 2082 1199 2129 omnia
1223 2081 1286 2129 ad
1310 2097 1507 2129 omnem
1532 2081 1805 2130 orationem

478 2161 680 2209 inventa
718 2160 983 2207 ducuntur.
1042 2159 1225 2223 ·Atque
1264 2160 1360 2207 hoc
1397 2166 1558 2207 totum
1594 2167 1669 2208 est
1703 2160 1806 2209 sive

480 2239 610 2294 artis,
652 2238 752 2285 sive
783 2238 1232 2296 animadversionis,
1277 2239 1376 2286 sive
1415 2238 1806 2299 consuetudinis,

478 2333 621 2364 nosse
646 2317 889 2380 regiones,
914 2317 1042 2364 intra
1066 2333 1184 2379 quas
1207 2333 1387 2364 venere
1412 2324 1463 2363 et
1485 2317 1804 2380 pervestiges,

480 2395 614 2459 quod
638 2411 854 2459 quaeras,
925 2394 1025 2443 Ubi
1063 2410 1175 2442 eum
1210 2393 1375 2442 locum
1399 2409 1596 2441 omnem
1621 2395 1807 2458 cogita-

479 2474 614 2522 tione
640 2473 862 2537 sepseris,
888 2472 926 2520 si
949 2472 1098 2520 modo
1121 2488 1263 2519 usum
1286 2488 1448 2519 rerum
1472 2471 1806 2535 percallueris,

480 2552 601 2599 nihil
625 2561 674 2601 te
701 2552 933 2615 effugiet3
973 2559 1120 2615 atque
1145 2567 1309 2609 omne,
1348 2551 1481 2615 quod
1517 2551 1610 2598 erit
1646 2551 1698 2597 in
1733 2567 1802 2609 re,

429 2674 442 2689 ,
479 2639 721 2687 occurret,
749 2638 896 2693 atque
921 2629 1124 2677 incidet.
1195 2629 1261 2676 Et
1279 2629 1367 2688 sic,
1393 2646 1507 2677 cum
1531 2629 1594 2677 ad
1617 2628 1804 2677 inveni-

478 2709 661 2757 endum
703 2709 755 2756 in
796 2708 1010 2757 dicendo
1047 2708 1141 2755 tria
1182 2707 1312 2767 sint3
1357 2723 1580 2764 acumen,
1622 2707 1802 2756 deinde

477 2788 618 2847 ratio,
643 2805 790 2852 quam
813 2787 932 2836 licet
957 2788 1020 2852 (si
1037 2786 1286 2847 volumus)
1307 2785 1607 2851 appellemus
1627 2793 1803 2844 artem,

480 2866 679 2914 tertium
717 2866 1004 2931 diligentia;
1055 2882 1156 2916 non
1191 2881 1389 2932 possum
1430 2865 1659 2932 equidem
1699 2879 1799 2914 non
