2071 3508
284 1551 389 1623 72.

431 428 510 467 396
933 421 1011 461 DE
1041 421 1241 461 CLARIS

430 535 501 582 tia
537 532 751 598 optimae
791 531 990 590 mentis,
1025 538 1131 579 tum
1174 531 1322 579 etiam
1362 529 1680 595 usurpatione
1705 536 1756 577 et

431 610 749 663 renovatione
797 609 1069 658 doctrinae.
1154 608 1276 657 Vidi
1323 609 1452 657 enim
1497 607 1754 673 Mytilenis

430 707 589 756 nuper
612 690 789 747 virum,
832 695 979 752 atque
1017 691 1098 752 (ut
1122 686 1250 749 dixi)
1285 688 1386 736 vidi
1409 687 1554 752 plane
1577 687 1754 734 virum.

429 773 607 835 Itaque
632 785 746 817 cum
783 783 895 815 eum
937 773 1084 814 antea
1122 766 1197 814 tui
1234 765 1441 814 similem
1466 766 1517 813 in
1542 763 1756 813 dicendo

429 849 655 906 viderim,
690 854 798 894 tum
821 862 939 893 vero
963 861 1096 893 nunc
1121 862 1150 892 a
1174 845 1458 894 doctissimo
1486 845 1611 903 viro,
1640 842 1752 892 tibi-

428 945 545 996 que,
569 933 626 974 ut
650 923 892 982 intellexi,
917 923 1226 980 amicissimo,
1255 923 1506 988 Cratippo,
1544 923 1753 971 instruc-

428 1016 536 1056 tum
583 1004 718 1053 omni
760 1003 922 1067 copia,
976 1002 1134 1051 multo
1179 1003 1408 1052 videbam
1455 1002 1752 1051 similiorem.

431 1086 532 1134 Hic
559 1099 672 1147 ego,
703 1080 829 1139 Etsi,
862 1081 1082 1144 inquam,
1119 1080 1181 1128 de
1206 1081 1378 1146 optimi
1401 1081 1492 1129 viri
1516 1080 1755 1144 nobisque

428 1159 710 1211 amicissimi
754 1158 982 1208 laudibus
1022 1158 1252 1207 lubenter
1286 1159 1453 1218 audio,
1492 1166 1660 1207 tamen
1684 1159 1757 1206 in-

429 1257 574 1292 curro
614 1239 665 1286 in
712 1238 1000 1286 memoriam
1047 1238 1386 1292 communium
1432 1237 1755 1296 miseriarum,

428 1339 635 1388 quarum
670 1320 969 1369 oblivionem
1005 1336 1263 1384 quaerens,
1299 1319 1433 1368 hunc
1470 1319 1630 1382 ipsum
1660 1334 1757 1366 ser-

426 1417 625 1451 monem
648 1398 862 1464 produxi
884 1397 1097 1462 longius.
1163 1397 1261 1446 Sed
1286 1397 1348 1455 de
1374 1397 1584 1445 Caesare
1609 1395 1757 1461 cupio

428 1480 617 1538 audire,
653 1477 773 1543 quid
793 1477 998 1525 tandem
1024 1476 1226 1525 Atticus
1242 1476 1454 1540 judicet.

493 1558 560 1605 Et
599 1556 701 1614 ille,
753 1553 1028 1611 Praeclare,
1078 1553 1257 1616 inquit,
1306 1553 1396 1601 tibi
1445 1562 1658 1614 constas,
1698 1562 1756 1604 ut

428 1637 490 1685 de
514 1636 591 1693 iis,
626 1633 711 1697 qui
735 1648 869 1679 nunc
895 1631 1010 1688 sint,
1045 1630 1168 1677 nihil
1189 1630 1310 1678 velis
1338 1631 1443 1695 ipse
1469 1632 1665 1681 dicere:
1704 1641 1756 1682 et

425 1713 593 1763 hercle
631 1713 670 1760 si
711 1711 780 1758 sic
822 1725 1012 1773 ageres,
1052 1716 1109 1755 ut
1147 1709 1209 1756 de
1244 1709 1301 1756 iis
1338 1709 1497 1773 egisti,
1537 1711 1620 1774 qui
1648 1710 1753 1775 jam

425 1790 608 1840 mortui
633 1797 764 1847 sunt,
800 1787 1051 1835 neminem
1082 1795 1137 1835 ut
1171 1787 1589 1852 praetermitteres
1607 1809 1621 1848 ;
1659 1804 1753 1839 nae

426 1880 482 1919 tu
506 1871 558 1917 in
594 1867 775 1916 multos
802 1866 1075 1914 Antronios
1101 1873 1151 1914 et
1175 1858 1418 1914 'Stalenos
1459 1866 1750 1917 incurreres.

428 1950 596 2007 Quare
621 1948 722 1995 sive
757 1946 887 1994 hanc
925 1947 1119 1994 turbam
1152 1944 1369 2009 effugere
1394 1945 1611 2006 voluisti,
1652 1947 1753 1996 sive

424 2027 610 2076 veritus
635 2042 704 2084 eS,
740 2041 802 2072 ne
828 2023 937 2087 quis
974 2040 1023 2071 se
1060 2031 1146 2070 aut
1168 2023 1504 2087 praeteritum,
1544 2032 1629 2072 aut
1653 2041 1754 2073 non

426 2107 540 2154 satis
577 2104 831 2152 laudatum
865 2103 1001 2167 queri
1038 2102 1212 2166 possit,
1250 2102 1311 2149 de
1338 2102 1546 2151 Caesare
1584 2110 1752 2156 tamen

423 2184 629 2250 potuisti
665 2183 851 2241 dicere,
885 2181 1172 2246 praesertim
1209 2197 1323 2229 cum
1360 2189 1411 2229 et
1445 2190 1587 2229 tuum
1613 2183 1676 2232 de
1699 2182 1754 2230 il-

423 2264 518 2312 lius
543 2262 745 2327 ingenio
769 2261 1078 2316 notissimum
1110 2259 1357 2323 judicium
1389 2269 1531 2318 esset,
1569 2278 1663 2310 nec
1698 2263 1753 2310 il-

423 2341 518 2389 lius
555 2340 617 2387 de
652 2346 741 2387 tuo
765 2339 1046 2386 obscurum.
1118 2337 1216 2385 Sed
1250 2345 1437 2398 tamen,
1474 2339 1646 2399 Brute,
1680 2340 1752 2388 in-

426 2419 533 2483 quit
558 2417 780 2475 Atticus,
817 2417 878 2463 de
905 2416 1115 2464 Caesare
1153 2415 1331 2481 etipse
1369 2417 1438 2465 ita
1468 2417 1662 2482 judico,
1701 2427 1752 2468 et

425 2499 487 2547 de
512 2498 608 2545 hoc
643 2495 788 2559 hujus
823 2494 1018 2559 generis
1051 2495 1290 2546 acerrimo
1314 2497 1625 2546 aestimatore
1650 2514 1751 2551 sae-

423 2576 621 2642 pissime
646 2574 808 2630 audjo,
847 2573 985 2620 illum
1009 2574 1229 2621 omnium
1256 2573 1359 2622 fere
1384 2583 1633 2624 oratorum
1658 2576 1751 2626 La-

424 2656 527 2703 tine
551 2653 685 2717 loqui
711 2651 1091 2717 elegantissime.
1162 2653 1272 2701 Nec
1299 2654 1349 2702 id
1379 2655 1535 2702 solum
1561 2655 1751 2705 domes·

424 2733 526 2784 tica
566 2731 944 2790 consuetudine,
980 2739 1037 2780 ut
1072 2731 1261 2779 dudum
1303 2732 1366 2780 de
1391 2732 1674 2782 Laeliorum
1697 2742 1748 2783 et

426 2810 710 2860 Muciorum
734 2809 930 2858 familiis
950 2810 1299 2859 audiebamus:
1338 2812 1442 2871 sed,
1469 2828 1747 2877 quanquam

424 2889 474 2938 id
500 2907 693 2957 quoque
719 2890 868 2940 credo
892 2890 1061 2951 fuisse,
1103 2898 1270 2941 tamen
1294 2900 1351 2942 ut
1375 2901 1504 2942 esset
1525 2891 1747 2958 perfecta
