2071 3508
636 385 802 426 LIBER
834 386 1140 426 SECUNDUS.
1498 392 1577 430 163

243 499 337 546 nisi
363 506 416 546 ut
441 496 662 545 homines
685 495 794 553 tibi,
813 494 980 542 ⁴civem
998 494 1277 558 improbum
1304 494 1574 545 defenden-

242 577 299 635 ti,
323 574 679 641 ignoscendum
704 580 906 638 propter
930 572 1347 620 necessitudinem
1373 575 1573 622 arbitra-

241 662 427 712 rentur,
468 669 663 716 serpere
688 651 886 700 occulte
920 651 1146 716 coepisti,
1184 650 1428 698 nihildum
1468 651 1574 700 aliis

239 733 617 797 suspicantibus,
642 749 721 780 me
745 749 862 780 vero
878 731 983 796 jam
1008 731 1412 796 pertimescente,
1437 740 1493 778 ut
1519 731 1572 778 il-

237 809 333 858 lam
359 827 459 859 non
484 812 707 860 Norbani
732 811 1046 870 seditionem,
1083 811 1170 858 sed
1193 810 1364 874 populi
1391 810 1574 858 Roma-

238 889 289 936 ni
330 890 670 949 iracundia1n3
710 906 871 955 neque
898 906 1006 938 eam
1032 889 1281 953 injustam,
1319 890 1406 937 sed
1432 890 1575 938 meri-

238 976 338 1016 tam
364 986 421 1017 ac
447 968 665 1018 debitam
703 967 853 1017 fuisse
880 967 1189 1016 defenderes.
1262 969 1462 1017 Deinde
1489 970 1573 1032 qui

237 1047 376 1096 locus
400 1049 484 1097 abs
509 1056 559 1097 te
583 1048 955 1113 praetermissus
975 1056 1048 1096 est
1072 1048 1124 1095 in
1149 1048 1451 1111 Caepionem
1475 1049 1491 1095 ?
1518 1058 1573 1097 ut

237 1133 294 1175 tu
318 1127 401 1175 illa
425 1128 590 1175 omnia
613 1127 747 1186 odio,
782 1127 986 1186 invidia,
1022 1126 1358 1175 misericordia
1396 1127 1573 1174 miscu-

239 1206 354 1255 isti?
422 1207 600 1271 Neque
638 1206 761 1255 haec
788 1206 944 1255 solum
969 1207 1020 1253 in
1051 1205 1358 1264 defensione,
1401 1206 1489 1254 sed
1525 1223 1573 1254 e-

238 1285 357 1333 tiam
381 1286 431 1333 in
459 1286 657 1342 Scauro,
697 1285 1001 1350 caeterisque
1027 1285 1148 1333 meis
1189 1285 1417 1343 testibus,
1454 1302 1572 1349 quo-

239 1380 348 1411 rum
389 1364 672 1412 testimonia
696 1380 795 1412 non
820 1362 1108 1419 refellendo,
1148 1363 1232 1410 sed
1270 1363 1333 1410 ad
1359 1364 1573 1412 eundem

239 1443 480 1506 impetum
504 1441 674 1505 populi
700 1439 1056 1504 confugiendo,
1094 1439 1334 1488 refutasti.
1431 1441 1573 1498 Quae
1607 1445 1718 1485 204.

240 1538 354 1569 cum
397 1521 480 1568 abs
520 1528 571 1568 te
607 1519 756 1568 modo
782 1526 1305 1578 commemorarentur,
1342 1519 1574 1584 equidem

237 1599 373 1646 nulla
391 1606 657 1663 praecepta
677 1598 1032 1647 desiderabam.
1083 1597 1235 1645 Istam
1263 1598 1394 1647 enim
1420 1600 1573 1664 ipsam

238 1677 711 1726 demonstrationem
738 1676 1082 1725 defensionum
1107 1684 1304 1725 tuarum
1331 1679 1415 1726 abs
1431 1687 1480 1727 te
1506 1680 1576 1743 ip-

236 1773 290 1806 so
316 1765 768 1813 commemoratam,
809 1755 1087 1804 doctrinam
1123 1772 1228 1804 esse
1265 1773 1365 1804 non
1390 1758 1575 1807 medio-

238 1853 372 1885 crem
404 1847 543 1900 puto.
617 1836 794 1900 Atqui,
836 1835 874 1883 si
898 1835 967 1883 ita
991 1834 1172 1900 placet,
1216 1836 1378 1900 inquit
1418 1837 1576 1886 Anto-

238 1915 368 1974 nius,
392 1915 644 1963 trademus
669 1915 837 1973 etiam,
879 1931 1004 1978 quae
1046 1931 1134 1962 nos
1171 1915 1308 1978 sequi
1332 1915 1383 1962 in
1409 1916 1577 1964 dicen-

239 1995 322 2053 do,
359 2010 583 2058 quaeque
619 1993 834 2040 maxime
859 2000 1083 2057 spectare
1109 1993 1335 2041 solemus.
1407 1994 1577 2043 Docu-

238 2074 279 2122 it
303 2073 435 2121 enim
452 2071 557 2136 jam
577 2087 665 2119 nos
689 2071 840 2135 longa
863 2071 982 2129 vita,
1002 2088 1216 2135 ususque
1235 2088 1398 2120 rerum
1424 2076 1576 2121 maxi-

238 2168 449 2209 marum,
486 2158 541 2198 ut
566 2150 743 2215 quibus
778 2150 924 2198 rebus
950 2150 1098 2198 animi
1132 2150 1387 2199 hominum
1413 2169 1578 2202 move-

239 2239 428 2289 rentur,
452 2237 751 2278 teneremus.

305 2309 552 2374 Equidem
576 2308 790 2372 primum
816 2308 1126 2356 considerare
1151 2308 1300 2366 soleo,
1337 2311 1576 2375 postulet·
1611 2292 1717 2350 51·

238 2406 301 2438 ne
327 2405 506 2438 causa:
563 2403 677 2435 nam
718 2404 881 2451 neque
905 2388 1066 2452 parvis
1095 2388 1145 2435 in
1170 2389 1315 2436 rebus
1339 2389 1575 2439 adhiben-
1607 2392 1719 2431 205.

238 2468 330 2516 dae
367 2475 483 2515 sunt
517 2466 610 2514 hae
648 2465 848 2514 dicendi
881 2465 1034 2525 faces,
1070 2483 1232 2531 neque
1257 2468 1326 2516 ita
1350 2469 1576 2519 animatis

236 2546 538 2604 hominibus,
573 2553 631 2592 ut
671 2543 792 2591 nihil
834 2544 897 2592 ad
938 2562 1107 2593 eorum
1133 2555 1325 2594 mentes
1354 2549 1576 2597 oratione

237 2624 510 2674 flectendas
550 2622 789 2688 proficere
825 2623 1096 2687 possimus;
1136 2641 1198 2671 ne
1224 2633 1309 2672 aut
1333 2626 1575 2688 irrisione,

237 2713 325 2753 aut
347 2703 463 2751 odio
488 2701 627 2766 digni
663 2709 915 2765 putemur,
952 2703 989 2748 si
1027 2711 1111 2750 aut
1147 2704 1426 2766 tragoedias
1463 2723 1576 2770 aga-

239 2801 348 2832 mus
372 2784 423 2830 in
448 2782 612 2847 nugis,
636 2788 723 2828 aut
742 2780 1019 2829 convellere
1044 2781 1323 2831 adoriamur
1348 2801 1423 2844 ea,
1448 2802 1575 2850 quae

239 2879 340 2913 non
382 2861 572 2928 possint
612 2860 928 2912 commoveri.
1015 2859 1146 2910 Nam
1188 2864 1419 2925 quoniam
1452 2866 1574 2918 haec
1604 2861 1720 2904 206.

1170 2957 1200 2989 L
1222 2950 1250 2988 2
