2071 3508
648 391 817 431 LIBER
849 392 1155 432 SECUNDUS.
1504 402 1577 441 157

245 512 295 552 te
331 503 460 551 ferre
498 500 728 561 videare3
785 516 947 564 neque
988 508 1046 548 ut
1070 501 1231 548 oderit
1257 518 1386 559 eum,
1432 522 1580 569 quem

244 590 299 630 tu
323 582 456 637 velis,
491 579 583 628 nisi
607 580 821 644 teipsum
846 579 1139 644 flagrantem
1165 580 1280 628 odio
1305 590 1421 630 ante
1447 583 1581 633 vide-

241 662 337 720 rit;
376 676 537 724 neque
576 658 640 707 ad
663 659 1054 707 misericordiam
1078 659 1377 720 adducetur,
1415 662 1509 709 nisi
1535 665 1580 711 ei

239 747 295 788 tu
318 740 457 804 signa
481 737 663 787 doloris
682 738 775 797 tui,
799 738 980 798 verbis,
1005 738 1279 796 sententiis,
1306 756 1447 798 voce,
1474 742 1579 789 vul-

237 825 308 875 tu,
352 816 825 883 collachrymatione
868 817 1103 882 denique,
1145 819 1435 868 ostenderis.
1508 821 1580 870 Ut

237 896 368 945 enim
411 896 546 944 nulla
583 897 813 945 materies
855 904 957 945 tam
982 896 1141 945 facilis
1167 898 1230 945 ad
1255 899 1580 949 exardescen-

236 975 354 1024 dum
379 984 469 1033 est,
508 993 654 1041 quae,
698 976 792 1025 nisi
817 976 1019 1024 admoto
1054 977 1178 1041 igni,
1219 977 1388 1041 ignem
1414 980 1580 1028 conci-

234 1071 352 1120 pere
389 1056 543 1121 possit
566 1074 577 1104 :
624 1056 694 1104 sic
714 1055 849 1104 nulla
874 1072 1013 1105 mens
1040 1065 1115 1104 est
1137 1066 1240 1105 tam
1266 1058 1330 1106 ad
1356 1075 1577 1124 compre-

235 1134 552 1184 hendendam
593 1136 694 1184 vim
719 1136 925 1184 oratoris
949 1144 1138 1201 parata,
1177 1154 1303 1201 quae
1326 1139 1483 1203 possit
1506 1138 1578 1185 in-

236 1215 400 1274 cendi,
443 1215 536 1263 nisi
576 1214 908 1264 inflammatus
946 1216 1050 1281 ipse
1087 1217 1151 1264 ad
1190 1233 1298 1265 eam
1324 1225 1375 1266 et
1399 1217 1577 1267 ardens

235 1295 515 1343 accesseris.

301 1372 400 1433 Ac,
424 1391 488 1423 ne
513 1373 641 1423 forte
666 1375 762 1423 hoc
787 1390 1024 1440 magnum
1050 1392 1107 1424 ac
1133 1375 1355 1424 mirabile
1381 1392 1486 1424 esse
1504 1366 1695 1427 xri-46.

233 1451 422 1510 deatur,
462 1454 713 1503 hominem
738 1454 886 1502 toties
910 1454 1070 1510 irasci,
1101 1455 1250 1502 toties
1286 1453 1470 1512 dolere,
1499 1464 1572 1505 to-

230 1531 323 1579 ties
365 1532 498 1580 omni
537 1532 687 1580 animi
729 1539 869 1580 motu
895 1532 1150 1590 concitari,
1194 1535 1484 1598 praesertim
1520 1536 1572 1584 in

229 1611 376 1659 rebus
417 1611 606 1670 alienis,
649 1628 830 1676 magna
870 1612 943 1660 vis
986 1620 1060 1661 est
1102 1629 1270 1661 earum
1305 1615 1573 1664 sententia-

227 1705 357 1749 rum,
399 1699 549 1755 atque
574 1707 745 1739 eorum
781 1691 1025 1751 locorum,
1068 1709 1190 1756 quos
1227 1710 1343 1758 agas
1368 1701 1573 1743 tractes-

228 1786 324 1834 que
349 1769 583 1830 dicendo,
607 1770 731 1818 nihil
755 1779 813 1819 ut
837 1788 960 1836 opus
985 1772 1048 1820 sit
1073 1771 1385 1821 simulatione
1411 1781 1461 1822 et
1484 1773 1572 1821 fal-

224 1847 378 1898 laciis.
451 1850 567 1914 Ipsa
603 1850 735 1898 enim
777 1859 955 1898 natura
996 1851 1231 1899 orationis
1273 1851 1395 1916 ejus,
1444 1869 1574 1917 quae

226 1928 491 1993 suscipitur
516 1928 580 1976 ad
604 1928 811 1977 aliorum
836 1929 1025 1978 animos
1049 1931 1427 1995 permovendos,
1466 1949 1570 1980 ora-

225 2015 386 2056 torem
410 2008 571 2072 ipsum
613 2008 770 2072 magis
795 2008 964 2067 etiam,
1007 2025 1153 2072 quam
1181 2024 1463 2073 quenquam
1488 2027 1569 2059 eo-

225 2103 355 2146 rum,
381 2087 463 2151 qui
484 2086 712 2145 audiunt,
730 2095 1005 2150 permovet.
1077 2087 1143 2135 Et
1166 2103 1230 2135 ne
1255 2087 1351 2136 hoc
1376 2088 1428 2135 in
1453 2106 1566 2138 cau-

223 2165 305 2225 sis,
351 2166 402 2212 in
436 2165 659 2230 judiciis,
697 2166 749 2212 in
778 2166 1050 2214 amicorum
1074 2167 1326 2232 periculis,
1364 2168 1416 2215 in
1450 2185 1564 2216 con-

225 2261 371 2294 cursu
412 2245 688 2305 hominum,
730 2246 780 2292 in
824 2245 1043 2305 civitate,
1091 2246 1142 2294 in
1183 2245 1292 2295 foro
1334 2247 1563 2298 accidere

223 2324 476 2384 miremur,
513 2340 629 2372 cum
672 2324 836 2389 agitur
871 2341 972 2373 non
1012 2325 1169 2373 solum
1194 2325 1384 2390 ingenii
1410 2328 1564 2375 nostri

223 2403 542 2463 existimatio,
591 2406 730 2469 (nam
765 2404 819 2452 id
854 2412 983 2453 esset
1016 2404 1206 2453 levius:
1263 2422 1563 2470 quanquam,

223 2500 338 2532 cum
362 2482 611 2547 professus
636 2483 716 2542 sis,
753 2490 803 2531 te
828 2482 879 2531 id
902 2499 1045 2548 posse
1069 2482 1250 2540 facere,
1288 2485 1422 2547 quod
1445 2501 1563 2549 pau-

222 2561 285 2618 ci,
312 2577 375 2609 ne
400 2561 452 2609 id
476 2562 678 2625 quidem
703 2561 1061 2627 negligendum
1086 2562 1185 2623 est)
1219 2562 1306 2611 sed
1330 2562 1425 2610 alia
1448 2572 1562 2611 sunt

222 2639 407 2704 majora
447 2639 624 2698 multo,
664 2638 805 2698 fides,
841 2640 1075 2700 officium,
1112 2640 1404 2704 diligentia:
1458 2641 1562 2705 qui-

220 2720 313 2767 bus
353 2719 500 2766 rebus
541 2717 767 2777 adducti,
805 2718 953 2766 etiam
991 2733 1107 2766 cum
1132 2717 1453 2767 alienissimos
1479 2720 1561 2767 de-

220 2797 489 2856 fendimus,
514 2805 682 2845 tamen
708 2813 791 2846 eos
816 2796 1018 2856 alienos,
1045 2798 1083 2844 si
1108 2797 1200 2862 ipsi
1219 2797 1310 2853 viri
1334 2798 1451 2847 boni
1476 2815 1561 2848 vo-

221 2876 384 2926 lumus
422 2876 612 2936 haberi,
653 2876 934 2926 existimare
959 2891 1061 2924 non
1093 2893 1366 2941 possumus,
1439 2877 1556 2938 Sed,

1608 1465 1716 1507 191.

1595 2898 1702 2941 193.
