2071 3508
295 1572 402 1635 29.

438 437 518 490 344
942 449 1018 488 DE
1048 449 1253 489 CLARIS

440 560 510 608 sic
535 559 756 608 oratione
785 559 932 607 etiam
957 558 1286 607 turbulentus.
1359 557 1434 606 M.
1469 557 1679 616 Drusus,
1704 557 1764 605 C.

440 638 586 696 filius,
623 638 705 702 qui
730 639 780 685 in
805 638 1060 686 tribunatu
1085 638 1142 686 C.
1170 637 1474 697 Gracchum,
1500 635 1766 700 collegam,

441 716 621 764 iterum
645 717 917 775 tribunum,
958 715 1126 780 fregit,
1161 716 1235 764 vir
1259 724 1309 764 et
1333 716 1553 764 oratione
1589 714 1770 779 gravis,

441 802 494 843 et
517 796 834 843 auctoritate:
863 795 1006 858 eique
1030 796 1253 859 proxime
1273 794 1534 858 adjunctus
1560 794 1617 842 C.
1638 794 1769 841 Dru-

442 890 522 921 sus
546 872 696 922 frater
720 874 830 921 fuit.
895 874 1035 921 Tuus
1061 874 1209 921 etiam
1241 873 1454 937 gentilis,
1484 874 1655 931 Brute,
1693 871 1769 919 M.

443 952 641 1000 Pennus
656 952 802 999 facile
821 952 1025 1014 agitavit
1045 952 1095 999 in
1113 952 1367 999 tribunatu
1387 952 1443 1000 C.
1463 951 1770 1009 Gracchum,

440 1030 643 1095 paulum
668 1037 828 1077 aetate
854 1030 1169 1077 antecedens.
1241 1031 1356 1078 Fuit
1387 1030 1535 1089 enim,
1574 1030 1649 1077 M.
1676 1029 1770 1077 Le-

440 1109 560 1173 pido
602 1116 653 1156 et
690 1108 749 1155 L.
788 1107 967 1155 Oreste
1010 1108 1308 1166 consulibus,
1346 1118 1574 1172 quaestor
1614 1109 1770 1156 Grac-

444 1187 585 1245 chus,
609 1187 834 1234 tribuuus
862 1187 1077 1245 Pennus,
1112 1186 1240 1233 illius
1267 1187 1342 1234 M.
1368 1187 1512 1244 filius,
1543 1188 1628 1249 qui
1654 1203 1769 1234 cum

444 1266 508 1323 Q.
538 1265 685 1313 Aelio
711 1265 882 1313 consul
906 1265 1002 1312 fuit
1024 1283 1034 1312 :
1075 1265 1162 1313 sed
1197 1266 1362 1313 omnia
1385 1266 1425 1312 is
1450 1281 1640 1312 summa
1664 1281 1771 1329 spe-

439 1361 571 1404 rans,
613 1344 867 1393 aedilicius
909 1353 983 1392 est
1023 1352 1260 1392 mortuus.
1331 1344 1462 1392 Nam
1488 1344 1550 1392 de
1576 1344 1638 1392 T.
1664 1343 1771 1392 Fla-

438 1424 646 1483 minino,
672 1441 819 1489 quem
843 1424 946 1488 ipse
965 1424 1085 1483 vidi,
1110 1423 1231 1471 nihil
1256 1424 1447 1489 accepi,
1471 1424 1565 1471 nisi
1589 1423 1769 1471 Latine

439 1503 704 1567 diligenter
726 1503 965 1551 locutum.

506 1582 573 1630 Iis
614 1582 836 1647 adjuncti
878 1590 993 1630 sunt
1034 1582 1091 1630 C.
1136 1582 1303 1639 Curio,
1343 1581 1417 1629 M.
1445 1582 1674 1641 Scaurus,
1712 1581 1766 1630 P.

439 1660 676 1719 Rutilius,
714 1662 770 1709 C.
810 1661 1084 1709 Gracchus.
1156 1661 1236 1708 De
1271 1661 1454 1708 Scauro
1487 1666 1538 1708 et
1575 1660 1767 1708 Rutilio

435 1741 651 1789 breviter
674 1740 794 1788 licet
818 1740 1001 1798 dicere,
1027 1756 1234 1803 quorum
1259 1748 1436 1787 neuter
1460 1739 1637 1787 summi
1661 1753 1766 1787 ora-

437 1820 556 1868 toris
581 1820 755 1867 habuit
779 1819 995 1877 laudem,
1034 1828 1082 1866 et
1107 1826 1315 1882 uterque
1340 1819 1391 1865 in
1416 1819 1582 1866 multis
1607 1819 1766 1867 causis

437 1907 659 1948 versatus
697 1907 815 1946 erat.
904 1899 965 1945 In
1007 1898 1299 1961 quibusdam
1339 1897 1597 1946 laudandis
1632 1899 1766 1958 viris,

438 1978 629 2027 etiamsi
671 1977 872 2024 maximi
917 1977 1105 2040 ingenii
1146 1993 1246 2025 non
1288 1986 1466 2034 essent,
1503 1977 1768 2041 probabilis

437 2067 606 2107 tamen
629 2057 871 2105 industria
892 2074 903 2103 :
932 2072 1211 2120 quanquam
1236 2056 1294 2104 iis
1314 2057 1515 2120 quidem
1539 2073 1640 2105 non
1665 2075 1766 2105 om-

437 2138 556 2184 nino
580 2135 854 2200 ingenium,
889 2134 976 2182 sed
1011 2135 1277 2183 oratorium
1307 2135 1564 2199 ingenium
1589 2136 1765 2185 defuit.

438 2216 617 2279 Neque
660 2215 791 2263 enim
832 2213 983 2262 refert
1020 2214 1206 2273 videre,
1249 2215 1368 2278 quid
1393 2216 1660 2264 dicendum
1686 2217 1766 2276 sit,

438 2293 531 2340 nisi
571 2293 624 2340 id
662 2309 811 2356 queas
852 2291 1010 2339 solute
1036 2300 1086 2339 et
1110 2293 1324 2340 suaviter
1359 2293 1540 2341 dicere.
1611 2293 1691 2342 Ne
1715 2294 1768 2342 id

440 2371 640 2435 quidem
665 2371 779 2418 satis
805 2378 897 2428 est,
934 2370 1026 2417 nisi
1050 2370 1120 2429 id,
1157 2371 1291 2434 quod
1316 2371 1511 2427 dicitur,
1538 2371 1601 2418 sit
1623 2388 1763 2429 voce,

440 2449 600 2508 vultu,
643 2440 882 2512 motuque
926 2448 1189 2496 conditius.
1262 2449 1398 2506 Quid
1441 2449 1601 2497 dicam
1643 2466 1765 2514 opus

441 2544 546 2576 esse
571 2527 797 2575 doctrina
819 2527 834 2574 ?
872 2527 975 2574 sine
1001 2544 1098 2590 qua
1122 2528 1269 2575 etiam
1290 2528 1328 2575 si
1353 2527 1472 2591 quid
1495 2528 1622 2576 bene
1647 2529 1766 2577 dici-

439 2614 539 2665 tur,
564 2605 828 2669 adjuvante
853 2614 1045 2665 natura,
1061 2615 1228 2655 tamen
1244 2606 1313 2665 id,
1333 2609 1448 2670 quia
1470 2605 1676 2656 fortuito
1692 2608 1766 2668 fit,

438 2702 632 2749 semper
676 2693 902 2749 paratum
950 2701 1053 2733 esse
1100 2702 1200 2733 non
1246 2694 1426 2749 potest.
1497 2685 1557 2733 In
1595 2686 1766 2734 Scauri

440 2764 682 2823 oratione,
721 2763 954 2827 sapientis
1000 2764 1211 2811 hominis
1259 2772 1310 2811 et
1355 2764 1497 2823 recti,
1549 2765 1764 2828 gravitas

441 2859 648 2901 summa,
689 2850 740 2890 et
762 2841 995 2890 naturalis
1021 2843 1261 2907 quaedam
1285 2843 1445 2891 inerat
1479 2843 1760 2899 auctoritas,

437 2936 539 2970 non
562 2928 619 2970 ut
643 2937 859 2982 causam,
883 2922 972 2971 sed.
993 2929 1051 2972 ut
1073 2921 1410 2972 testimonium
1435 2922 1601 2972 dicere
1622 2928 1762 2987 puta-
