2071 3508
825 368 1045 407 TOPICA.
1524 371 1602 408 491

266 496 342 540 ea,
369 496 494 545 quae
519 477 772 544 proposita
797 477 890 534 est,
927 475 1065 539 quasi
1090 475 1142 521 in
1167 475 1390 523 membra
1427 476 1608 525 discer-

262 560 429 625 pitur3
469 566 543 616 ut,
580 556 619 603 si
645 555 753 619 quis
774 553 858 618 jus
890 553 1035 602 civile
1061 553 1197 601 dicat
1227 553 1279 600 id
1312 570 1436 613 csse,
1473 557 1607 620 quod

262 640 316 687 in
340 638 548 702 legibus,
575 632 1037 693 senatusconsultis,
1073 633 1220 682 rebus
1244 633 1503 698 judicatis,
1529 635 1610 699 ju-

262 715 603 781 risperitorum
640 712 955 769 auctoritate,
995 712 1172 760 edictis
1209 713 1609 777 magistratuum,

261 812 420 854 more,
469 793 721 858 aequitate
771 793 1042 842 consistat:
1100 792 1398 842 divisionum
1441 802 1610 843 autem

263 873 488 923 definitio
523 872 706 921 formas
743 889 915 921 omnes
953 872 1323 938 complectitur,
1361 891 1487 938 quae
1517 876 1608 924 sub

263 972 323 1004 eo
372 971 558 1019 genere
609 962 738 1012 sunt,
796 954 931 1019 quod
981 954 1250 1015 definitur3
1290 955 1386 1004 1100
1424 954 1607 1003 111οἀοε

264 1033 586 1084 Abalienatio
620 1043 695 1083 est
729 1034 832 1099 ejus
865 1035 954 1094 rei,
981 1052 1108 1100 quae
1144 1035 1362 1100 mancipi
1395 1043 1488 1094 est,
1524 1041 1612 1084 aut

264 1114 467 1164 traditio
511 1115 652 1164 alteri
694 1132 848 1175 nexu,
891 1123 978 1164 aut
1018 1115 1071 1162 in
1103 1114 1217 1180 jure
1262 1115 1438 1175 cessio,
1480 1115 1612 1163 inter

265 1211 391 1259 quos
417 1212 476 1243 ea
491 1194 606 1260 jure
633 1194 766 1243 civili
790 1195 895 1243 fieri
919 1202 1118 1260 posunt.

334 1275 461 1323 Sunt
498 1284 549 1323 et
572 1275 668 1323 alia
691 1292 878 1339 genera
903 1275 1249 1323 definitionum
1272 1293 1284 1323 :
1324 1275 1413 1324 sed
1437 1275 1501 1324 ad
1524 1276 1612 1325 hu-
1646 1275 1707 1336 6,

258 1354 341 1420 jus
366 1355 478 1404 libri
507 1355 793 1404 institutum
824 1354 907 1403 illa
937 1355 1059 1402 nihil
1088 1355 1377 1420 pertinent:
1415 1364 1613 1405 tantum

268 1443 344 1484 est
369 1435 660 1495 dicendum,
698 1435 782 1500 qui
820 1435 883 1483 sit
920 1435 1221 1484 definitionis
1257 1435 1450 1484 modus.
1532 1436 1613 1485 Sic

266 1515 423 1580 igitur
457 1524 652 1564 veteres
688 1516 1037 1580 praecipiunt3
1083 1534 1197 1564 cum
1235 1516 1500 1581 sumpseris
1537 1533 1615 1575 ea,

269 1611 397 1659 quae
434 1595 533 1643 sint
569 1595 614 1642 ei
650 1595 740 1653 rei,
778 1611 925 1659 quam
952 1594 1158 1643 definiie
1182 1595 1323 1655 velis,
1361 1612 1477 1643 cum
1509 1595 1614 1644 aliis

266 1674 571 1733 communia,
613 1691 770 1738 usque
808 1691 868 1722 eo
903 1674 1150 1739 persequi,
1197 1675 1316 1722 dum
1358 1675 1615 1740 proprium

267 1753 527 1814 efficiatur,
561 1754 697 1819 quod
732 1754 919 1802 nullam
956 1755 1008 1802 in
1041 1754 1186 1802 aliam
1222 1772 1327 1803 rem
1360 1754 1615 1804 transferri

264 1834 436 1898 possit.
498 1835 572 1884 Ut
590 1835 706 1894 hoc,
735 1843 748 1862 ‘
776 1835 1048 1883 Hereditas
1069 1843 1143 1883 est
1161 1835 1412 1900 pecunia.’
1469 1836 1617 1885 Com-

266 1930 419 1963 mune
455 1915 655 1963 adhuc:
708 1914 866 1962 multa
903 1915 1035 1963 enim
1073 1932 1259 1980 genera
1304 1923 1421 1964 sunt
1464 1933 1617 1981 pecu-

267 1994 396 2042 niae.
470 1994 622 2043 Adde
659 1995 795 2060 quod
831 1995 1089 2060 sequitur:
1129 2000 1144 2022 ⁶
1182 2012 1309 2060 quae
1345 2004 1505 2044 morte
1531 1995 1617 2044 ali-

271 2080 284 2101 ‘
311 2072 451 2138 cujus
493 2073 556 2122 ad
593 2074 877 2139 quempiam
920 2074 1184 2139 pervenit?
1256 2074 1497 2122 Nondum
1540 2082 1615 2124 est

270 2153 532 2202 definitio:
593 2153 762 2202 multis
799 2153 932 2201 enim
968 2152 1128 2201 modis
1181 2153 1286 2202 sine
1333 2153 1613 2204 hereditate

268 2232 428 2281 teneri
454 2241 761 2281 mortuorum
786 2233 1032 2297 pecuniae
1056 2243 1280 2298 possunt.
1330 2232 1502 2281 Unum
1528 2233 1615 2281 ad-

269 2313 332 2360 de
351 2313 577 2372 verbum,
603 2319 617 2340 ‘
637 2311 786 2377 jure.'
857 2312 970 2362 Jam
991 2330 1020 2361 a
1040 2312 1400 2360 communitate
1421 2329 1496 2361 res
1517 2314 1613 2361 dis-

260 2391 442 2458 juncta
464 2392 732 2450 videbitur,
770 2400 827 2440 ut
851 2392 914 2441 sit
939 2392 1189 2457 explicata
1225 2392 1467 2452 definitio,
1504 2394 1574 2442 510
1597 2412 1610 2443 :

274 2479 287 2501 ‘
314 2473 584 2521 Hereditas
617 2479 691 2520 est
718 2472 953 2536 pecunia,
979 2489 1104 2536 quae
1129 2480 1290 2521 morte
1316 2472 1523 2538 alicujus
1548 2474 1613 2522 ad

271 2557 286 2580 ‘
313 2553 597 2618 quempiam
621 2551 849 2617 pervenit
867 2550 1016 2616 jure.'
1089 2552 1331 2600 Nondum
1360 2561 1435 2601 est
1459 2553 1575 2601 satis
1597 2572 1609 2602 ε

272 2633 421 2693 adde,
457 2638 472 2660 ⁶
500 2633 612 2681 Nec
639 2649 697 2681 ea
725 2640 812 2681 aut
835 2632 1002 2697 legata
1025 2640 1343 2691 testamento,
1383 2642 1469 2682 aut
1503 2651 1614 2699 pos-

272 2717 287 2740 ‘
315 2713 530 2761 sessione
567 2714 763 2761 retenta
789 2714 820 2760 ε’
873 2712 1164 2762 consectum
1201 2720 1290 2761 est.
1364 2713 1610 2778 Itemque,

271 2799 331 2841 ut
355 2792 496 2852 illud,
525 2798 538 2820 ‘
559 2784 797 2841 Gentiles
823 2799 956 2850 sunt,
983 2792 1067 2856 qui
1092 2791 1222 2840 inter
1248 2809 1298 2840 se
1325 2792 1502 2840 eodem
1528 2808 1615 2840 no-

276 2871 447 2920 ‘mine
496 2873 646 2920 sunt.'
718 2871 836 2920 Non
885 2879 959 2920 cst
1007 2871 1139 2920 satis.
1221 2871 1322 2929 Qui
1371 2873 1431 2920 ab
1478 2873 1614 2936 ingo-
