2071 3508
345 990 452 1029 183.

339 1539 358 1577 1
370 1539 446 1579 84.

315 2551 422 2612 44.

318 2647 427 2686 185.

490 407 568 444 154
973 402 1049 441 DE
1079 403 1346 442 ORATORE

489 513 631 577 signa
665 511 870 576 proferri
905 511 1116 575 perutile
1151 520 1252 559 est:
1293 530 1445 577 eaque
1472 515 1653 574 omnia,
1683 533 1820 580 quae,

489 593 768 657 proborum,
813 590 1150 647 demissorum,
1186 606 1285 637 non
1310 591 1513 651 acrium,
1538 609 1637 640 non
1661 594 1807 657 perti-

487 670 700 725 nacium,
741 686 839 716 non
863 668 1205 731 litigiosorum,
1230 685 1328 715 non
1353 672 1638 718 acerborum
1676 680 1807 730 sunt,

486 748 629 796 valde
666 745 1060 796 benevolentiam
1103 745 1382 802 conciliant,
1432 748 1806 813 abalienantque

487 828 547 875 ab
572 826 647 884 iis,
684 826 736 872 in
766 824 939 888 quibus
963 823 1085 870 haec
1110 839 1210 869 non
1235 830 1362 870 sunt.
1433 823 1608 888 Itaque
1634 827 1806 874 eadem

486 914 600 955 sunt
645 905 695 951 in
743 902 1042 952 adversarios
1089 918 1150 948 ex
1198 902 1442 949 contrario
1490 902 1803 952 conferenda.

485 986 585 1034 Sed
607 1000 763 1049 genus
786 982 883 1029 hoc
907 988 1067 1028 totum
1091 979 1322 1027 orationis
1358 980 1409 1026 in
1446 981 1503 1027 iis
1542 981 1699 1028 causis
1724 998 1805 1029 ex-

484 1064 647 1119 cellet,
673 1063 725 1108 in
747 1060 924 1124 quibus
948 1059 1108 1106 minus
1130 1066 1294 1122 potest
1312 1059 1599 1106 inflammari
1616 1060 1805 1108 animus

475 1142 659 1207 judicis
699 1139 799 1187 acri
840 1146 890 1185 et
926 1137 1207 1184 vehementi
1246 1137 1456 1200 quadam
1497 1138 1801 1187 incitatione.

481 1221 599 1268 Non
641 1218 771 1266 enim
813 1232 1004 1278 semper
1043 1214 1182 1261 fortis
1223 1216 1377 1262 oratio
1414 1217 1680 1278 quaeritur,
1716 1218 1804 1265 sed

480 1314 625 1362 saepe
664 1294 873 1360 placida,
924 1292 1194 1351 summissa,
1234 1292 1376 1351 lenis,
1424 1311 1547 1357 quae
1590 1295 1801 1343 maxime

480 1374 797 1426 commendat
827 1389 950 1420 reos.
1023 1371 1155 1420 Reos
1180 1379 1344 1419 autem
1369 1372 1579 1436 appello,
1595 1389 1695 1420 non
1720 1390 1802 1421 eos

479 1456 642 1511 modo,
671 1453 753 1518 qui
778 1450 1064 1516 arguuntur,
1106 1450 1192 1497 sed
1216 1467 1403 1509 omnes,
1429 1469 1636 1515 quorum
1661 1452 1722 1500 de
1747 1469 1799 1501 re

480 1535 814 1599 disceptatur:
854 1532 922 1578 sic
964 1529 1094 1577 enim
1130 1528 1245 1576 olim
1280 1529 1621 1593 loquebantur.
1694 1530 1799 1579 Ho-

476 1631 586 1661 rum
610 1613 760 1676 igitur
793 1609 1064 1673 exprimere
1088 1624 1247 1655 mores
1271 1609 1509 1667 oratione,
1525 1609 1703 1673 justos,
1726 1609 1798 1656 in-

473 1701 658 1756 tegros,
699 1689 964 1753 religiosos,
1009 1686 1224 1744 timidos,
1265 1687 1567 1750 perferentes
1602 1687 1796 1751 injuria-

471 1787 596 1827 rum,
623 1770 799 1816 mirum
825 1766 1056 1830 quiddam
1081 1764 1240 1823 valet3
1281 1773 1331 1812 et
1353 1765 1463 1821 hoc,
1490 1765 1568 1813 vel
1591 1766 1641 1812 in
1665 1765 1795 1829 prin-

474 1849 631 1913 cipiis,
655 1846 734 1894 vel
758 1847 808 1892 in
834 1862 884 1892 re
911 1843 1168 1901 narranda,
1198 1842 1277 1890 vel
1301 1843 1351 1889 in
1375 1844 1664 1907 peroranda,
1688 1852 1794 1891 tan-

470 1936 572 1975 tam
596 1927 744 1973 habet
768 1924 884 1982 vim,
905 1924 943 1970 si
963 1931 1036 1970 est
1061 1922 1272 1969 suaviter
1293 1930 1342 1969 et
1362 1939 1473 1969 cum
1499 1939 1643 1970 sensu
1667 1932 1791 1971 trac-

467 2014 641 2061 tatum,
668 2012 725 2051 ut
749 2019 892 2066 saepe
911 2001 1037 2066 plus,
1058 2017 1203 2064 quam
1228 2017 1388 2056 causa,
1416 2000 1589 2049 valeat.
1661 2001 1792 2049 Tan-

467 2093 574 2132 tum
599 2091 763 2131 autem
790 2081 997 2129 efficitur
1022 2096 1166 2128 sensu
1186 2079 1398 2142 quodam
1423 2097 1481 2127 ac
1505 2080 1694 2128 ratione
1720 2081 1790 2128 di-

468 2162 628 2217 cendi,
673 2169 728 2208 ut
770 2160 905 2223 quasi
947 2175 1105 2206 mores
1141 2158 1343 2205 oratoris
1380 2158 1579 2222 effingat
1616 2160 1786 2207 oratio.

466 2240 666 2288 Genese
706 2239 835 2287 enim
877 2238 1089 2301 quodam
1123 2237 1490 2292 sententiarum,
1531 2246 1580 2284 et
1602 2255 1786 2301 genere

462 2321 742 2376 verborum,
779 2317 997 2364 adhibita
1033 2315 1179 2362 etiam
1212 2315 1406 2362 actione
1431 2314 1548 2372 leni,
1582 2314 1787 2363 facilita-

462 2404 662 2461 temque
705 2393 1016 2459 significanti,
1059 2392 1283 2450 efficitur,
1319 2401 1375 2439 ut
1397 2392 1552 2456 probi,
1579 2400 1635 2439 ut
1657 2394 1784 2442 bene

463 2475 653 2530 morati,
680 2481 736 2520 ut
758 2473 875 2520 boni
899 2472 989 2519 viri
1016 2488 1118 2518 esse
1143 2470 1418 2517 videantur.

529 2553 665 2600 Huic
690 2559 854 2599 autem
881 2558 954 2598 est
977 2549 1060 2596 illa
1084 2549 1245 2613 dispar
1278 2548 1509 2612 adjuncta
1533 2549 1657 2598 ratio
1681 2567 1784 2598 ora-

459 2632 620 2688 tionis,
677 2647 799 2694 quae
843 2629 937 2677 alio
973 2628 1185 2692 quodam
1223 2644 1405 2691 genere
1435 2636 1626 2676 mentes
1651 2628 1783 2692 judi-

460 2727 573 2757 cum
597 2716 867 2774 permovet,
894 2706 1219 2771 impellitque,
1261 2714 1317 2753 ut
1342 2713 1427 2753 aut
1450 2705 1662 2765 oderint,
1697 2714 1783 2755 aut

458 2788 684 2852 diligant,
726 2795 811 2835 aut
847 2786 1118 2844 invideant,
1155 2793 1239 2832 aut
1275 2784 1460 2832 salwim
1484 2783 1652 2840 velint,
1695 2791 1780 2841 aut

455 2873 696 2926 metuant,
731 2875 817 2916 aut
841 2873 1056 2931 sperent,
1092 2872 1177 2913 aut
1201 2863 1420 2928 cupiant,
1444 2870 1530 2911 aut
1553 2862 1776 2914 abhorre-
