2071 3508
417 1018 495 1058 51.

420 1571 497 1611 52.

424 2123 503 2162 53.

436 2750 513 2789 541.

527 427 576 462 18
996 425 1073 465 DE
1103 423 1371 465 ORATORE

526 540 578 581 et
601 531 849 598 elegantia
872 550 972 582 non
995 543 1204 583 utuntur
1225 535 1240 581 ?
1294 533 1462 581 Unum
1487 532 1580 581 erit
1603 532 1847 597 profecto,

526 614 659 676 quod
700 613 753 671 ii,
796 614 878 677 qui
917 615 1045 661 bene
1082 613 1274 672 dicunt,
1316 612 1520 660 afferant
1558 613 1808 677 proprium
1830 632 1844 671 3

527 693 851 756 compositam
887 693 1177 750 orationem,
1219 699 1269 740 et
1294 699 1531 748 ornatam,
1570 699 1620 739 et
1644 690 1850 739 artificio

526 771 759 834 quodam,
796 779 847 820 et
882 771 1181 835 expolitione
1218 770 1517 818 distinctam.
1589 770 1732 817 Haec
1768 786 1849 817 au·-

524 858 627 897 tem
652 851 826 909 oratio,
846 852 883 898 si
908 868 984 899 res
1008 867 1107 898 non
1132 852 1298 898 subest
1316 851 1375 897 ab
1402 856 1594 897 oratore
1616 855 1853 912 percepta

527 938 577 977 et
613 931 844 994 cognita3
883 939 969 978 aut
1003 930 1136 977 nulla
1171 930 1232 977 sit
1267 945 1467 976 necesse
1503 936 1596 987 est,
1631 936 1717 975 aut
1752 944 1854 975 om-

527 1008 664 1055 nium
688 1008 909 1056 irrisione
933 1009 1146 1056 ludatur.
1203 1008 1339 1064 Quid
1358 1016 1432 1055 est
1456 1007 1586 1055 enim
1611 1015 1711 1054 tam
1736 1006 1855 1054 furi-

527 1103 685 1144 osum,
711 1103 856 1149 quam
880 1089 1158 1145 verborum,
1183 1086 1262 1133 vel
1286 1087 1583 1150 optimorum
1608 1093 1756 1149 atque
1781 1102 1855 1133 or-

527 1164 908 1222 natissimorum,
935 1165 1121 1212 sonitus
1146 1165 1321 1223 inanis,
1346 1164 1480 1211 nulla
1504 1163 1726 1227 subjecta
1749 1179 1856 1211 sen-

527 1243 702 1300 tentia,
727 1258 821 1289 nec
847 1243 1086 1289 scientia?
1124 1243 1378 1305 Quicquid
1413 1243 1506 1290 erit
1530 1242 1699 1306 igitur,
1741 1258 1856 1305 qua-

530 1328 743 1384 cumque
764 1337 825 1368 ex
846 1328 964 1377 arte,
983 1336 1295 1384 quocumque
1316 1321 1377 1367 de
1393 1336 1596 1383 genere,
1611 1320 1663 1366 id
1675 1327 1857 1378 orator,

529 1401 584 1456 si,
611 1408 846 1463 tanquam
864 1400 1056 1447 clientis
1082 1416 1297 1457 causam,
1325 1398 1574 1458 didicerit,
1600 1399 1735 1446 dicet
1758 1415 1858 1447 me-

532 1479 625 1526 lius
651 1486 702 1527 et
727 1479 964 1536 ornatius,
990 1494 1135 1541 quam
1154 1477 1236 1524 ille
1260 1478 1363 1541 ipse
1390 1477 1492 1541 ejus
1516 1477 1587 1526 rei
1610 1477 1858 1538 inventor,

531 1565 679 1621 atque
696 1556 890 1605 artifex.
919 1557 1047 1604 Nam
1065 1557 1102 1603 si
1119 1555 1225 1620 quis
1246 1556 1356 1613 erit,
1373 1556 1456 1619 qui
1472 1556 1567 1603 hoc
1582 1555 1731 1612 dicat,
1754 1573 1857 1604 esse

532 1636 766 1700 quasdam
785 1643 1031 1684 oratorum
1049 1635 1267 1699 proprias
1292 1635 1561 1683 sententias
1582 1642 1729 1698 atque
1747 1650 1859 1682 cau-

530 1732 623 1774 saS,
660 1723 711 1763 et
746 1722 990 1763 certarum
1016 1730 1179 1762 rerum
1203 1713 1478 1762 forensibus
1514 1712 1746 1763 cancellis
1771 1713 1860 1761 cir-

533 1795 882 1858 cumscriptam
909 1794 1163 1841 scientiam
1187 1813 1200 1853 3
1239 1792 1431 1852 fatebor
1458 1792 1687 1857 equidem
1711 1793 1763 1840 in
1786 1792 1862 1839 his

533 1872 688 1935 magis
714 1871 905 1920 assidue
931 1872 1111 1919 versari
1148 1871 1277 1919 hanc
1302 1879 1519 1919 nostram
1556 1871 1826 1919 dictionem
1849 1889 1860 1919 z

535 1950 622 1996 sed
641 1957 809 1996 tamen
834 1950 885 1995 in
911 1949 985 1995 his
1009 1949 1124 2012 ipsis
1143 1950 1288 1997 rebus
1311 1948 1557 2012 permulta
1581 1957 1713 2007 sunt,
1737 1965 1864 2013 quae

535 2027 615 2074 isti
634 2027 870 2090 magistri,
893 2027 975 2090 qui
994 2026 1227 2074 rhetorici
1245 2034 1502 2082 vocantur,
1530 2043 1624 2074 nec
1644 2028 1862 2084 tradunt,

535 2120 630 2153 nec
650 2113 839 2153 tenent.
884 2105 1008 2161 Quis
1025 2104 1156 2152 enim
1175 2104 1351 2163 nescit,
1368 2104 1634 2152 maximam
1659 2105 1758 2153 vim
1783 2122 1866 2154 ex-

537 2184 705 2231 sistere
725 2182 928 2230 oratoris
945 2182 995 2228 in
1010 2182 1265 2229 hominum
1281 2182 1530 2229 mentibus
1549 2182 1628 2230 vel
1643 2183 1708 2230 ad
1725 2183 1866 2242 iram,

538 2271 623 2310 aut
642 2263 703 2309 ad
719 2262 902 2317 odium,
925 2268 1010 2308 aut
1023 2260 1241 2307 dolorem
1258 2259 1540 2318 incitandis,
1553 2259 1632 2308 vel
1650 2262 1712 2309 ab
1731 2261 1867 2310 hisce
1956 2263 1961 2267 *

538 2341 710 2389 iisdem
734 2339 1122 2405 permotionibus
1154 2338 1216 2385 ad
1250 2337 1505 2386 lenitatem
1542 2338 1867 2387 misericordi-

540 2436 715 2483 amque
741 2418 1031 2466 revocandis
1052 2417 1068 2465 ?
1094 2433 1261 2481 quare,
1277 2416 1369 2464 nisi
1389 2417 1472 2480 qui
1497 2424 1694 2465 naturas
1713 2418 1868 2466 homi-

541 2513 680 2556 num,
699 2498 897 2561 vimque
917 2513 1114 2544 omnem
1130 2495 1467 2554 humanitatis,
1487 2511 1754 2560 causasque
1768 2514 1868 2557 eaS,

543 2578 717 2640 quibus
754 2586 946 2625 mentes
981 2582 1067 2622 aut
1101 2574 1372 2622 incitantur
1407 2583 1493 2622 aut
1527 2575 1865 2634 reflectuntur,

541 2656 740 2719 penitus
764 2646 1085 2720 perspexerit,
1128 2652 1355 2709 dicendo,
1395 2652 1529 2716 quod
1552 2653 1704 2713 volet,
1726 2655 1868 2719 perfi-

547 2751 658 2780 cere
683 2751 781 2781 non
807 2735 1004 2799 poterit.
1066 2733 1223 2796 Atqui
1246 2740 1381 2780 totus
1404 2731 1486 2780 hic
1504 2732 1642 2780 locus
1659 2733 1868 2797 philoso-

547 2813 754 2874 phorum
774 2812 997 2877 proprius
1014 2811 1211 2859 videtur
1234 2828 1245 2858 ε
1273 2826 1433 2874 neque
1450 2819 1627 2868 orator,
1654 2826 1732 2859 me
1757 2827 1870 2859 auc-

549 2901 902 2954 t01·e‚unquam
922 2889 1239 2954 repugnabit:
1266 2888 1371 2947 sed,
1391 2890 1613 2938 cumillis
1632 2889 1870 2953 cognitio-
