2071 3508
713 375 882 415 LIBER
910 375 1161 415 TERTIUS.
1527 382 1605 420 303

270 486 607 554 praecipiendi
630 501 806 549 genus,
847 483 1268 549 quemadmodum
1292 486 1404 533 voci
1429 491 1604 540 servia.

273 577 353 616 tur
373 588 387 627 ς
440 564 671 630 equidem
709 579 1012 628 magnopere
1053 578 1232 610 censeo
1274 563 1604 615 serviendum.

273 646 372 695 Sed
394 645 517 693 illud
539 642 738 691 videtur
757 644 817 691 ab
837 642 983 708 hujus
1007 642 1162 691 nostri
1184 643 1422 692 sermonis
1446 645 1608 695 officio

272 741 372 775 non
396 724 676 780 abhorrere,
705 722 858 788 quod,
885 726 967 788 (ut
991 721 1096 771 dixi
1119 722 1269 788 paulo
1294 724 1435 786 ante)
1459 724 1609 789 pluri-

270 805 362 852 mis
385 804 438 851 in
461 804 608 852 rebus
633 803 769 868 quod
793 804 1009 852 maxime
1045 811 1121 851 est
1155 802 1296 863 utile,
1332 803 1403 864 id,
1438 807 1609 854 neseio

271 899 369 949 quo
392 890 561 948 pacto,
587 884 737 932 etiam
759 883 907 932 decet
920 883 1152 931 maxime.
1203 883 1333 932 Nam
1354 884 1418 932 ad
1431 901 1609 934 vocem

268 964 593 1013 obtinendam
616 963 741 1011 nihil
766 972 840 1012 est
865 964 1052 1023 utilius,
1084 980 1231 1029 quam
1257 966 1430 1014 crebra
1453 974 1610 1014 muta-

269 1043 374 1092 tio:
412 1043 536 1091 nihil
558 1043 904 1108 perniciosius,
944 1061 1092 1108 quam
1131 1044 1284 1092 effusa
1319 1045 1423 1093 sine
1459 1046 1610 1094 inter-

270 1123 503 1173 missione
530 1124 803 1173 contentio.
865 1124 1040 1181 Quid?
1077 1124 1140 1172 ad
1159 1141 1300 1173 aures
1325 1134 1533 1186 nostras,
1559 1134 1611 1175 et
1641 1134 1756 1178 225,

270 1204 480 1252 actionis
499 1204 814 1264 suavitatem,
839 1204 959 1269 quid
984 1212 1059 1253 est
1081 1204 1441 1265 vicissitudine,
1461 1214 1512 1254 et
1529 1224 1611 1255 va-

271 1283 467 1343 rietate,
510 1291 561 1332 et
593 1284 983 1333 commutatione
1007 1285 1168 1350 aptius
1189 1285 1205 1333 ?
1261 1285 1437 1350 Itaque
1478 1286 1613 1335 idem

274 1362 538 1411 Gracchus
555 1363 716 1428 (quod
731 1372 874 1428 potes
890 1364 1079 1423 audire,
1097 1364 1293 1423 Catule,
1313 1381 1376 1413 ex
1396 1364 1613 1425 Licinio,

275 1441 459 1491 cliente
487 1450 596 1502 tuo,
620 1442 818 1491 literato
851 1444 1067 1500 homine,
1113 1460 1262 1507 quem
1299 1460 1496 1492 servum
1521 1445 1614 1493 sibi

271 1521 356 1570 ille
381 1522 556 1570 habuit
574 1522 638 1569 ad
661 1521 888 1583 manum)
908 1539 1022 1568 cum
1050 1522 1319 1569 eburneola
1342 1522 1515 1570 solitus
1539 1530 1614 1571 est

274 1600 458 1649 habere
482 1599 663 1660 fistula,
683 1601 767 1670 qui
784 1608 937 1648 staret
952 1600 1151 1648 occulte
1169 1608 1281 1665 post
1297 1601 1478 1666 ipsum,
1498 1619 1614 1650 cum

275 1680 674 1736 concionaretur,
717 1679 934 1744 peritum
974 1678 1245 1739 hominem,
1294 1681 1377 1744 qui
1418 1680 1612 1729 inflaret

275 1758 504 1809 celeriter
544 1773 659 1806 eum
697 1774 893 1817 sonum,
932 1776 1030 1823 quo
1070 1758 1210 1807 illum
1246 1768 1333 1808 aut
1355 1761 1614 1809 remissum

276 1841 539 1900 excitaret,
563 1847 650 1888 aut
673 1857 703 1888 a
727 1840 1050 1888 contentione
1079 1848 1352 1889 revocaret.
1425 1840 1615 1889 Audivi

276 1919 579 1976 mehercule,
603 1918 767 1984 inquit
791 1918 1089 1975 Catulus,‚et
1107 1935 1252 1984 saepe
1279 1936 1386 1967 sum
1406 1920 1614 1968 admira=

276 2007 358 2048 tus
381 1998 594 2047 hominis
619 2014 734 2046 cum
760 1997 1089 2062 diligentiam,
1125 2006 1232 2046 tum
1259 1999 1406 2046 etiam
1433 1998 1615 2047 doctri-

278 2096 393 2128 nam
419 2086 470 2127 et
504 2077 778 2126 scientiam.
852 2077 961 2142 Ego
996 2094 1132 2137 vero,
1170 2078 1332 2142 inquit
1374 2078 1612 2139 Crassus3
1644 2095 1761 2136 226,

279 2177 339 2208 ac
364 2158 510 2208 doleo
534 2157 754 2222 quidem,
790 2156 898 2205 illos
922 2157 1052 2206 viros
1090 2158 1143 2204 in
1180 2174 1288 2205 eam
1312 2156 1540 2207 fraudem
1564 2159 1617 2207 in

278 2238 534 2305 republica
559 2254 664 2285 esse
690 2237 948 2302 delapsos:
976 2253 1259 2303 quanquam
1285 2254 1342 2286 ea
1367 2238 1468 2286 tela
1492 2239 1617 2286 texi-

280 2327 380 2378 tur,
405 2326 457 2366 et
480 2334 539 2366 ea
562 2317 799 2365 incitatur
834 2317 886 2364 in
923 2317 1127 2366 civitate
1152 2317 1279 2365 ratio
1302 2318 1523 2377 vivendi,
1560 2335 1618 2366 ac

279 2397 556 2463 posteritati
598 2396 895 2456 ostenditur,
936 2405 994 2445 ut
1035 2412 1206 2445 eorum
1247 2396 1450 2456 civium,
1494 2413 1616 2460 quos

281 2477 436 2526 nostri
473 2484 637 2542 patres
673 2493 774 2524 non
815 2476 1052 2534 tulerunt,
1082 2476 1187 2541 jam
1224 2476 1405 2524 similes
1435 2476 1619 2525 habere

283 2557 556 2622 cupiamus.
630 2556 800 2615 Mitte,
825 2558 1050 2616 obsecro,
1073 2556 1254 2621 inquit,
1281 2556 1470 2612 Crasse,
1496 2555 1620 2605 Juli-

284 2653 363 2696 us,
388 2652 664 2685 sermonem
688 2636 856 2695 istum,
895 2644 948 2684 et
981 2644 1032 2684 te
1068 2636 1132 2684 ad
1162 2635 1382 2685 Gracchi
1406 2635 1619 2683 fistulam

285 2714 448 2777 refer3
486 2714 626 2780 cujus
663 2731 758 2780 ego
793 2714 1016 2765 nondum
1039 2715 1186 2781 plane
1210 2716 1453 2764 rationem
1477 2713 1620 2764 intel-

286 2794 405 2859 ligo.
