2071 3508
466 386 546 423 494
1020 381 1238 422 TOPICAA

466 490 720 549 infinitior,-
760 496 818 538 ut
853 506 917 538 ex
950 489 1047 538 hoc
1073 506 1268 555 quoque
1298 489 1621 554 intelligatur,
1661 490 1793 554 quod

467 568 673 617 velimus
698 569 827 616 inter
861 568 1178 633 partitionem
1221 576 1272 617 et
1319 567 1608 616 divisionem
1643 568 1793 616 inter-

469 665 588 696 esse.
677 647 974 711 Quanquam
1015 647 1146 695 enim
1187 646 1427 696 vocabula
1465 663 1619 711 prope
1658 646 1793 694 idem

469 726 632 777 valere
672 726 970 785 videantur3
1013 733 1181 774 tamen
1217 726 1330 790 quia
1366 742 1442 773 res
1485 725 1795 782 differebant,

470 806 672 854 nomina
705 822 867 853 rerum
901 805 1080 853 distare
1104 804 1382 853 voluerunt.
1455 803 1620 852 Multa
1645 803 1794 852 etiam

471 902 535 933 ex
559 884 814 933 notatione
839 891 1116 931 sumuntur.
1185 884 1261 930 Ea
1284 891 1358 932 est
1382 891 1566 942 autem,
1592 899 1706 931 cum
1732 898 1796 930 ex

471 964 520 1011 vi
544 963 755 1011 nominis
790 969 1139 1025 argumentum
1177 961 1400 1010 elicitur:
1440 978 1586 1025 quam
1611 960 1797 1009 Graeci

469 1047 714 1100 ἓτυμολογίαν
737 1047 939 1099 vocant,
968 1039 1021 1087 id
1045 1046 1138 1098 est,
1166 1039 1372 1086 verbum
1397 1055 1459 1087 ex
1482 1039 1648 1094 verbo,
1673 1038 1799 1086 veri-

471 1119 708 1184 loquium.
779 1118 885 1166 Nos
910 1124 1076 1165 autem
1100 1116 1371 1165 novitatem
1396 1116 1532 1165 verbi
1557 1132 1658 1163 non
1683 1116 1802 1164 satis

472 1197 575 1262 apti
610 1196 876 1261 fugientes,
919 1212 1076 1260 genus
1118 1194 1215 1242 hoc
1256 1194 1562 1242 notationem
1587 1193 1798 1260 appella-

471 1293 600 1335 mus,
631 1275 746 1340 quia
769 1282 884 1323 sunt
906 1275 1057 1322 verba
1079 1289 1243 1322 rerum
1268 1281 1430 1322 notae.
1503 1273 1679 1338 Itaque
1702 1272 1799 1322 hoc

471 1355 605 1403 idem
632 1353 927 1402 Aristoteles
961 1351 1140 1412 σόμξολον
1176 1352 1422 1417 appellat:
1461 1352 1595 1417 quod
1619 1351 1798 1400 Latine

475 1440 551 1482 est
574 1440 706 1480 nota.
778 1432 876 1480 Sed
907 1448 1021 1479 cum
1055 1430 1364 1495 intelligitur,
1405 1431 1524 1495 quid
1559 1429 1800 1496 significe-

475 1520 572 1574 tur,
610 1511 771 1559 minus
804 1509 1130 1558 laborandum
1161 1516 1236 1557 est
1260 1509 1322 1558 de
1347 1509 1563 1557 nomine.
1635 1508 1801 1557 Multa

476 1590 629 1655 igitur
651 1589 703 1636 in
728 1587 1026 1653 disputando
1050 1586 1305 1635 notatione
1326 1586 1590 1635 eliciuntur
1614 1604 1676 1636 ex
1695 1603 1800 1635 ver-

478 1670 559 1725 bo,
596 1676 667 1724 ut,
707 1684 820 1715 cum
857 1666 1125 1730 quaeritur,
1158 1666 1512 1728 postliminimn,
1552 1666 1671 1730 quid
1718 1666 1799 1725 sit,

475 1751 601 1814 (non
627 1747 759 1806 dieo,
795 1762 920 1810 quae
957 1745 1054 1793 sint
1083 1744 1369 1809 postliminii
1392 1762 1404 1791 ε
1442 1761 1556 1792 nam
1580 1745 1632 1792 id
1657 1745 1800 1793 cade-

474 1835 552 1875 ret
574 1827 626 1873 in
651 1825 960 1894 divisionem,
985 1841 1110 1889 quae
1135 1823 1245 1871 talis
1271 1832 1373 1872 est:
1406 1824 1708 1888 postliminio
1726 1842 1800 1873 re-

476 1906 633 1954 deunt
656 1905 797 1962 haec,
831 1903 1000 1963 homo,
1042 1903 1197 1961 navis,
1233 1902 1394 1950 mulus
1420 1901 1721 1962 clitellarius,
1752 1920 1800 1951 e-

476 2000 620 2049 quus,
646 1999 790 2046 equa,
815 1997 940 2046 quae
964 1980 1105 2029 frena
1128 1981 1348 2045 recipere
1375 1979 1529 2028 solet:
1574 1980 1662 2028 sed
1686 1998 1800 2029 cum

476 2063 626 2127 ipsius
650 2059 938 2126 postliminii
957 2060 1029 2107 vis
1049 2059 1316 2123 quaeritur,
1343 2067 1393 2108 et
1410 2060 1616 2108 verbum
1640 2059 1801 2125 ipsum

476 2148 677 2189 notatur
697 2139 737 2201 z)
773 2139 824 2186 in
849 2155 947 2202 quo
984 2138 1180 2186 Servius
1203 2146 1370 2187 noster
1401 2141 1483 2204 (ut
1507 2138 1704 2203 opinor)
1729 2139 1801 2187 ni-

475 2221 546 2270 hil
567 2227 712 2285 putat
737 2235 840 2267 esse
865 2218 1158 2277 notandum,
1189 2218 1281 2267 nisi
1309 2227 1455 2281 post;
1494 2225 1545 2266 et
1579 2219 1802 2269 liminium

476 2300 617 2358 illud,
657 2297 1034 2363 productionem
1062 2313 1165 2345 esse
1190 2297 1327 2344 verbi
1361 2296 1487 2355 vult,
1524 2304 1581 2344 ut
1610 2297 1660 2344 in
1677 2299 1801 2361 fini-

478 2381 601 2435 limo,
654 2377 873 2440 legitimo,
915 2377 1147 2432 aeditimo,
1202 2391 1302 2422 non
1336 2374 1446 2439 plus
1482 2392 1586 2423 esse
1626 2377 1797 2433 timum,

477 2474 625 2523 quam
671 2457 722 2503 in
766 2455 1020 2503 meditullio
1063 2455 1254 2502 tullium.
1340 2454 1575 2502 Scaevola
1615 2462 1801 2515 autem,

480 2534 642 2584 Publii
686 2533 830 2592 filius,
863 2532 1096 2597 junctum
1146 2540 1291 2596 putat
1329 2549 1436 2580 esse
1473 2534 1698 2592 verbum,
1745 2542 1803 2582 ut

478 2615 542 2662 sit
565 2614 614 2661 in
641 2630 718 2670 eo,
755 2620 805 2660 et
832 2619 948 2675 post
978 2619 1029 2659 et
1063 2611 1232 2658 limen:
1270 2618 1327 2659 ut
1362 2628 1485 2675 quae
1521 2628 1549 2658 a
1582 2611 1723 2660 nobis
1753 2629 1800 2660 a-

475 2693 658 2741 lienata
682 2697 814 2749 sunt,
851 2706 964 2738 cum
989 2689 1052 2737 ad
1081 2688 1274 2738 hostem
1297 2689 1631 2754 pervenerint,
1664 2698 1714 2738 et
1738 2707 1801 2739 ex

473 2787 566 2818 ¹suo
587 2778 821 2834 tanquam
839 2768 1008 2817 limine
1033 2768 1264 2827 exierint,
1290 2768 1405 2816 dein
1426 2785 1538 2816 cum
1563 2768 1800 2818 redierint

477 2856 590 2914 post
623 2848 686 2897 acl
719 2848 852 2898 idem
886 2847 1056 2908 limen,
1096 2845 1397 2913 postliminio
1426 2847 1687 2897 videantur
1725 2863 1800 2895 re-
