2071 3508
488 396 708 436 LIBRUM
739 396 970 436 PRIMUM
998 396 1075 435 DE
1106 393 1386 440 ORATORE.
1516 405 1592 445 527

270 497 455 538 caderent
474 501 512 538 in
532 500 692 552 proelio,
713 506 946 538 testamento
967 500 1124 538 condito
1144 511 1412 556 morerentur3
1443 505 1518 544 hoe
1537 515 1596 545 est

267 564 306 602 in
319 567 532 618 procinctu,
552 571 808 604 testamentum
810 566 964 616 facere.
1021 565 1251 604 Pmncms.

336 633 434 671 Ibid.
463 633 528 671 lin.
562 635 621 673 17.
686 631 767 669 εἰπε
808 630 906 668 libra
950 637 1062 683 atque
1100 631 1275 683 tabulis]
1356 636 1475 674 Aliud
1514 647 1597 677 erat

266 699 487 738 testamenti
523 709 647 750 genus
676 712 746 750 per
773 697 940 736 familiae
973 699 1333 749 emancipationem,
1364 715 1441 753 quo
1469 713 1596 754 pater-

263 765 423 803 familias
469 766 695 817 imaginaria
729 765 953 804 venditione
987 769 1050 817 jus
1089 779 1202 805 omne
1235 780 1361 813 suum,
1401 782 1447 807 ae
1480 771 1596 820 bona,

265 832 520 871 transferebat
540 833 579 870 in
593 833 722 870 alium.
779 832 818 870 Is
836 846 951 885 porro
972 833 1066 871 ritus
1086 841 1191 872 erat:
1222 835 1404 887 Quinque
1418 838 1596 886 testibus,

263 910 310 936 ae
329 898 558 950 libripende,
592 900 874 952 praesentibus,
907 900 1060 939 futurus
1093 901 1206 940 heres
1239 902 1451 954 imaginarii
1482 906 1596 956 pretii

261 965 418 1004 nomine
453 979 653 1004 nummum
684 980 849 1005 aeneum
879 968 995 1005 dabat
1025 968 1301 1019 patrifamiliaS‚
1330 982 1376 1008 ae
1395 972 1597 1011 solennem

260 1033 467 1071 verborum
486 1033 690 1072 formulam
710 1035 1016 1085 pronunciabat:
1049 1036 1181 1087 Hujus
1197 1049 1264 1088 ego
1261 1036 1478 1087 finalium,
1499 1053 1596 1090 quae

260 1099 354 1138 mihi
371 1107 494 1153 empta
514 1107 569 1138 est
588 1101 655 1139 hoc
670 1114 772 1149 aere,
792 1115 981 1154 aeneaque
1001 1101 1111 1148 libra,
1119 1105 1217 1154 jure
1237 1103 1456 1152 Quiritium,
1475 1119 1594 1144 meam

260 1181 339 1206 esse
357 1168 432 1206 aio.
487 1168 643 1206 Deinde
662 1182 751 1207 aere
772 1170 993 1221 percutiens
1021 1169 1157 1207 libram
1185 1169 1280 1207 illud
1307 1183 1372 1209 aes
1392 1171 1508 1210 dabat
1527 1186 1593 1224 pa-

260 1233 487 1280 trifamilias,
514 1235 578 1287 qui
597 1242 680 1273 tum
701 1236 926 1274 hereditatis
955 1236 1158 1274 adeundae
1184 1238 1248 1287 jus
1267 1238 1432 1289 emptori
1452 1251 1594 1278 conce-

260 1301 389 1340 debat.
446 1302 498 1349 Is,
530 1310 674 1350 autem,
707 1303 771 1355 qui
805 1305 972 1350 emebat,
993 1305 1205 1342 vocabatur
1225 1312 1377 1356 emptor
1395 1306 1590 1347 familiae:

260 1380 384 1420 eaque
405 1374 636 1408 testamenta
654 1370 694 1407 in
714 1370 853 1408 tabulis
873 1371 1152 1408 scribebantur.
1209 1371 1444 1411 PRUSTEUS.

317 1435 412 1486 Pag.
441 1438 504 1477 79.
534 1436 599 1474 lin.
630 1439 665 1475 8.
732 1436 874 1481 Quibus
904 1437 1025 1475 verbis
1057 1438 1212 1476 coemtio
1230 1439 1350 1489 firm]
1414 1440 1598 1480 Co'e'mtio

260 1501 334 1540 fuit
366 1502 530 1541 formula
561 1503 749 1554 quaedam
770 1503 1001 1542 matrimonii
1032 1504 1301 1552 contrahendi,
1332 1519 1408 1558 qua
1440 1508 1593 1555 mulier,

262 1569 384 1622 (teste
406 1569 602 1623 Varrone)
627 1583 750 1608 assem
770 1584 902 1616 unum,
920 1577 1102 1621 tanquam
1123 1571 1277 1609 emendi
1298 1585 1426 1619 causa,
1453 1575 1597 1614 marito

259 1637 351 1675 dare
384 1637 547 1683 solebat,
589 1637 796 1688 verbisque
831 1638 1059 1688 quibusdam
1090 1637 1311 1676 solennibus
1350 1641 1419 1687 uti,
1458 1642 1591 1694 quibus

257 1704 661 1755 eoiinztz'onemftrerz't.
719 1704 806 1741 ΡΕΑ
815 1715 951 1742 aelus.

313 1770 411 1808 Ibid.
440 1771 505 1809 lin.
531 1773 592 1809 12.
651 1776 790 1809 erctum
822 1771 951 1821 cieri]
1013 1771 1174 1819 Ercisci,
1202 1772 1280 1810 sive
1308 1772 1477 1822 hercisci,
1505 1787 1590 1814 ver-

257 1838 350 1876 bum
383 1844 507 1884 vetus,
542 1837 732 1889 signifieat
765 1838 960 1876 dividere.-
991 1838 1270 1877 herciscundae
1295 1839 1460 1880 familiae
1486 1843 1591 1893 judi-

258 1904 362 1942 cium
382 1904 476 1942 illud
496 1911 567 1950 est,
599 1904 703 1955 quod
722 1904 764 1941 fit
784 1904 822 1941 in
843 1904 911 1950 rei,
942 1904 1001 1942 vel
1021 1906 1210 1956 pecuniae
1235 1906 1503 1955 hereditariae,
1534 1909 1590 1947 di-

258 1971 420 2009 visione.
479 1971 656 2017 Eretum,
689 1978 733 2008 ut
763 1971 816 2008 ait
848 1971 1040 2017 Donatus,
1078 1972 1217 2010 citatus
1249 1986 1271 2011 a
1303 1974 1436 2012 Servio
1456 1975 1494 2012 in
1515 1975 1590 2013 ΙΙΙ.

260 2040 445 2076 ΛΕΝΕῙΒ.
461 2038 718 2076 hereditatem
739 2038 943 2090 signifieat,
965 2047 1005 2077 et
1025 2039 1145 2077 citum
1166 2039 1403 2079 divisionem.
1460 2042 1590 2082 PRUS-

260 2118 377 2144 TEUS.

315 2173 408 2224 Pag.
430 2174 494 2210 82.
524 2172 589 2209 lin.
623 2174 686 2210 16.
753 2171 836 2210 U'r1
873 2183 1037 2210 LINGUA
1072 2177 1414 2226 NUNCUPASSET]
1476 2176 1589 2217 Haec

258 2248 369 2279 erant
397 2246 589 2290 concepta
612 2239 729 2276 verba
751 2238 959 2276 duodecim
990 2240 1233 2288 tabularum3
1266 2242 1331 2280 Uti
1345 2241 1476 2295 lingua
1492 2257 1588 2282 mm·

258 2313 425 2361 cupasset
448 2307 501 2345 ita
519 2309 591 2355 jus
611 2311 700 2343 esto.
761 2305 882 2356 Cujus
900 2306 1088 2345 formulae
1108 2315 1149 2346 et
1169 2308 1346 2346 carminis
1367 2322 1413 2347 ea
1431 2317 1588 2348 senten-

258 2376 312 2414 tia
341 2382 413 2421 est,
443 2374 480 2410 in
502 2372 668 2411 dicendo
698 2374 786 2423 jure
809 2385 855 2410 ae
875 2374 1080 2412 statuendo
1110 2374 1327 2413 habendam
1347 2389 1430 2414 esse
1450 2378 1591 2416 verbo.

259 2456 344 2481 rum
365 2449 404 2480 et
423 2441 555 2491 scripti
576 2440 778 2486 rationem,
798 2447 838 2478 et
857 2440 911 2478 ita
927 2441 1194 2491 judicandum,
1214 2456 1247 2480 v.
1262 2457 1303 2495 g.
1324 2442 1372 2480 de
1392 2443 1588 2494 pactione,

259 2508 520 2560 stipulatione,
541 2505 776 2552 venditione,
807 2505 863 2543 uti
882 2519 929 2544 ea
947 2507 1075 2557 pactio
1096 2514 1136 2545 et
1150 2508 1321 2546 venditio
1341 2510 1465 2547 verbis
1495 2523 1588 2548 con-

259 2582 374 2627 cepta
403 2574 532 2619 fuerit,
568 2586 637 2612 seu
669 2574 726 2611 uti
760 2573 891 2624 lingua
921 2573 1170 2612 vendentium
1204 2582 1244 2613 et
1275 2577 1588 2616 contrahentium

259 2641 556 2692 nuncupaverit,
585 2654 654 2678 seu
674 2640 992 2692 pronuntiaverit.
1048 2641 1172 2679 Imm.

314 2708 407 2759 Pag.
429 2711 493 2746 85.
522 2707 587 2744 lin.
608 2712 643 2746 9.
694 2720 877 2759 paeanem
912 2713 977 2745 aut
1011 2708 1257 2758 munionem]
1321 2708 1366 2746 In
1396 2710 1471 2748 hoe
1500 2710 1587 2749 loeo

258 2775 418 2814 haesere
439 2787 571 2812 omnes
587 2774 827 2826 interpretes.
885 2773 1008 2811 Nobis
1027 2775 1194 2813 maxime
1214 2775 1343 2826 placet
1363 2778 1589 2828 conjectura

258 2855 406 2889 eorum,
441 2842 505 2893 qui
540 2842 670 2894 legere
697 2842 843 2886 volunt,
870 2854 1054 2894 Paeanem
1074 2848 1141 2881 aut
1162 2842 1380 2882 nomionem.
1437 2844 1588 2897 Nempe
