2071 3508
293 1707 398 1768 30.

406 422 487 462 468
906 415 1242 458 ORATORIAE

412 529 467 578 in
505 528 692 590 verb03
740 526 935 587 tertiuS,
971 526 1107 591 quod
1146 525 1201 575 id
1240 532 1377 576 recte
1417 523 1609 574 factum
1646 539 1753 573 esse

415 608 673 668 defendat,
713 607 848 673 quod
885 607 990 656 sine
1026 607 1128 656 ulla
1167 606 1380 656 nominis
1421 603 1757 655 controversia

417 687 608 737 factum
631 686 833 736 fatetur.
926 685 1128 735 Deinde
1162 685 1433 751 unicuique
1468 682 1647 732 rationi
1671 699 1756 746 op-

419 766 708 833 ponendum
747 773 840 825 est,
875 766 937 813 ab
979 772 1268 814 accusatore
1305 764 1376 824 id,
1413 763 1547 829 quod
1581 763 1621 810 si
1657 777 1759 810 non

421 854 553 896 esset
591 846 644 894 in
684 844 1020 904 accusatione,
1079 861 1227 892 causa
1266 844 1469 892 omnino
1511 859 1616 892 esse
1657 857 1760 889 non

422 933 604 992 posset.
676 925 853 989 Itaque
888 941 965 983 ea,
1001 940 1127 989 quae
1164 924 1234 972 sic
1267 924 1566 980 reseruntur,
1605 921 1762 970 conti-

423 1004 595 1053 nentia
631 1019 889 1052 causarum
925 1010 1199 1052 vocentur:
1250 1018 1532 1067 quanquam
1566 1016 1665 1049 non
1704 1016 1764 1048 ea

424 1083 601 1147 magis,
626 1098 752 1146 quae
778 1089 953 1130 contra
969 1081 1213 1129 rationem
1229 1079 1531 1129 defensionis
1556 1079 1765 1128 afferun-

426 1169 526 1221 tur,
563 1177 710 1225 quam
734 1160 869 1224 ipsae
908 1159 1209 1208 defensionis
1233 1158 1468 1218 rationes,
1505 1158 1768 1206 continent

428 1256 615 1290 causas.
670 1239 770 1288 Sed
788 1239 1128 1305 distinguendi
1152 1239 1312 1304 gratia
1335 1238 1579 1287 rationem
1603 1233 1769 1301 appel-

414 1320 586 1377 ,lamus
610 1335 739 1378 eam,
777 1334 903 1382 quae
945 1318 1146 1367 affertur
1169 1335 1199 1366 a
1222 1334 1307 1366 reo
1332 1317 1396 1366 ad
1419 1315 1770 1373 recusandum,

431 1397 713 1464 depeHendi
738 1397 957 1446 criminis
993 1414 1171 1458 causa3
1211 1414 1337 1462 quae
1361 1396 1455 1444 nisi
1481 1402 1624 1451 esset,
1651 1391 1773 1458 quid

432 1476 744 1535 defenderet,
780 1491 881 1523 non
904 1475 1145 1524 haberet:
1182 1474 1547 1524 firmamentum
1584 1480 1772 1531 autem,

432 1556 568 1621 quod
604 1563 780 1604 contra
818 1555 882 1603 ad
921 1554 1320 1604 labefactandam
1356 1555 1599 1603 rationem
1623 1551 1773 1602 refer-

432 1644 530 1693 tur,
569 1636 674 1684 sine
698 1652 797 1699 quo
821 1635 1072 1684 accusatio
1097 1642 1225 1684 stare
1250 1651 1352 1684 non
1375 1642 1557 1700 potest.

502 1715 582 1763 Ex
604 1715 808 1763 rationis
843 1722 1029 1774 autem,
1065 1723 1118 1764 et
1153 1731 1216 1763 ex
1250 1713 1548 1762 firmamenti
1574 1711 1775 1762 conflic-

433 1794 572 1842 tione
597 1800 648 1842 et
672 1793 810 1857 quasi
835 1810 1099 1853 concursu,
1135 1793 1359 1858 quaestio
1384 1793 1604 1842 exoritur
1629 1807 1777 1856 quae-

437 1873 571 1931 dam,
608 1888 755 1936 quam
793 1871 1206 1936 disceptationem
1231 1889 1388 1920 voco:
1423 1872 1474 1919 in
1508 1888 1624 1935 qua,
1657 1869 1778 1934 quid

436 1951 606 2000 veniat
627 1951 680 1998 in
695 1950 960 2015 judicium,
988 1959 1040 2000 et
1064 1951 1126 2000 de
1147 1968 1245 2017 quo
1265 1952 1591 2017 disceptetur,
1610 1949 1781 2015 quaeri

438 2029 582 2079 solet.
651 2030 784 2078 Nam
806 2030 966 2094 prima
989 2030 1381 2079 adversariorum
1407 2029 1664 2080 contentio
1689 2027 1782 2077 dif-

438 2109 602 2158 fusam
623 2109 777 2158 habet
800 2110 1159 2174 quaestionem,
1183 2120 1241 2159 ut
1263 2111 1316 2159 in
1341 2110 1648 2176 conjectura,
1690 2108 1784 2158 Ce-

441 2189 637 2254 peritne
671 2189 908 2253 pecunias
941 2190 1161 2245 Decius:
1200 2190 1253 2238 in
1278 2190 1587 2249 definitione,
1613 2189 1784 2238 Minu-

443 2267 604 2316 eritne
628 2266 937 2331 majestatem
962 2267 1261 2317 Norbanus:
1311 2269 1362 2316 in
1393 2269 1659 2334 aequitate,
1696 2267 1785 2317 Ju-

445 2361 566 2394 rene
585 2346 826 2394 occiderit
841 2345 1071 2411 Opimius
1095 2347 1402 2396 Gracchum.
1475 2348 1636 2404 Haec,
1657 2363 1785 2411 quae

446 2424 657 2489 primam
698 2424 1073 2474 contentionem
1114 2426 1301 2475 habent
1336 2443 1400 2476 ex
1435 2426 1693 2492 arguendo
1734 2433 1787 2476 et

447 2503 743 2564 resistendo,
765 2504 884 2565 lata,
918 2512 977 2554 ut
1011 2505 1142 2565 dixi,
1176 2514 1228 2556 et
1252 2506 1459 2555 confusa
1483 2515 1614 2556 sunt.
1687 2505 1787 2555 Ra.-

415 2646 419 2649 .
450 2583 644 2633 tionum
680 2591 732 2633 et
769 2584 1192 2635 firmamentorum
1216 2587 1474 2636 contentio
1497 2585 1706 2635 adducit
1734 2585 1788 2634 in

451 2671 718 2727 angustum
760 2664 1190 2730 disceptationem.
1282 2666 1357 2714 Ea
1402 2665 1454 2714 in
1501 2664 1790 2730 conjectura

452 2741 589 2791 nulla
627 2750 718 2792 est.
787 2744 952 2793 Nemo
993 2744 1127 2793 enim
1168 2744 1292 2810 ejus,
1330 2744 1466 2810 quod
1502 2751 1657 2810 negat
1689 2742 1792 2792 fac-

452 2826 577 2878 tum,
613 2822 858 2872 rationem
895 2831 982 2873 aut
1016 2832 1200 2889 potest,
1235 2831 1323 2874 aut
1345 2825 1511 2882 debet,
1554 2832 1641 2873 aut
1663 2814 1790 2872 solet

454 2898 680 2951 reddere.
752 2902 930 2968 Itaque
970 2903 1023 2952 in
1062 2902 1138 2952 his
1175 2903 1336 2954 causis
1360 2904 1535 2954 eadem
1559 2910 1612 2955 et
1633 2901 1791 2968 prima
