2071 3508
453 414 673 454 LIBRUM
704 415 934 455 PRIMUM
963 415 1040 454 DE
1070 417 1351 457 ORATORE.
1481 425 1559 463 5⁶23

233 528 410 571 tempore
430 532 511 557 rem
541 519 579 556 in
605 519 795 570 judicium
828 519 1066 565 deduxisset,
1100 529 1141 558 et
1171 522 1322 560 actione
1344 524 1560 576 cecidisset,

233 599 309 625 nec
329 593 463 638 postea
481 597 597 636 agere
616 592 758 636 posset.
817 585 895 622 Sed
911 585 974 623 illa
992 587 1176 625 severitas
1190 588 1287 637 juris
1306 600 1329 624 a
1343 588 1560 629 ,Iustiniano

233 653 380 692 mollita
399 659 470 690 est.
526 651 650 689 lomi.

290 719 383 770 Pag.
413 721 476 757 54.
505 717 570 754 lin.
602 719 665 755 28.
722 717 761 755 in
791 717 914 756 causis
945 719 1312 772 centumviralibus]
1374 724 1560 761 Centum-

232 787 302 824 viri
321 792 431 824 erant
449 784 616 822 minores
644 784 796 835 judices
827 785 931 837 apud
953 786 1148 825 Romanos
1167 800 1189 825 e
1208 788 1368 840 singulis
1388 791 1561 829 tribubus

231 852 336 897 lecti,
357 851 405 890 ad
425 852 672 891 excercenda
691 852 837 903 privata
857 852 905 891 de
926 854 1051 892 causis
1079 855 1249 902 minoris,
1279 865 1321 895 ut
1340 857 1564 908 plurimum,

230 921 415 959 momenti
430 920 589 972 judicia.
647 921 768 960 Porro
788 930 898 960 erant
919 923 970 960 illi
987 931 1144 961 centum
1166 925 1349 976 quinque,
1370 925 1470 962 terni
1490 925 1563 963 sci-

228 988 321 1026 licet
340 1001 392 1026 ex
412 1001 642 1039 unaquaque
675 989 799 1031 tribu;
829 990 950 1027 tribus
969 997 1100 1028 autem
1129 999 1241 1029 erant
1274 991 1433 1042 triginta
1452 993 1563 1043 quin-

228 1068 329 1107 que:
371 1062 558 1101 attamen,
589 1068 666 1106 quo
698 1055 848 1094 facilius
878 1057 1183 1103 nominarentur,
1213 1059 1443 1097 centumviri
1471 1067 1562 1098 sunt

226 1122 421 1174 appellati.
479 1122 552 1159 His
576 1122 821 1173 praesidebat
840 1131 1008 1174 praetor,
1043 1132 1086 1161 ut
1115 1124 1330 1175 colligimus
1357 1138 1407 1163 ex
1438 1125 1562 1164 Plinio

226 1189 395 1240 juniore,
425 1201 476 1226 ex
506 1201 583 1238 quo
602 1188 719 1226 etiam
739 1188 988 1239 intelligimus
1009 1190 1338 1229 centumvirorum
1358 1205 1562 1233 numerum

229 1255 280 1293 ad
301 1261 457 1293 centum
472 1254 674 1306 octoginta
692 1255 923 1293 excrevisse.
983 1256 1223 1295 Pnusnzus.

282 1321 381 1360 Ibid.
409 1321 476 1358 lin.
502 1323 566 1360 29.
623 1321 927 1374 usneapionum]
991 1322 1202 1374 Usucapio,
1236 1323 1316 1362 sive
1346 1326 1564 1377 ususcapiO,

227 1397 289 1428 est
312 1390 377 1440 jus
402 1386 623 1439 possidendi
654 1395 694 1426 et
727 1387 906 1439 capiendi
936 1401 1018 1427 rem
1049 1389 1230 1441 aliquam,
1267 1391 1357 1442 quia
1388 1405 1478 1430 usus
1498 1393 1563 1432 illa

225 1456 333 1495 fuisti
363 1469 434 1507 per
464 1462 616 1493 certum
648 1462 800 1507 tempus
829 1455 916 1507 lege
946 1456 1214 1504 constitutum,
1249 1470 1412 1510 eamque
1432 1473 1563 1511 posse·

224 1524 328 1568 disti.
384 1522 510 1560 IDEM.

282 1589 382 1628 Ibid.
437 1587 680 1638 tutelarum]
735 1588 875 1627 Tutela
893 1601 917 1626 a
939 1588 1072 1628 Servio
1095 1589 1259 1642 Sulpitio
1280 1591 1476 1641 definitur,
1506 1595 1563 1634 vis

224 1670 272 1696 ac
302 1663 473 1709 potestas
506 1656 547 1693 in
578 1656 704 1707 capite
735 1656 856 1694 libero
889 1655 939 1694 ad
959 1655 1248 1695 defendendum
1268 1672 1372 1706 eum,
1408 1661 1473 1711 qui
1492 1674 1563 1712 per

222 1731 393 1763 aetatem
412 1723 581 1775 seipsum
600 1722 811 1762 defendere
831 1722 979 1774 nequit,
995 1724 1083 1776 jure
1105 1724 1206 1763 civili
1225 1724 1317 1764 data
1335 1739 1382 1765 ac
1400 1728 1562 1779 permis-

222 1803 277 1829 sa.
335 1790 461 1827 lnam.

276 1855 376 1895 Ibid.
405 1855 470 1893 lin.
492 1859 555 1894 30.
606 1854 904 1907 gentilitatum.]
960 1855 1168 1894 Gentilitas
1187 1865 1248 1896 est
1266 1859 1363 1899 ordo
1383 1867 1424 1899 et
1442 1861 1561 1903 series

220 1922 437 1969 hominum,
458 1921 523 1972 qui
543 1927 634 1958 sunt
653 1933 705 1958 ex
726 1920 864 1958 eadem
882 1920 1040 1968 familia,
1061 1922 1205 1973 quique
1228 1923 1278 1962 ob
1299 1937 1385 1963 eam
1405 1938 1560 1971 causam

218 1990 308 2040 jura
321 1987 512 2039 quaedam
531 1987 677 2025 habent
696 1987 768 2025 sibi
786 1987 963 2038 propria;
992 2002 1026 2026 v.
1036 2002 1079 2041 g.
1100 1989 1327 2030 hereditatis
1342 1992 1559 2042 adeundae,

221 2054 490 2107 suscipiendae
510 2053 670 2100 tutelae,
697 2057 768 2092 διε.
827 2054 941 2093 Haec
966 2062 1098 2093 autem
1113 2057 1203 2107 Jura
1220 2070 1298 2096 non
1319 2060 1563 2110 obtinebant,

222 2135 351 2174 neque
371 2121 589 2173 gentilitate
608 2121 844 2173 gaudebant,
865 2121 978 2169 servi,
997 2121 1140 2170 liberti,
1159 2123 1341 2172 libertini,
1370 2134 1413 2166 et
1431 2128 1560 2180 capite

222 2190 414 2230 diminuti.
474 2189 552 2228 Cic.
570 2189 611 2227 in
636 2189 799 2242 Topicis.
855 2189 981 2229 IDEM.

278 2257 378 2295 Ibid.
434 2256 718 2310 agnationum]
782 2257 930 2309 Agnati
967 2257 1084 2296 virilis
1119 2260 1236 2298 sexus
1267 2261 1558 2314 propinquitate

218 2325 346 2378 juncti
366 2332 470 2371 sunt,
492 2324 643 2376 quibus,
663 2331 707 2362 ut
726 2324 950 2376 gentilibus,
969 2325 1125 2378 propria
1138 2328 1227 2378 jura
1245 2335 1347 2366 sunt.
1403 2329 1531 2370 IDEM.

278 2392 378 2430 Ibid.
433 2391 678 2438 alluvionum,
697 2391 1066 2444 circumluvionum]
1129 2394 1255 2434 Alluit
1273 2395 1475 2447 praedium
1494 2398 1556 2437 vel

222 2471 359 2512 agrum
390 2458 540 2504 fluvius,
575 2459 731 2511 quando
763 2469 919 2510 praeter
947 2460 1054 2498 illum
1079 2461 1131 2500 it:
1161 2462 1382 2501 circumluit
1401 2465 1558 2515 quando

219 2533 362 2574 totum,
382 2526 502 2563 instar
520 2524 668 2564 insulae
683 2526 817 2577 cingit.
874 2525 1040 2572 Alluvio,
1071 2528 1198 2579 inquit
1219 2529 1475 2578 Justinianus,
1503 2540 1559 2571 est

221 2593 489 2631 incrementum
509 2591 645 2631 latens.
699 2593 782 2630 Per
805 2591 1031 2632 alluvionem
1057 2600 1180 2633 autem
1200 2595 1244 2634 id
1260 2597 1409 2635 videmr
1426 2598 1558 2651 adjici,

222 2660 324 2712 quod
340 2660 396 2698 ita
409 2658 600 2712 paulatim
622 2659 817 2712 adjicitur,
838 2666 879 2698 ut
898 2659 1110 2714 intelligere
1129 2676 1203 2702 non
1215 2665 1355 2716 possis,
1375 2672 1557 2718 quantum

221 2740 370 2779 quoquo
388 2733 571 2766 momento
600 2726 777 2780 temporis
804 2727 1023 2779 adjiciatur.
1081 2728 1144 2767 Ex
1173 2730 1379 2778 alluvione,
1411 2739 1556 2780 autem,

219 2794 349 2834 variae
368 2795 653 2834 controversiae
680 2802 904 2842 nascuntur,
934 2809 968 2834 v.
982 2810 1025 2849 g.
1052 2796 1084 2835 si
1103 2797 1159 2836 vis
1183 2798 1351 2837 fluminis
1376 2798 1426 2838 de
1443 2812 1558 2852 prae-

218 2860 283 2900 dio
298 2869 367 2901 tuo
386 2869 537 2915 partem
556 2862 724 2915 aliquam
743 2861 970 2909 detraxerit,
992 2870 1032 2902 et
1050 2863 1165 2904 vicini
1184 2865 1344 2918 praedio
1369 2866 1555 2919 adjunxe-
