2071 3508
196 827 305 887 96.

344 408 423 446 428
854 404 931 443 DE
961 403 1163 444 CLARIS

344 516 529 564 vestitu
572 515 657 563 illo
698 514 948 571 orationis,
993 530 1091 578 quo
1133 520 1477 571 consueverat,
1513 519 1688 560 ornata

345 613 446 644 non
472 604 591 645 erat.
665 595 781 644 Hoc
805 595 895 643 tibi
932 593 1032 653 ille,
1071 594 1244 652 Brute,
1281 593 1443 640 minus
1478 591 1685 640 fortasse

342 675 550 740 placuit,
604 692 750 740 quam
798 674 1082 739 placuisset,
1135 673 1175 721 si
1215 672 1354 720 illum
1390 672 1684 736 flagrantem

344 755 508 804 studio
534 763 584 803 et
608 754 868 802 florentem
892 753 1132 801 facultate
1157 751 1327 800 audire
1351 752 1610 817 potuisses.

410 834 542 881 Tum
586 835 784 890 Brutus,
824 833 933 897 Ego
957 849 1093 891 vero,
1129 831 1308 895 inquit,
1334 839 1385 879 et
1410 831 1520 889 ista,
1557 845 1683 894 quae

342 914 484 972 dicis,
511 913 655 962 video
681 912 844 978 qualia
867 912 983 971 sint,
1015 919 1065 960 et
1093 911 1420 959 Hortensium
1446 925 1684 974 magnum

339 1002 596 1058 oratorem!
631 1009 825 1056 semper
869 991 1060 1056 putavi,
1113 991 1428 1054 maximeque
1474 989 1679 1055 probavi

340 1089 429 1137 pro
471 1071 706 1120 Messalla
748 1072 1020 1130 dicentem,
1063 1087 1177 1119 cum
1219 1079 1275 1119 tu
1314 1069 1531 1118 abfuisti.
1603 1069 1684 1119 Sic

340 1152 523 1208 ferunt,
565 1152 786 1216 inquam,
829 1151 980 1216 idque
1019 1149 1240 1198 declarat
1279 1150 1510 1208 totidem,
1564 1156 1686 1214 quot

342 1232 469 1280 dixit
526 1235 608 1296 (ut
649 1231 812 1292 aiunt)
861 1230 1044 1294 scripta
1084 1228 1246 1277 verbis
1289 1228 1460 1277 oratio.
1549 1228 1685 1293 Ergo

339 1312 422 1360 ille
448 1329 476 1360 a
501 1312 678 1360 Crasso
715 1309 919 1359 consule
945 1318 996 1358 et
1032 1308 1268 1359 Scaevola
1292 1325 1447 1373 usque
1472 1307 1536 1356 ad
1561 1307 1686 1356 Pau-

339 1389 444 1439 lum
481 1399 532 1439 et
570 1390 869 1440 Marcellum
907 1389 1136 1439 consules
1172 1388 1370 1437 floruit:
1415 1404 1505 1436 nos
1528 1388 1580 1436 in
1605 1405 1686 1437 eo-

284 1462 288 1464 *
341 1470 456 1519 dem
500 1487 646 1519 cursu
683 1470 867 1518 fuimus
905 1486 933 1517 a
959 1469 1091 1535 Sylla
1127 1469 1370 1517 dictatore
1395 1467 1459 1516 ad
1484 1467 1685 1517 eosdem

340 1552 445 1599 fere
483 1549 725 1599 consules.
797 1550 878 1598 Sic
924 1549 986 1607 Q.
1030 1549 1289 1598 Hortensii
1326 1565 1424 1597 vox
1461 1549 1686 1598 extincta

340 1630 444 1678 fato
487 1649 575 1679 suo
618 1639 711 1691 est,
747 1638 915 1679 nostra
948 1629 1166 1695 publico.
1241 1629 1441 1686 Melius,
1481 1645 1683 1694 quaeso,

341 1711 581 1770 ominare,
632 1711 792 1775 inquit
842 1711 1039 1759 Brutus.
1129 1710 1203 1758 Sit
1239 1726 1354 1758 sane
1391 1717 1447 1757 ut
1482 1709 1572 1767 vis,
1610 1708 1683 1756 in-

341 1807 522 1854 quam3
571 1798 621 1839 et
662 1791 713 1838 id
756 1806 857 1838 non
895 1798 996 1838 tam
1040 1806 1150 1838 mea
1176 1806 1341 1848 causa,
1378 1804 1523 1853 quam
1560 1795 1680 1836 tua:

340 1868 428 1916 sed
469 1867 752 1916 fortunatus
789 1867 919 1916 illius
959 1867 1140 1926 exitus,
1190 1867 1275 1931 qui
1317 1884 1375 1915 ea
1415 1883 1516 1914 non
1556 1866 1684 1915 vidit

341 1963 455 1994 cum
481 1947 670 2003 fierent,
710 1965 836 2012 quae
872 1947 1091 2012 providit
1114 1945 1296 1995 futura.
1369 1945 1524 2011 Saepe
1550 1946 1683 1994 enim

337 2026 468 2074 inter
510 2043 598 2074 nos
641 2027 988 2091 impendentes
1026 2043 1167 2074 casus
1204 2026 1512 2084 deflevimus,
1566 2042 1681 2074 cum

337 2105 454 2154 belli
493 2105 650 2153 civilis
693 2123 863 2154 causas
905 2107 954 2152 in
991 2106 1297 2170 privatorum
1324 2105 1680 2169 cupiditatibus

336 2184 564 2241 inclusas,
603 2186 738 2249 pacis
764 2202 901 2249 spem
938 2203 965 2232 a
990 2186 1192 2250 publico
1232 2184 1439 2232 consilio
1465 2201 1569 2234 esse
1595 2203 1679 2234 ex-

338 2263 523 2311 clusam
566 2264 862 2311 videremus.
936 2263 1034 2311 Sed
1069 2263 1206 2310 illum
1244 2263 1442 2311 videtur
1466 2263 1679 2314 felicitas

335 2342 506 2407 ipsius,
526 2359 622 2406 qua
647 2358 840 2405 semper
866 2350 939 2389 est
963 2359 1095 2398 usus,
1124 2343 1184 2389 ab
1210 2342 1280 2390 eis
1305 2343 1527 2400 miseriis,
1549 2361 1677 2408 quae

337 2431 635 2469 consecutae
678 2429 810 2479 sunt,
848 2428 1005 2468 morte
1047 2421 1390 2470 vindicavisse.
1463 2423 1569 2471 Nos
1593 2440 1676 2471 au-

335 2509 453 2558 tem,
495 2501 667 2559 Brute,
693 2501 923 2565 quoniam
950 2508 1062 2565 post
1101 2501 1377 2560 Hortensii,
1420 2502 1675 2551 clarissimi

337 2581 556 2637 oratoris,
580 2589 809 2638 mortem,
830 2581 977 2628 orbae
995 2580 1307 2645 eloquentiae
1324 2583 1461 2645 quasi
1486 2589 1677 2632 tutores

336 2659 496 2708 relicti
522 2676 703 2716 sumus,
749 2659 881 2707 domi
908 2669 1164 2708 teneamus
1190 2678 1298 2709 eam
1341 2670 1530 2726 septam
1555 2661 1674 2712 libe-

334 2738 422 2786 rali
449 2739 706 2787 custodia:
752 2748 803 2787 et
827 2740 916 2788 hos
942 2740 1137 2804 ignotos
1173 2749 1322 2805 atque
1358 2741 1674 2806 impudentes

334 2834 510 2882 procos
535 2819 870 2884 repudiemus,
885 2828 1228 2886 tueamurque,
1255 2829 1312 2869 ut
1335 2821 1555 2870 adultam
1579 2821 1673 2870 vir-

335 2897 518 2961 ginem,
547 2906 700 2958 caste,
725 2906 778 2948 et
801 2900 861 2947 ab
887 2907 1164 2950 amatorum
1188 2901 1398 2967 impetu,
1430 2908 1671 2966 quantum
