2071 3508
666 408 834 446 LIBER
851 407 948 444 SEC
957 407 1168 447 UNDUS.·
1515 415 1588 451 181

260 533 360 566 non
384 510 491 567 foro
515 516 684 580 digna,
709 515 796 563 sed
815 515 898 562 vix
919 516 1146 564 convivio
1169 516 1451 565 liberorum.
1489 519 1591 568 Dc-

258 597 427 645 tractis
451 594 602 659 igitur
625 601 701 641 tot
723 594 870 641 rebus
907 611 969 641 ex
1004 593 1100 642 hoc
1132 595 1345 642 oratorio
1368 595 1499 654 loco,
1523 597 1592 645 fa-

259 675 415 722 cetiae
439 672 656 736 reliquae
682 680 815 731 sunt,
852 689 977 736 quae
1013 683 1100 721 aut
1122 673 1173 720 in
1198 690 1250 721 re
1276 677 1358 738 (ut
1380 682 1496 722 ante
1522 676 1592 722 di-

254 752 368 812 visi)
391 752 581 816 positae
606 751 840 799 videntur
872 768 996 811 esse,
1034 751 1194 800 autin
1219 753 1385 800 verbo.
1457 751 1589 800 Nam

252 830 400 894 quod,
429 830 825 894 quibuscumque
849 831 1012 879 verbis
1037 830 1239 889 dixeris,
1271 830 1491 880 facetum
1517 840 1589 880 ta-

250 925 365 957 men
391 917 484 968 est,
509 926 561 957 re
588 909 905 958 continetur:
946 909 1080 974 quod
1103 910 1305 961 mutatis
1330 911 1490 960 verbis
1516 927 1587 959 sa-

246 989 345 1039 lem
370 991 572 1050 amittit,
590 991 641 1037 in
665 991 826 1040 verbis
851 990 1001 1040 habet
1024 991 1243 1056 leporem
1268 1008 1482 1040 omnem.

316 1070 570 1134 Ambigua
606 1078 722 1118 sunt
743 1071 795 1118 in
818 1071 988 1135 primis
1029 1080 1193 1130 acuta,
1229 1079 1377 1135 atque
1402 1071 1453 1117 in
1477 1087 1583 1119 ver·
1615 1080 1728 1121 253.

246 1150 312 1198 bo
334 1150 512 1214 posita,
537 1166 637 1197 non
661 1150 712 1196 in
737 1167 790 1199 re
812 1168 823 1197 :
863 1150 949 1198 sed
968 1167 1067 1199 non
1094 1168 1238 1215 saepe
1261 1167 1498 1215 magnum
1522 1151 1583 1198 ri-

249 1245 356 1277 sum
398 1236 632 1277 movent:
671 1229 827 1293 magis
868 1237 925 1277 ut
960 1229 1088 1277 belle
1132 1238 1182 1277 et
1215 1229 1410 1278 literate
1448 1230 1583 1279 dicta

245 1307 543 1356 laudantur:
582 1316 638 1356 ut
660 1307 783 1355 illud
807 1308 858 1355 in
884 1308 1092 1368 Titium,
1114 1309 1195 1373 qui
1222 1326 1336 1357 cum
1361 1310 1580 1358 studiose

243 1386 344 1451 pila
366 1386 579 1446 luderet,
615 1395 666 1435 et
690 1387 822 1435 idern
847 1388 988 1452 signa
1011 1404 1148 1436 sacra
1172 1396 1325 1436 noctu
1348 1387 1580 1452 frangere
1608 1396 1617 1465 ς

240 1474 513 1530 putaretur,
540 1466 883 1531 gregalesque,
903 1483 1017 1514 cum
1042 1467 1093 1513 in
1119 1483 1348 1531 campum
1373 1483 1473 1514 non
1497 1484 1580 1515 ve·
1604 1504 1610 1512 ..

238 1545 406 1602 nisset,
444 1546 769 1609 requirerent,
808 1546 1065 1594 excusavit
1100 1546 1267 1610 Vespa
1291 1546 1578 1607 Terentius,

238 1624 374 1687 quod
409 1641 522 1673 e-um
559 1625 816 1673 brachium
839 1625 1044 1690 fregisse
1082 1625 1286 1674 diceret.
1357 1625 1430 1674 Ut
1452 1625 1577 1676 illud

239 1702 484 1763 Africani,
510 1705 644 1769 quod
669 1713 743 1753 est
767 1705 899 1770 apud
920 1705 1189 1764 Lucilium,

293 1795 406 1841 Quid,
427 1796 570 1834 Decius
586 1797 607 1833 ,9
636 1796 827 1835 Nuculam
847 1811 896 1835 an
917 1797 1101 1848 corfixum
1121 1797 1352 1848 visfacere?
1380 1796 1517 1849 inquit.

237 1862 308 1911 Ut
333 1872 448 1911 tuus
474 1865 679 1923 amicus,
718 1864 910 1923 Crasse,
937 1864 1172 1923 Granius,
1209 1881 1309 1912 non
1335 1880 1439 1912 esse
1464 1880 1570 1912 sex-

234 1943 400 1990 tantis.
473 1943 538 1990 Et
564 1943 628 2007 (si
653 1943 911 2006 quaeritis)
932 1943 971 1990 is
996 1943 1081 2008 qui
1105 1943 1380 2007 appellatur
1404 1943 1569 2002 dicax,
1602 1955 1716 1999 254.

234 2020 330 2069 hoc
371 2038 554 2085 genere
591 2022 806 2070 maxime
832 2022 1034 2070 excellit
1056 2040 1066 2070 ε
1107 2022 1194 2070 sed
1218 2022 1341 2070 risus
1367 2030 1571 2070 movent

232 2099 326 2147 alia
349 2099 572 2164 majores.
647 2100 956 2163 Ambiguum
981 2117 1069 2164 per
1093 2099 1308 2164 seipsum
1332 2101 1570 2164 probatur

229 2179 281 2226 id
306 2179 507 2243 quidem
533 2182 614 2243 (ut
638 2187 753 2226 ante
780 2178 908 2238 dixi)
933 2178 1013 2226 vel
1037 2179 1250 2226 maxime
1273 2197 1284 2225 ε
1323 2179 1569 2243 ingeniosi

230 2254 362 2306 enim
386 2257 600 2316 videtur,
642 2257 741 2304 vim
780 2256 916 2304 verbi
941 2257 991 2303 in
1017 2255 1169 2316 aliud,
1207 2266 1356 2321 atque
1382 2260 1567 2307 caeteri

228 2337 490 2401 accipiant,
517 2353 660 2401 posse
686 2336 869 2384 ducere
891 2354 903 2385 ε
941 2336 1031 2384 sed
1065 2336 1442 2385 admirationem
1466 2355 1566 2386 ma-

226 2415 320 2480 gis,
346 2432 492 2481 quam
520 2416 669 2464 risum
695 2423 878 2472 movet,
907 2415 999 2463 nisi
1025 2415 1063 2463 si
1090 2416 1287 2480 quando
1312 2416 1489 2464 ineidit
1513 2417 1563 2464 in

226 2493 360 2542 aliud
382 2511 540 2558 genus
565 2494 776 2544 ridiculi.

293 2573 436 2630 Quae
475 2589 662 2638 genera
697 2590 981 2638 percurram
1013 2574 1277 2638 equidem:
1317 2574 1403 2622 sed
1429 2575 1562 2623 scitis
1596 2566 1726 2649 63,

226 2668 330 2701 esse
371 2652 683 2700 notissimum
720 2652 916 2701 ridiculi
954 2669 1131 2716 genus,
1166 2669 1282 2700 cum
1320 2652 1455 2701 aliud
1480 2670 1563 2702 ex-
1594 2660 1706 2699 255.

225 2739 521 2798 spectamus,
560 2730 694 2778 aliud
730 2730 945 2778 dicitur:
985 2730 1065 2779 hic
1091 2731 1454 2796 nobismetipsis
1478 2749 1564 2782 no-

224 2819 324 2860 ster
349 2827 484 2860 error
508 2810 659 2858 risum
685 2816 867 2858 movet.
941 2809 1093 2866 Quod
1123 2810 1161 2856 si
1187 2809 1463 2859 admixtum
1490 2822 1565 2863 est

224 2893 372 2941 etiam
397 2888 702 2954 ambiguum,
740 2887 795 2937 fit
820 2886 989 2938 salsius
1012 2907 1022 2937 :
1062 2896 1119 2937 ut
1142 2889 1276 2953 apud
1300 2890 1565 2951 Naevium,

1137 2984 1177 3017 M
1197 2976 1226 3016 3
