2071 3508
288 1023 401 1065 245.

294 1740 407 1783 246.

300 2431 413 2478 247.

421 439 501 481 178
900 437 980 477 DE
1011 433 1281 476 ORATORE

427 546 530 604 Qui
569 547 721 611 igitur
760 546 1120 611 distinguemus
1144 562 1172 592 a
1196 544 1390 601 Crasso,
1430 557 1459 588 a
1493 536 1691 595 Catulo,
1722 552 1757 585 a

427 626 652 685 caeteris,
675 625 963 673 familiarem
987 633 1206 673 vestrum
1231 621 1493 679 Granium,
1522 626 1608 667 aut
1630 618 1755 666 Var-

426 705 594 770 gulam
619 704 833 752 amicum
857 704 1060 751 meum?
1097 718 1197 750 non
1233 698 1514 748 mehercule
1544 698 1596 744 in
1619 712 1756 744 men-

427 792 531 833 tem
571 783 691 831 mihi
733 783 931 846 quidem
972 782 1140 830 venit:
1196 786 1311 827 sunt
1351 778 1482 826 enim
1524 776 1719 824 dicaces
1740 793 1755 824 ι

431 863 621 912 Granio
662 862 861 926 quidem
903 878 1049 909 nemo
1091 859 1322 908 dicacior.
1395 857 1529 915 Hoc,
1564 855 1757 920 opinor,

430 942 643 1006 primum
665 962 677 1001 3
717 957 795 998 ne,
819 941 1210 1005 quotiescunque
1236 937 1458 1006 potuerit
1481 934 1671 982 dictum
1687 934 1759 981 di-

435 1020 494 1076 ci,
538 1036 739 1068 necesse
781 1020 1047 1067 habeamus
1089 1019 1271 1067 dicere.
1364 1013 1574 1062 Pusillus
1618 1011 1760 1060 testis

431 1098 703 1163 processit:
765 1097 929 1154 Licet,
975 1097 1153 1158 inquit,
1200 1094 1410 1158 rogare?
1470 1091 1757 1156 Philippus:

434 1176 565 1223 Tum
592 1174 839 1238 quaesitor
869 1188 1154 1236 properans,
1193 1172 1351 1219 Modo
1372 1171 1618 1219 breviter:
1658 1169 1760 1217 Hic

431 1252 529 1308 ille,
558 1252 674 1299 Non
699 1250 980 1299 accusabis:
1018 1248 1338 1313 perpusillum
1362 1250 1562 1312 rogabo.
1623 1247 1763 1295 Ridi-

434 1330 563 1380 cule.
635 1329 733 1377 Sed
771 1328 973 1376 sedebat
1004 1327 1163 1391 judex
1204 1327 1263 1374 L.
1308 1326 1539 1385 Aurifex,
1569 1325 1765 1374 brevior

435 1409 599 1465 etiam,
638 1424 784 1471 quam
809 1408 912 1471 ipse
937 1408 1108 1456 testis:
1148 1407 1307 1454 omnis
1341 1414 1416 1454 est
1450 1406 1573 1453 risus
1607 1405 1659 1451 in
1685 1403 1765 1468 ju-

436 1486 600 1535 dicem
626 1502 919 1533 conversus:
957 1485 1115 1533 visum
1141 1493 1216 1532 est
1238 1492 1399 1533 totum
1425 1483 1627 1532 scurrile
1650 1482 1765 1530 ridi-

438 1565 622 1614 culum.
671 1564 805 1628 Ergo
830 1563 972 1622 haec,
992 1580 1116 1627 quae
1142 1563 1319 1611 cadere
1344 1570 1549 1627 possunt
1571 1562 1623 1609 in
1642 1577 1765 1626 quos

437 1643 581 1703 nolis,
607 1642 827 1707 quamvis
853 1642 950 1690 sint
972 1641 1119 1701 bella,
1139 1650 1253 1690 sunt
1266 1650 1434 1690 tamen
1452 1642 1558 1706 ipso
1580 1656 1765 1705 genere

441 1721 675 1771 scurrilia.
748 1720 820 1768 Ut
843 1721 953 1778 iste,
980 1720 1063 1783 qui
1099 1736 1150 1767 se
1185 1719 1292 1768 vult
1317 1720 1554 1775 dicacem,
1593 1726 1644 1768 et
1667 1735 1766 1767 me·

439 1799 642 1848 hercule
668 1806 759 1858 est,
786 1799 999 1863 Appius,
1025 1799 1112 1847 sed
1127 1815 1480 1862 nonnunquam
1505 1799 1556 1845 in
1579 1798 1675 1846 hoc
1699 1799 1768 1846 vi-

438 1878 565 1926 tium
590 1877 791 1925 scurrile
825 1876 1082 1925 delabitur.
1155 1877 1410 1935 Coenabo,
1435 1877 1610 1940 inquit,
1637 1877 1770 1941 apud

439 1965 509 2015 te,
548 1956 663 2003 huic
704 1955 858 2011 lusco,
902 1954 1128 2002 familiari
1169 1971 1298 2014 meo,
1341 1955 1398 2003 C.
1440 1955 1639 2003 Sextio:
1681 1956 1768 2003 uni

441 2035 573 2084 enim
613 2033 779 2082 locum
821 2050 925 2081 esse
962 2033 1123 2081 video.
1195 2033 1286 2081 Est
1325 2033 1420 2082 hoc
1463 2034 1684 2094 scurrile,
1719 2042 1770 2083 et

441 2113 576 2178 quod
613 2113 717 2160 sine
756 2129 902 2160 causa
940 2112 1206 2171 lacessivit,
1243 2120 1294 2161 et
1333 2122 1499 2161 tamen
1535 2113 1588 2161 id
1626 2113 1770 2173 dixit,

442 2190 576 2256 quod
599 2191 650 2237 in
675 2207 844 2238 omnes
868 2190 1030 2237 luscos
1056 2192 1358 2240 conveniret.
1419 2193 1509 2252 Ea,
1533 2193 1649 2256 quia
1670 2208 1770 2242 me-

443 2270 599 2318 ditata
621 2277 859 2332 putantur
885 2286 1007 2327 esse,
1046 2270 1207 2318 minus
1244 2271 1483 2319 ridentur.
1554 2272 1688 2320 Illud
1722 2291 1770 2322 e-

442 2347 670 2412 gregium
696 2348 868 2406 Sextii,
905 2356 955 2395 et
979 2364 1041 2395 ex
1065 2356 1306 2412 tempore,
1344 2350 1526 2398 Manus
1549 2351 1676 2411 lava,
1699 2354 1772 2401 in-

445 2427 570 2490 quit,
596 2434 646 2474 et
672 2443 841 2474 coena.
913 2427 1172 2491 Temporis
1196 2428 1347 2491 igitur
1371 2429 1514 2489 ratio,
1539 2438 1590 2478 et
1620 2432 1771 2496 ipsius

445 2505 722 2553 dicacitatis
756 2506 1028 2554 moderatio
1065 2514 1115 2553 et
1148 2509 1488 2570 temperantia,
1529 2518 1581 2558 et
1602 2512 1774 2561 raritas

446 2583 706 2640 dictorum,
736 2583 1009 2648 distinguet
1027 2593 1269 2634 oratorem
1286 2604 1314 2634 a
1332 2603 1527 2636 scurra:
1556 2597 1624 2649 et,
1639 2590 1773 2654 quod

445 2678 535 2710 nos
577 2679 692 2711 cum
722 2680 868 2711 causa
904 2664 1132 2725 dicimus,
1168 2683 1269 2714 non
1305 2674 1361 2714 ut
1391 2667 1587 2716 ridiculi
1610 2669 1773 2718 videa-

447 2757 575 2799 mur,
601 2742 687 2789 sed
710 2749 768 2790 ut
784 2743 1094 2807 proficiamus
1109 2743 1294 2809 aliquid
1313 2766 1327 2805 ;
1355 2744 1424 2792 illi
1442 2753 1603 2794 totum
1623 2747 1769 2805 diem,

449 2827 501 2865 et
524 2820 627 2868 sine
654 2837 815 2869 causa.
887 2822 1023 2878 Quid
1058 2823 1190 2871 enim
1226 2832 1300 2872 est
1334 2823 1555 2890 Vargula
1582 2843 1773 2874 assecu-

447 2902 546 2956 tus,
588 2914 701 2947 cum
740 2916 853 2948 eum
892 2901 1183 2951 candidatus
1225 2901 1290 2950 A.
1317 2902 1632 2968 Sempronius
1656 2921 1778 2954 cum„
