2071 3508
731 412 1105 454 ORATORIBUS.
1499 418 1580 455 389

243 532 339 579 tur,
383 522 562 588 inquit,
601 522 639 569 si
681 537 803 584 quos
843 521 1071 569 videtur:
1111 520 1293 569 deinde
1318 521 1578 575 redeamus

245 600 308 649 ad
331 609 397 659 te,
425 609 476 649 et
499 600 562 648 ad
589 598 930 647 Hortensium.
1004 599 1166 648 Immo
1190 615 1326 659 vero,
1356 600 1578 666 inquam,

243 679 307 728 ad
333 678 689 729 Hortensium:
729 677 792 725 de
833 694 914 727 me
955 677 1036 726 alii
1076 678 1261 735 dicent,
1306 678 1344 726 si
1387 680 1470 743 qui
1495 698 1578 730 vo-

243 758 362 807 lent.
435 757 648 804 Minime
689 773 822 815 vero,
866 757 1043 821 inquit.
1115 757 1246 806 Nam
1284 758 1375 806 etsi
1405 775 1485 808 me
1509 760 1580 809 fa-

245 835 338 884 cile
363 836 497 884 omni
540 844 627 884 tuo
653 851 880 884 sermone
910 835 1130 894 tenuisti,
1170 844 1340 886 tamen
1380 838 1420 885 is
1458 839 1580 887 mihi

242 914 438 979 longior
454 915 668 972 videtur,
696 916 830 981 quod
849 932 1061 981 propero
1086 916 1256 964 audire
1277 917 1340 965 de
1363 924 1445 966 te:
1484 934 1580 967 nec

240 1010 360 1042 vero
395 1001 497 1042 tam
524 994 586 1043 de
610 995 876 1044 virtutibus
918 995 1119 1044 dicendi
1159 996 1273 1053 tuis,
1314 1013 1440 1061 quae
1466 1013 1582 1045 cum

245 1073 491 1134 omnibus,
516 1082 623 1123 tum
650 1083 786 1124 certe
811 1075 932 1123 mihi
957 1075 1241 1123 notissimae
1267 1085 1400 1135 sunt,
1432 1093 1579 1142 quam

245 1154 380 1217 quod
416 1154 601 1219 gradus
631 1162 763 1214 tuos,
806 1163 857 1203 et
895 1155 1030 1219 quasi
1072 1171 1331 1219 processus
1356 1155 1581 1205 discendi

247 1232 423 1281 studeo
448 1250 767 1297 cognoscere.
822 1233 1058 1292 Geretur‚
1082 1233 1303 1298 inquam,
1327 1235 1417 1283 tibi
1443 1252 1579 1284 mos:

247 1311 479 1375 quoniam
504 1329 584 1362 me
609 1330 710 1362 non
733 1313 922 1378 ingenii
946 1313 1339 1378 praedicatorem
1361 1331 1465 1363 esse
1490 1315 1582 1374 vis,

247 1390 334 1438 sed
357 1391 536 1440 laboris
561 1394 675 1441 mei.
746 1393 936 1441 Verum
962 1393 1293 1458 interponam,
1318 1402 1375 1442 ut
1397 1394 1582 1458 placet,
1634 1430 1637 1431 γ

247 1468 384 1530 alios,
416 1480 466 1519 et
491 1489 520 1520 a
557 1471 632 1520 M.
660 1472 851 1528 CraSSO,
891 1472 974 1536 qui
999 1471 1095 1520 fuit
1119 1472 1336 1536 aequalis
1364 1473 1582 1522 Horten-

246 1549 319 1607 sii,
358 1550 602 1598 exordiar.

317 1628 366 1676 Is
407 1629 560 1694 igitur
599 1629 918 1678 mediocriter
955 1647 983 1677 a
1025 1629 1254 1678 doctrina
1293 1631 1585 1692 instructus,
1619 1623 1726 1685 66.

248 1707 506 1773 angustius
542 1708 691 1756 etiam
733 1725 762 1756 a
802 1717 1009 1768 natura3
1046 1708 1215 1757 labore
1252 1717 1303 1758 et
1326 1711 1587 1772 industria,

249 1794 301 1836 et
325 1787 460 1852 quod
484 1786 752 1836 adhibebat
789 1787 853 1835 ad
890 1788 1186 1837 obtinendas
1218 1805 1388 1837 causas
1419 1806 1590 1839 curam

252 1867 400 1915 etiam
427 1874 478 1915 et
495 1867 721 1931 gratiam,
749 1867 800 1914 in
826 1866 1134 1931 principibus
1157 1869 1377 1932 patronis
1401 1869 1591 1934 aliquot

251 1962 406 1994 annos
442 1945 555 1994 fuit.
628 1946 690 1993 In
727 1944 872 2010 hujus
914 1946 1136 1994 oratione
1178 1963 1338 1995 sermo
1381 1947 1590 1997 Latinus

254 2033 377 2085 erat,
401 2026 551 2073 verba
575 2041 675 2072 non
701 2024 908 2089 abjecta,
950 2042 1026 2073 res
1052 2026 1355 2091 compositae
1381 2027 1590 2092 diligen-

251 2112 359 2165 ter3
397 2104 562 2152 nullus
581 2104 669 2152 flos
687 2112 874 2163 tamen,
899 2121 1060 2170 neque
1079 2105 1248 2154 lumen
1268 2105 1422 2154 ullum
1442 2128 1456 2167 ;
1489 2108 1591 2155 ani-

254 2185 321 2232 mi
346 2201 545 2249 magna,
570 2184 705 2232 vocis
728 2201 880 2249 parva
904 2184 1179 2244 contentio,
1216 2186 1382 2234 omnia.
1405 2184 1510 2236 fere
1535 2196 1591 2238 ut

254 2263 477 2312 similiter
501 2271 649 2328 atque
674 2279 775 2311 uno
800 2262 948 2311 modo
974 2262 1274 2312 dicerentur.
1347 2265 1479 2314 Nam
1503 2266 1592 2315 hu-

247 2344 330 2407 jus
355 2342 572 2408 aequalis
597 2350 648 2391 et
673 2342 903 2391 inimicus
930 2342 986 2391 C.
1015 2343 1249 2403 Fimbria,
1285 2360 1386 2392 non
1411 2345 1482 2394 ita
1506 2345 1592 2394 diu

247 2423 438 2486 jactare
458 2439 509 2470 se
527 2422 721 2487 potuit:
761 2422 845 2486 qui
870 2422 1036 2470 omnia
1058 2437 1240 2487 magna
1257 2440 1381 2472 voce
1401 2425 1592 2485 dicens,

254 2503 518 2551 verborum
544 2517 660 2549 sane
684 2503 927 2549 bonorum
953 2518 1100 2549 cursu
1125 2503 1339 2566 quodam
1365 2504 1588 2560 incitato,

258 2581 327 2629 ita
349 2580 547 2629 furebat
571 2589 757 2640 tamen,
778 2589 833 2629 ut
850 2581 1081 2629 mirarere
1097 2590 1198 2629 tam
1215 2582 1332 2630 alias
1352 2599 1427 2631 res
1444 2600 1592 2648 agere

258 2659 517 2726 populum,
558 2668 614 2708 ut
655 2668 785 2708 esset
821 2660 994 2709 insano
1034 2661 1164 2708 inter
1205 2661 1412 2709 disertos
1436 2662 1591 2711 locus.

261 2740 353 2789 Cn.
380 2747 546 2788 autem
572 2738 817 2787 Lentulus
855 2738 1013 2787 multo
1037 2738 1272 2804 majorem
1308 2740 1594 2805 opinionem

262 2819 464 2870 dicendi
489 2819 686 2869 actione
709 2818 943 2878 faciebat,
986 2835 1133 2884 quam
1158 2828 1343 2884 quanta
1365 2820 1415 2868 in
1442 2838 1502 2870 eo
1525 2821 1596 2870 fa-

263 2901 421 2951 cultas
446 2908 580 2951 erat:
619 2900 703 2967 qui
728 2916 843 2950 cum
863 2907 992 2950 esset
1015 2914 1110 2950 nec
1132 2908 1399 2965 peracutus
1419 2904 1598 2967 (quan-

1112 2995 1141 3029 Β
1166 2981 1198 3029 b
1235 2989 1265 3030 3
