2071 3508
414 409 467 446 92
884 410 961 449 DE
991 410 1258 450 ORATORE

483 515 620 574 Quos
644 524 766 575 tum,
803 526 861 567 ut
893 521 1052 584 pueri,
1088 520 1303 568 refutare
1342 517 1623 567 domesticis
1647 523 1742 565 tes-

413 596 559 653 tibus,
595 605 755 661 patre,
791 606 841 646 et
883 600 939 647 C.
969 600 1232 648 Aculeone
1255 599 1532 664 propinquo
1556 604 1739 651 nostre,

413 683 465 722 et
504 674 564 723 L.
612 676 852 727 Cicerone
902 686 1096 742 patruo,
1135 677 1443 736 solebamus3
1499 676 1632 740 quod
1678 674 1742 721 de

413 753 587 802 Crasso
623 763 781 819 pater,
818 763 868 803 et
909 755 1122 815 Aculeo,
1159 759 1398 820 (quocum
1435 763 1539 802 erat
1575 760 1742 801 nostra

411 834 716 895 matertera,)
754 851 900 899 quem
942 835 1143 883 Crassus
1190 834 1365 882 dilexit
1410 850 1473 881 ex
1513 832 1740 881 omnibus

409 911 690 975 plurimum,
730 920 780 960 et
813 921 1030 976 patruus,
1069 912 1153 976 qui
1188 929 1299 960 cum
1328 911 1551 959 Antonio
1574 911 1626 957 in
1659 909 1739 958 Ci-

408 989 572 1038 liciam
601 991 854 1055 profectus
878 1008 977 1039 una
1001 991 1293 1047 decesserat,
1331 990 1487 1039 multa
1509 988 1650 1037 nobis
1675 987 1737 1035 de

409 1067 512 1132 ejus
538 1069 700 1116 studio
726 1069 1048 1134 doctrinaque
1069 1086 1213 1134 saepe
1237 1069 1483 1123 narravit:
1525 1081 1738 1130 cumque

408 1163 496 1194 nos
523 1164 635 1195 cum
662 1149 963 1196 consobrinis
995 1149 1187 1205 nostris,
1227 1147 1498 1196 Aculeonis
1522 1146 1649 1204 filiis,
1685 1153 1738 1194 et

405 1241 464 1272 ea
490 1225 803 1282 disceremus,
836 1243 960 1290 quae
997 1227 1171 1274 Crasso
1194 1227 1463 1290 placerent,
1501 1233 1553 1273 et
1576 1226 1636 1273 ab
1661 1223 1736 1272 his

406 1304 707 1360 doctoribus,
745 1304 921 1368 quibus
945 1304 1027 1352 ille
1051 1313 1288 1361 uteretur,
1328 1304 1649 1359 erudiremur,
1688 1320 1736 1351 e-

404 1382 524 1430 tiam
564 1383 687 1431 illud
734 1400 878 1448 saepe
924 1383 1271 1443 intelleximus,
1333 1387 1473 1448 (cum
1520 1398 1736 1430 essemus

405 1460 660 1524 ejusmodi,
700 1463 833 1526 quod
856 1462 934 1510 vel
969 1464 1108 1526 pueri
1135 1463 1315 1511 sentire
1338 1460 1646 1527 poteramus)
1680 1460 1736 1509 il-

403 1528 506 1586 lum
533 1548 583 1588 et
618 1540 813 1589 Graece
838 1542 907 1589 sic
941 1540 1091 1605 loqui,
1129 1540 1313 1588 nullam
1337 1549 1394 1588 ut
1417 1557 1560 1588 nosse
1588 1540 1732 1588 aliam

403 1617 623 1682 linguam
646 1619 915 1678 videretur,
952 1628 1002 1668 et
1027 1619 1311 1667 doctoribus
1335 1619 1513 1668 nostris
1549 1636 1608 1666 ea
1645 1635 1730 1683 po-

404 1713 522 1745 nere
546 1697 597 1744 in
620 1699 1012 1762 percunctando,
1038 1715 1192 1762 eaque
1217 1699 1377 1763 ipsum
1402 1698 1535 1746 omni
1559 1698 1610 1745 in
1634 1715 1730 1746 ser-

401 1792 548 1824 mone
572 1784 799 1834 tractare,
836 1786 893 1825 ut
926 1777 1049 1824 nihil
1074 1795 1177 1827 esse
1214 1778 1259 1825 ei
1284 1793 1481 1834 novum,
1512 1777 1634 1825 nihil
1657 1778 1729 1825 in-

355 1890 370 1901 „
402 1855 626 1903 auditum
665 1856 930 1904 videretur.
1017 1857 1098 1905 De
1138 1856 1361 1904 Antonio
1395 1872 1531 1915 vero,
1578 1873 1728 1920 quan-

402 1951 548 1998 quam
590 1950 734 1998 saepe
782 1952 844 1983 ex
890 1935 1241 1983 humanissimo
1286 1934 1504 1994 homine,
1549 1943 1727 2000 patruo

397 2020 583 2070 nostro,
644 2030 1006 2078 acceperamus,
1063 2014 1479 2079 quemadmodum
1524 2014 1606 2063 ille
1645 2015 1726 2064 vel

400 2091 632 2151 Athenis,
655 2093 734 2141 vel
761 2093 927 2141 Rhodi
964 2110 1014 2142 se
1051 2093 1445 2141 doctissimorum
1469 2093 1726 2142 hominum

397 2171 700 2219 sermonibus
726 2172 965 2231 dedisset;
992 2180 1158 2220 tamen
1182 2172 1286 2236 ipse
1311 2172 1720 2230 adolescentulus,

396 2256 635 2312 quantum
675 2249 802 2297 illius
837 2250 1052 2298 ineuntis
1083 2251 1257 2299 aetatis
1282 2267 1421 2299 meae
1443 2251 1723 2316 patiebatur

394 2327 569 2391 pudor,
607 2327 763 2375 multa
797 2344 860 2376 ex
895 2345 954 2376 eo
989 2345 1133 2393 saepe
1170 2330 1402 2393 quaesivi.
1471 2330 1588 2378 Non
1629 2330 1723 2379 erit

393 2405 619 2470 profecto
643 2405 751 2464 tibi,
776 2406 909 2470 quod
932 2408 1110 2466 scribo,
1133 2408 1229 2456 hoc
1254 2425 1436 2456 novum
1461 2411 1599 2473 (nam
1614 2407 1720 2473 jam

392 2492 501 2532 tum
542 2501 605 2532 ex
645 2501 723 2531 me
765 2484 1020 2546 audiebas)
1057 2485 1175 2533 mihi
1206 2486 1344 2534 illum
1369 2504 1431 2535 ex
1455 2486 1622 2534 multis
1639 2503 1720 2534 va-

391 2563 571 2626 riisque
596 2563 913 2620 sermonibus,
944 2563 1123 2612 nullius
1148 2565 1233 2621 rei,
1272 2583 1397 2630 quae
1422 2565 1622 2629 quidem
1647 2581 1719 2613 es-

394 2649 466 2689 set
490 2642 541 2688 in
581 2642 638 2689 iis
663 2643 860 2698 artibus,
900 2642 961 2690 de
1003 2644 1178 2708 quibus
1212 2644 1396 2709 aliquid
1437 2644 1716 2694 existimare

349 2761 359 2771 ,
392 2736 602 2784 possem,
639 2721 812 2769 rudem
853 2729 939 2769 aut
977 2722 1202 2786 ignarum
1239 2739 1342 2771 esse
1374 2723 1547 2771 visum.
1618 2723 1716 2772 Sed

392 2797 486 2844 fuit
510 2798 603 2846 hoc
628 2799 678 2846 in
703 2807 912 2864 utroque
948 2817 1131 2858 eorum,
1169 2809 1225 2849 ut
1250 2802 1450 2851 Crassus
1484 2817 1584 2851 non
1612 2809 1713 2851 tam

393 2876 657 2926 existimari
693 2878 843 2930 vellet
866 2895 966 2930 non
990 2879 1236 2941 didicisse,
1277 2897 1422 2946 quam
1450 2879 1532 2930 illa
1555 2880 1712 2946 despi-
