2071 3508
720 368 889 408 LIBER
917 367 1172 408 TERTIUS.
1551 372 1629 411 291

284 481 435 531 modo
459 496 522 529 ne
546 478 783 528 circuitus
801 478 906 542 ipse
929 479 1194 525 verborum
1215 475 1278 524 sit
1302 484 1390 524 aut
1412 471 1629 541 brevior,

283 577 432 626 quam
457 575 598 608 aures
622 563 913 621 expectent,
948 563 1036 604 aut
1069 555 1286 620 longior,
1324 572 1472 620 quam
1498 557 1629 606 vires

288 648 437 705 atque
461 637 624 686 anima
646 635 879 700 patiatur.

355 715 610 767 Clausulas
650 721 818 763 autem
857 712 1144 778 diligentius
1185 714 1335 762 etiam
1361 713 1626 763 servandas
1664 703 1770 763 50.

286 813 393 847 esse
417 796 646 854 arbitror,
664 810 813 859 quam
838 793 1111 858 superiora3
1140 794 1275 858 quod
1297 793 1350 841 in
1374 793 1449 841 his
1474 794 1628 842 maxi·
1666 794 1774 836 1920

286 893 367 925 me
403 874 648 941 perfectio
685 879 835 939 atqu'e
874 873 1118 923 absolutio
1150 873 1424 938 judicatur.
1496 873 1627 922 Nam

285 971 455 1004 versus
496 957 655 1020 aeque
690 958 867 1021 prima,
904 964 955 1005 et
978 956 1160 1016 media,
1197 964 1249 1005 et
1273 964 1497 1005 extrema
1520 973 1631 1021 pars

284 1034 596 1095 attenditur3
649 1036 734 1100 qui
776 1035 1082 1093 debilitatur,
1124 1035 1175 1083 in
1218 1052 1531 1100 quacumque
1571 1036 1634 1083 sit

284 1122 426 1180 parte
450 1114 738 1163 titubatum.
789 1114 850 1161 In
875 1114 1098 1162 oratione
1117 1121 1285 1163 autem
1308 1115 1468 1179 prima
1486 1117 1634 1178 pauci

286 1201 518 1253 cernunt,
545 1201 797 1258 postrema
818 1192 1072 1258 plerique:
1112 1209 1257 1258 quae,
1284 1194 1520 1258 quoniam
1545 1210 1630 1258 ap-

285 1281 464 1338 parent
499 1280 550 1321 et
588 1271 954 1337 intelliguntur,
993 1271 1229 1320 varianda
1269 1280 1404 1331 sunt,
1441 1289 1504 1321 ne
1543 1282 1631 1321 aut

290 1352 568 1401 animorum
601 1351 805 1416 judiciis
841 1349 1186 1415 repudientur,
1222 1359 1309 1399 aut
1344 1352 1536 1400 aurium
1562 1365 1634 1400 sa-

290 1432 482 1480 tietate.
554 1431 674 1479 Duo
709 1430 862 1491 enim,
899 1437 985 1477 aut
1008 1437 1127 1489 treS,
1153 1438 1269 1478 sunt
1291 1429 1396 1478 fere
1423 1432 1634 1479 extremi
1670 1440 1780 1482 19:⁴1,

290 1510 520 1560 servandi
545 1517 597 1558 et
613 1508 821 1557 notandi
845 1508 1018 1573 pedes,
1038 1498 1077 1555 si
1101 1507 1251 1556 modo
1266 1525 1368 1557 non
1390 1510 1636 1569 breviora,

290 1598 343 1639 et
382 1590 606 1656 praecisa
646 1596 794 1637 erunt
831 1588 1101 1653 superiora,
1137 1604 1260 1653 quos
1298 1596 1385 1636 aut
1410 1589 1637 1649 choreos,

291 1677 378 1717 aut
418 1668 615 1727 heroos,
650 1675 737 1716 aut
776 1667 993 1715 alternos
1028 1683 1133 1715 esse
1159 1667 1429 1732 oportebit,
1465 1676 1552 1717 aut
1585 1669 1637 1716 in

289 1765 482 1815 paeone
506 1747 592 1796 illo
615 1747 908 1813 posteriore,
944 1763 1093 1811 quem
1120 1746 1418 1795 Aristoteles
1440 1749 1635 1812 probat,

292 1837 380 1878 aut
421 1828 467 1877 ei
489 1828 597 1893 pari
634 1827 838 1876 cretico.
912 1826 1109 1875 Horum
1145 1826 1513 1876 vicissitudines
1539 1827 1637 1876 effi-

295 1909 450 1968 cient,
485 1916 544 1956 ut
566 1924 731 1972 neque
767 1907 802 1954 ii
837 1906 1094 1962 satientur,
1133 1906 1218 1970 qui
1243 1906 1467 1965 audient,
1502 1905 1637 1955 fasti-

293 1990 377 2039 dio
418 1986 786 2046 similitudinis;
838 2001 933 2034 nec
971 2001 1061 2033 nos
1101 1985 1173 2043 id,
1209 1985 1344 2049 quod
1378 1984 1638 2045 faciemus,

292 2084 444 2135 opera
485 2066 656 2115 dedita
692 2063 858 2113 facere
898 2063 1172 2112 videamur.
1245 2063 1397 2120 Quod
1426 2064 1466 2111 si
1491 2064 1639 2113 Anti.
1674 2075 1781 2117 194.

292 2157 435 2217 pater
457 2146 539 2195 ille
567 2143 812 2200 Sidonius,
851 2160 1001 2208 quem
1026 2151 1082 2192 tu
1105 2144 1278 2208 probe,
1316 2143 1510 2201 Catule,
1537 2162 1639 2193 mee

292 2226 500 2286 ministi,
535 2224 707 2274 solitus
732 2231 807 2272 est
841 2239 1010 2272 versus
1051 2222 1385 2282 hexametros,
1420 2222 1640 2289 aliosque

292 2308 439 2358 variis
463 2304 623 2354 modis
648 2310 797 2368 atque
822 2302 1040 2351 numeris
1063 2301 1275 2350 fundere
1307 2318 1370 2350 ex
1394 2311 1641 2368 tempore,

293 2394 590 2450 tantumque
615 2382 828 2434 hominis
852 2380 1098 2446 ingeniosi
1134 2397 1192 2429 ac
1228 2382 1460 2430 memoris
1483 2383 1642 2432 valuit

295 2465 609 2523 exercitati0‚
644 2471 720 2521 ut,
746 2478 861 2510 cum
887 2478 938 2510 se
964 2469 1132 2509 mente
1157 2478 1216 2509 ac
1239 2461 1497 2509 voluntate
1524 2478 1641 2509 cons

287 2546 494 2611 jecisset
529 2543 581 2591 in
618 2557 835 2600 versum,
872 2541 1024 2589 verba
1048 2548 1407 2604 sequerentur3
1452 2547 1640 2604 quanto

296 2626 350 2674 id
373 2623 568 2673 facilius
608 2623 659 2669 in
684 2620 926 2678 oratione,
963 2619 1322 2669 exercitatione
1359 2627 1410 2668 et
1434 2635 1640 2668 consue·

296 2704 474 2753 tudine
515 2700 752 2756 adhibita,
806 2699 1206 2762 consequemur?
1300 2698 1434 2746 Illud
1471 2706 1638 2747 autem
1675 2708 1783 2751 195.

297 2797 363 2832 ne
405 2782 514 2847 quis
555 2780 845 2837 admiretur,
880 2794 1096 2843 quonam
1136 2777 1287 2826 modo
1311 2777 1434 2826 haec
1459 2777 1641 2843 vulgus

298 2862 640 2930 imperitorum
677 2860 730 2910 in
770 2857 1021 2909 audiendo
1058 2865 1234 2919 notet3
1289 2873 1405 2907 cum
1429 2857 1481 2907 in
1505 2858 1640 2906 omni

1233 2953 1265 2986 T
1292 2945 1322 2985 2
