2071 3508
431 388 652 429 LIBRUM
683 388 998 429 SECUNDUM
1027 389 1103 428 DE
1135 389 1415 429 ORATORE.
1514 394 1590 431 531

259 491 412 544 pliciter
431 493 637 540 debilitari,
667 502 708 532 et
725 493 914 532 debilitati
941 494 1136 540 dicuntur,
1172 495 1312 533 omisso
1333 496 1506 547 corporis
1526 504 1595 534 aut

261 559 424 597 membri
444 560 613 606 nomine,
634 571 711 610 quo
729 559 1002 603 debilitantur3
1029 559 1085 597 sic
1115 560 1231 598 etiam
1251 561 1400 600 animus
1419 562 1596 601 debilita-

259 631 320 663 tus
353 626 578 678 simpliciter
601 625 678 664 dici
705 632 847 676 potest,
881 637 952 676 pro
984 632 1093 663 metu
1121 625 1349 665 debilitatus.
1410 627 1536 666 IDEM.
1555 628 1595 667 in

264 691 370 730 Clav.

314 757 409 808 Pag.
432 759 518 796 160.
547 756 612 794 lin.
633 759 669 794 4.
717 756 756 794 vi
770 756 924 809 pulsum
944 771 990 796 ex
1009 757 1181 811 templa]
1236 758 1270 796 E
1291 759 1474 797 tribunali
1494 759 1597 798 unde

259 822 468 862 conciones
488 823 736 861 haberentur.
793 823 920 862 IDEM.

315 889 409 941 Pag.
426 892 515 928 161.
535 889 602 926 lin.
628 892 690 927 14.
745 894 858 941 atque
878 889 1135 940 revocabam]
1189 891 1346 929 Delevit
1365 891 1464 929 haec
1484 892 1600 930 Pear-

260 956 343 996 cius
376 970 399 995 e
431 956 550 995 MSS.
582 956 826 995 auctoritate.
899 957 1145 996 Alterutrum
1186 959 1345 996 verbum
1387 971 1471 997 esse
1510 972 1600 1010 spu-

261 1023 376 1070 rium,
396 1031 436 1062 et
457 1023 651 1075 duplicem
671 1024 880 1062 lectionem
910 1023 949 1062 in
968 1032 1082 1062 textu
1102 1026 1365 1076 conjunctam,
1390 1025 1505 1064 facile
1534 1038 1602 1076 ag-

261 1101 406 1135 nosco;
434 1090 552 1142 idque
573 1091 676 1129 clare
703 1090 820 1129 docet
841 1091 930 1128 MS.
952 1091 1031 1130 Erl.
1052 1091 1091 1128 in
1111 1104 1188 1143 quo
1209 1099 1269 1130 est
1299 1105 1419 1130 unum
1449 1105 1602 1130 revoca-

262 1155 360 1203 bam,
386 1157 688 1209 suprascriptum
709 1157 783 1195 alia
801 1169 919 1195 manu
939 1157 1176 1196 renovabam.
1235 1158 1314 1196 Sed
1334 1158 1423 1210 quia
1442 1171 1601 1197 renova-

261 1222 346 1261 bam
361 1224 532 1276 pulcrius
551 1233 624 1273 est,
645 1225 685 1262 id
702 1224 999 1276 praeferendum
1015 1233 1124 1277 puto.
1169 1225 1314 1264 Saltem
1328 1226 1438 1264 uncis
1452 1225 1602 1264 inclusi.

264 1288 391 1328 IDEM.

322 1360 416 1412 Pag.
448 1363 536 1400 162.
565 1361 630 1398 lin.
660 1364 725 1400 26.
779 1366 997 1413 tractusque
1027 1360 1264 1410 verborum]
1327 1357 1604 1397 Pronunciatio

266 1426 388 1465 tarda.

323 1493 418 1544 Pag.
441 1494 530 1534 170.
557 1491 623 1530 lin.
645 1493 684 1529 2.
739 1491 904 1529 Minime
923 1491 1072 1539 mirum,
1103 1492 1241 1545 inquit,
1270 1494 1365 1543 δια]
1430 1492 1494 1530 Sic
1522 1492 1604 1530 vul-

266 1559 362 1610 gati.
419 1565 446 1584 “
476 1559 528 1596 Ni
546 1557 702 1604 fallor,’'
726 1557 852 1609 inquit
872 1557 1069 1603 Pearcius,
1099 1564 1125 1583 “
1146 1571 1224 1596 non
1244 1559 1360 1597 modo
1380 1572 1459 1597 non
1476 1561 1604 1610 jocus,

267 1631 294 1650 ‘⁴
323 1625 390 1665 sed
412 1639 461 1664 ne
481 1638 615 1664 sensus
630 1623 787 1676 quidem
807 1624 847 1661 in
867 1624 941 1662 hac
958 1624 1127 1662 lectione
1143 1625 1306 1662 inveniri
1321 1633 1462 1676 potest.
1506 1627 1606 1664 Bru-

268 1698 295 1717 “
324 1699 386 1731 tus
406 1692 572 1736 dixerat,
598 1704 637 1729 se
666 1691 747 1728 sine
770 1703 885 1728 causa
915 1690 1077 1728 sudare:
1122 1691 1323 1742 respondit
1342 1699 1472 1730 autem
1493 1692 1606 1731 Cras-

267 1765 295 1784 “
324 1772 402 1807 sus,
436 1771 514 1797 non
533 1771 618 1797 esse
638 1757 777 1795 mirum
798 1757 904 1794 illum
923 1757 1006 1794 sine
1027 1769 1144 1795 causa
1171 1758 1334 1803 sudare3
1361 1758 1478 1797 modo
1503 1759 1607 1797 enim

266 1832 295 1852 ⁴‘
323 1827 474 1865 exierat
493 1838 515 1864 e
535 1825 696 1863 balneis.
752 1824 881 1862 Voces
899 1824 1050 1862 minime
1069 1825 1204 1862 mirum
1225 1838 1304 1863 non
1323 1825 1447 1863 solum
1468 1826 1517 1864 ad
1543 1840 1607 1864 szc-

269 1900 295 1918 “
324 1894 432 1939 dare,
458 1892 527 1930 sed
556 1892 673 1930 etiam
701 1890 753 1929 ad
779 1891 861 1929 sine
886 1904 1000 1929 causa
1022 1890 1154 1929 referri
1185 1891 1344 1939 debent,
1375 1892 1405 1930 si
1425 1893 1606 1944 vulgatae

271 1967 297 1985 “
326 1959 483 1998 lectioni
500 1959 739 1997 haereamus.
782 1957 968 1996 Solebant
987 1958 1026 2003 ii,
1048 1958 1114 2009 qui
1134 1972 1155 1996 e
1176 1958 1323 1997 balneis
1338 1959 1530 2006 exierant,
1544 1972 1608 1998 su-

272 2034 298 2052 “
328 2027 434 2073 dare,
463 2033 504 2064 et
523 2038 624 2077 aqua
642 2025 826 2063 diffluere.
883 2025 1017 2081 Vides,
1048 2026 1178 2077 igitur,
1203 2027 1341 2073 lector,
1371 2027 1410 2064 in
1431 2028 1505 2065 hac
1523 2028 1608 2066 vul-

272 2101 300 2120 “
328 2101 419 2146 gata
437 2093 606 2132 lectione
627 2093 807 2132 Crassum
828 2105 973 2144 negare
994 2093 1158 2131 Brutum
1192 2094 1336 2132 habere
1370 2107 1525 2132 causam
1545 2107 1608 2132 su-

273 2168 300 2186 “
329 2161 461 2208 dandi,
480 2168 521 2199 et
540 2168 670 2198 tamen
690 2172 845 2198 causam
867 2173 936 2198 cur
955 2160 1084 2207 sudet,
1106 2160 1253 2199 afferre.
1284 2162 1380 2204 Quis
1399 2161 1500 2201 ferre
1519 2175 1607 2214 pos-

275 2234 303 2253 “
331 2228 380 2266 sit
412 2228 510 2266 haec
541 2235 620 2265 tarn
655 2239 787 2265 secum
818 2227 1060 2278 pugnanfa?
1103 2227 1223 2265 MSS.
1241 2229 1354 2266 Joan.
1377 2236 1416 2267 et
1438 2229 1549 2267 Harl.
1575 2232 1607 2268 1.

275 2303 301 2320 “
329 2295 513 2334 omittunt
545 2307 661 2332 voces
694 2294 829 2332 mirum
863 2302 905 2333 et
938 2295 1090 2347 inquit:
1123 2295 1224 2334 unde
1254 2297 1382 2335 statim
1403 2297 1457 2335 sic
1478 2298 1607 2336 locum

273 2370 300 2388 “
329 2362 544 2401 emendavi.
600 2363 726 2414 Atque
744 2360 811 2400 illa
832 2361 974 2408 brevia,
1003 2376 1083 2400 cum
1105 2362 1168 2400 ille
1183 2363 1323 2402 diceret
1342 2379 1380 2402 se
1400 2365 1481 2403 sine
1495 2379 1607 2403 causa

275 2437 302 2456 ‘⁸
330 2431 468 2469 sudare
482 2446 495 2468 .·
527 2429 705 2475 Elinime,
720 2429 841 2482 inquit
850 2446 866 2474 ;
889 2430 996 2468 modo
1015 2430 1112 2468 enim
1133 2431 1243 2469 eristi
1256 2431 1302 2470 de
1322 2431 1476 2471 balneis.
1521 2434 1608 2472 Cla-

278 2505 303 2523 “
333 2511 375 2535 ra
394 2510 498 2535 nunc
519 2497 726 2535 exhibetur
745 2496 948 2534 sententia.
993 2497 1137 2535 Brutus
1158 2497 1310 2536 dixerat
1330 2511 1371 2536 se
1391 2498 1474 2538 sine
1494 2511 1610 2538 causa

277 2571 304 2589 ‘⁴
332 2564 485 2610 sudare,
506 2563 546 2601 id
564 2571 636 2609 est,
658 2563 695 2600 in
712 2563 974 2615 impugnanda
989 2563 1121 2602 Planci
1142 2572 1278 2603 contra
1293 2566 1474 2605 Crassum
1495 2579 1613 2606 causa

278 2638 305 2655 “
333 2631 446 2668 nimis
460 2630 711 2669 vehementer
731 2643 861 2681 agere,
882 2642 971 2668 cum
992 2631 1073 2669 sine
1094 2631 1235 2670 sudore
1252 2632 1427 2670 accusari
1444 2633 1610 2672 Plancus

280 2704 308 2722 ⁴⁴
338 2704 377 2735 et
406 2697 507 2735 vinci
538 2697 697 2736 Crassus
726 2697 909 2748 potuerit.
961 2697 1144 2743 Minime,
1181 2698 1305 2750 inquit
1325 2700 1498 2746 Crassus,
1533 2713 1611 2738 non

285 2770 312 2788 ‘⁸
342 2764 456 2802 sudas
481 2764 563 2802 sine
581 2777 694 2802 causa
706 2779 722 2808 ,·
753 2764 860 2802 modo
880 2764 977 2802 enim
998 2764 1121 2811 existi,
1142 2768 1213 2803 ἃς.
1269 2766 1390 2804 Jocus
1410 2774 1467 2804 est
1489 2767 1527 2804 in
1547 2779 1616 2805 an-

285 2836 311 2855 “
342 2830 450 2883 cipiti
468 2830 752 2883 significatione
770 2830 877 2869 verbi
896 2830 1019 2878 existi,
1041 2831 1145 2883 quod
1163 2832 1368 2882 significat,
1387 2840 1428 2872 et
1446 2833 1614 2873 vendere

1144 2898 1282 2947 rle
