2071 3508
753 369 1129 410 ORATORIBUS.
1534 376 1617 414 425

275 481 507 545 quentiae
551 479 872 528 continetur:
921 495 1088 536 nemo,
1128 477 1213 542 qui
1254 477 1617 544 philosophiam

272 561 561 626 complexus
604 565 747 615 esset,
795 565 1004 605 matrem
1048 558 1270 605 omnium
1311 558 1438 606 bene
1464 558 1619 608 facto-

270 659 399 700 rum,
434 642 662 702 beneque
700 637 984 686 dictorum:
1024 653 1189 694 nemo,
1229 637 1313 702 qui
1348 636 1431 701 jus
1471 638 1617 687 civile

273 719 544 775 didicisset,
581 732 686 764 rem
712 715 775 763 ad
798 715 1014 780 privatas
1041 732 1231 776 causas,
1275 723 1326 764 et
1364 715 1427 764 ad
1457 725 1617 765 orato-

268 798 334 845 ris
379 795 718 862 prudentiam,
772 795 989 844 maxime
1031 795 1396 844 necessariam:
1449 812 1616 856 nemo,

268 877 353 941 qui
395 875 687 924 memoriam
726 892 892 923 rerum
921 876 1261 924 Romanarum
1298 883 1515 934 teneret,
1553 893 1617 924 ex

269 973 381 1021 qua,
421 956 460 1003 si
486 955 689 1020 quando
714 972 838 1020 opus
865 963 1012 1015 esset,
1050 957 1109 1004 ab
1136 954 1306 1004 inferis
1331 955 1616 1020 locupletis-

267 1035 416 1084 simos
458 1043 612 1085 testes
647 1035 922 1084 excitaret:
962 1052 1126 1093 nemo,
1166 1035 1250 1100 qui
1286 1036 1504 1084 breviter
1543 1053 1615 1083 ar-

264 1122 509 1181 guteque,
562 1115 756 1164 incluso
806 1115 1101 1172 adversario,
1152 1114 1345 1163 laxaret
1382 1115 1615 1179 judicum

267 1195 477 1255 animos,
514 1204 664 1261 atque
690 1213 718 1245 a
743 1196 1006 1245 severitate
1037 1195 1288 1261 paulisper
1312 1195 1374 1243 ad
1400 1194 1614 1242 hilarita-

264 1282 368 1323 tem
404 1277 658 1342 risumque
699 1277 1021 1325 traduceret:
1067 1293 1233 1335 nemo,
1277 1275 1362 1341 qui
1407 1274 1612 1324 dilatare

264 1364 452 1419 posset,
488 1364 638 1422 atque
663 1374 692 1405 a
715 1357 913 1422 propria
949 1373 1007 1405 ac
1033 1355 1238 1405 definita
1274 1354 1612 1421 disputatione

264 1434 479 1484 hominis
515 1454 574 1485 ac
611 1437 869 1502 temporis,
906 1436 971 1484 ad
1015 1452 1332 1484 communem
1369 1435 1614 1499 quaestio-

263 1530 380 1564 nem
405 1515 623 1564 universi
646 1516 845 1581 generis
888 1515 1165 1563 orationem
1189 1513 1454 1562 traducere
1478 1532 1489 1562 ε
1529 1530 1612 1562 ne-

264 1611 363 1652 mo,
403 1596 487 1660 qui
526 1596 814 1644 delectandi
851 1595 1014 1660 gratia
1050 1593 1246 1658 digredi
1286 1610 1554 1658 parumper
1585 1611 1614 1641 a

264 1693 415 1725 causa
437 1697 450 1737 3
491 1693 655 1734 nemo,
684 1675 768 1741 qui
790 1675 853 1723 ad
878 1674 1188 1723 iracundiam
1213 1690 1517 1739 magnopere
1533 1673 1614 1738 ju-

264 1755 459 1817 dicem3
500 1773 665 1813 nemo,
706 1756 791 1820 qui
830 1755 895 1803 ad
933 1754 1106 1802 fletum
1130 1761 1300 1818 posset
1324 1754 1609 1815 adducere3

264 1852 431 1895 nemo,
469 1835 555 1900 qui
579 1835 801 1882 animum
827 1832 931 1897 ejus
957 1832 1118 1897 (quod
1148 1848 1305 1879 unum
1342 1840 1417 1879 est
1452 1840 1613 1881 orato-

263 1916 328 1963 ris
352 1915 569 1963 maxime
610 1913 891 1980 proprium)
931 1918 1249 1977 quocumque
1288 1928 1365 1960 res
1396 1912 1612 1978 postula-

262 2002 358 2055 ret,
394 1994 667 2060 impellere.

331 2075 529 2140 Itaque,
583 2091 699 2124 cum
739 2074 845 2140 jam
886 2091 1016 2140 pene
1059 2074 1340 2123 evanuisset
1386 2075 1607 2124 Horten·
1644 2062 1751 2125 94⁴.

264 2156 377 2213 sius,
418 2164 468 2204 et
493 2173 589 2221 ego
614 2172 745 2204 anno
782 2173 914 2215 meo,
957 2163 1099 2204 sexto
1139 2163 1307 2203 autem
1332 2164 1445 2221 post
1469 2155 1609 2205 illum

208 2270 210 2272 -
263 2235 538 2296 consulem,
582 2235 755 2284 consul
793 2234 957 2284 factus
990 2252 1167 2294 essem,
1209 2252 1442 2284 revocare
1469 2252 1519 2284 se
1546 2236 1610 2284 ad

261 2316 556 2365 industriam
583 2315 780 2381 coepit:
820 2332 902 2375 ne,
944 2332 1058 2364 cum
1099 2331 1243 2380 pares
1268 2315 1456 2364 honore
1483 2332 1608 2364 esse-

261 2413 391 2456 mus,
427 2396 592 2461 aliqua
616 2413 668 2444 re
694 2395 972 2461 superiores
996 2394 1296 2443 videremur.
1369 2395 1450 2443 Sic
1487 2395 1608 2444 duo-

263 2475 428 2524 decim
451 2484 566 2540 post
589 2492 758 2523 meum
784 2474 1098 2523 consulatum
1123 2491 1278 2522 annos
1302 2474 1354 2521 in
1379 2475 1607 2524 maximis
1633 2521 1639 2526 .

263 2556 438 2612 causis,
484 2573 598 2604 cum
640 2572 735 2620 ego
774 2554 896 2602 mihi
935 2553 1094 2613 illum,
1137 2553 1228 2601 sibi
1259 2570 1338 2601 me
1363 2553 1445 2602 ille
1471 2562 1608 2602 ante-

260 2635 433 2695 ferret,
472 2635 877 2699 conjunctissime
912 2635 1094 2682 versati
1137 2650 1335 2681 sumus:
1384 2634 1608 2682 consula-

258 2725 441 2782 tusque
466 2732 621 2772 mem,
650 2715 734 2780 qui
759 2715 898 2763 illum
923 2715 1083 2780 primo
1107 2711 1284 2762 leviter
1306 2714 1606 2778 perstrinxe-

260 2805 353 2855 rat,
396 2796 532 2845 idem
574 2812 663 2844 nos
705 2811 871 2844 rerum
913 2811 1135 2843 mearum
1177 2801 1449 2859 gestarum,
1486 2812 1606 2859 quas

258 2876 342 2928 ille
382 2876 738 2935 admirabatur,
773 2874 924 2925 laude
961 2873 1306 2940 conjunxerat.
1380 2873 1606 2924 Maxime
