2071 3508
311 1321 424 1365 256.

317 2350 345 2389 10

350 2360 376 2389 0

322 2718 425 2777 642

447 427 523 465 182
942 427 1018 466 DE
1047 426 1317 465 ORATORE

447 534 644 583 videtur
682 551 785 583 esse
824 534 1095 583 misericors
1119 535 1216 591 ille,
1255 534 1337 598 qui
1353 532 1632 598 judicatum
1657 529 1774 579 duci

448 614 604 671 videt,
633 621 985 677 percunctatus
1009 614 1096 672 ita,
1134 613 1320 670 Quanti
1345 611 1604 660 addictus?
1641 609 1774 657 mille

451 692 722 745 nummum.
784 692 833 739 Si
858 692 1127 740 addidisset
1150 691 1514 750 tantummodo,
1534 692 1703 738 Ducas
1721 688 1776 735 li-

454 776 566 820 cet:
606 777 733 817 esset
767 769 890 818 illud
923 787 1079 834 genus
1114 770 1307 818 ridiculi
1330 777 1525 834 praeter
1549 773 1778 831 expecta-

453 848 640 896 tionem
663 866 675 895 :
715 848 800 897 sed
825 848 938 912 quia
962 848 1171 906 addidit,
1209 847 1347 895 Nihil
1371 847 1516 902 addo,
1549 846 1700 893 ducas
1723 844 1778 891 li-

455 934 565 975 cet:
593 927 762 974 addito
787 927 1036 990 ambiguo,
1061 926 1215 974 altero
1238 942 1421 990 genere
1445 923 1660 982 ridiculi,
1682 923 1780 971 fuit

453 1008 535 1069 (ut
582 1004 701 1051 mihi
749 1005 948 1068 quidem
994 1004 1214 1066 videtur)
1262 1003 1590 1051 salsissimum.
1663 1001 1780 1049 Hoc

453 1090 560 1131 tum
587 1090 661 1130 est
683 1083 1098 1141 venustissimum,
1129 1100 1241 1131 cum
1279 1082 1330 1130 in
1361 1082 1683 1130 altercatione
1708 1098 1780 1129 ar-

454 1163 630 1227 ripitur
667 1165 726 1212 ab
765 1164 1041 1211 adversario
1077 1165 1302 1222 verbum,
1344 1171 1394 1210 et
1435 1179 1497 1210 ex
1536 1178 1596 1210 eo
1634 1165 1715 1226 (ut
1752 1176 1781 1209 a

457 1241 634 1290 Catulo
658 1243 710 1290 in
736 1241 1041 1306 Philippum)
1061 1242 1112 1288 in
1137 1259 1250 1289 eum
1274 1242 1434 1306 ipsum
1459 1241 1658 1304 aliquid,
1696 1241 1780 1304 qui

454 1319 717 1380 lacessivit,
758 1321 1011 1386 infligitur.
1083 1320 1180 1368 Sed
1219 1337 1333 1369 cum
1369 1319 1510 1384 plura
1550 1319 1648 1367 sint
1682 1335 1782 1366 am-

453 1400 592 1464 bigui
632 1417 834 1465 genera,
877 1400 937 1448 de
980 1400 1156 1464 quibus
1193 1408 1267 1447 est
1291 1399 1517 1448 doctrina
1540 1398 1780 1462 quaedam

455 1479 711 1537 subtilior3
750 1479 1025 1538 attendere,
1068 1487 1117 1527 et
1152 1479 1386 1543 aucupari
1415 1478 1566 1527 verba
1589 1484 1782 1541 oporte-

452 1559 528 1608 bit
548 1577 559 1606 :
598 1560 649 1606 in
673 1576 792 1624 quo,
816 1569 871 1607 ut
897 1575 970 1619 ea,
991 1577 1115 1624 quae
1142 1560 1239 1607 sint
1256 1558 1528 1623 frigidiora,
1551 1558 1780 1613 vitemus,

456 1638 666 1702 (etenim
708 1639 983 1686 cavendum
1025 1645 1117 1696 est,
1154 1654 1217 1685 ne
1259 1638 1544 1686 arcessitum
1591 1636 1782 1684 dictum

454 1716 682 1780 putetur)
722 1716 966 1780 permulta
1001 1724 1168 1766 tamen
1203 1723 1349 1764 acute
1385 1715 1623 1767 dicemus.
1694 1713 1783 1763 Al-

455 1803 616 1843 terum
642 1813 799 1859 genus
825 1805 913 1853 est,
958 1797 1091 1861 quod
1127 1796 1276 1844 habet
1310 1811 1510 1859 parvam
1533 1794 1672 1843 verbi
1694 1793 1781 1841 im-

456 1874 800 1934 mutationem,
825 1875 977 1939 quod,
1002 1876 1051 1922 in
1076 1875 1218 1923 litera
1241 1874 1474 1938 positum,
1494 1873 1677 1922 Graeci
1701 1888 1784 1920 vo-

458 1960 574 1999 cant
597 1974 882 2013 παρονσμασιαν,
899 1962 954 2002 ut
967 1954 1293 2010 Nobiliorem,
1309 1952 1615 2001 mobiliorem
1631 1952 1780 2000 Cato:

457 2039 560 2089 aut,
598 2040 654 2079 ut
695 2033 826 2080 idem
864 2051 977 2081 cum
1015 2034 1209 2081 cuidam
1248 2031 1469 2090 dixisset,
1495 2032 1677 2080 Eamus
1701 2031 1783 2079 de-

457 2109 792 2170 ambulatum3
833 2119 883 2159 et
919 2112 1020 2171 ille,
1059 2112 1195 2169 Quid
1220 2127 1341 2175 opus
1366 2110 1462 2158 fuit
1487 2111 1586 2159 de?
1623 2111 1784 2158 Immo

458 2202 588 2242 vero,
616 2187 793 2250 inquit,
821 2190 955 2245 Quid
980 2207 1101 2254 opus
1125 2189 1220 2237 fuit
1243 2188 1323 2238 te?
1359 2197 1444 2237 aut
1469 2187 1688 2253 ejusdem
1712 2206 1785 2238 re-

460 2265 654 2327 sponsio
678 2265 778 2324 illa,
804 2267 852 2313 Si
877 2275 931 2314 tu
952 2276 1002 2314 et
1026 2269 1256 2318 adversus
1282 2279 1333 2318 et
1356 2286 1553 2318 aversus
1575 2268 1785 2332 impudi-

416 2378 426 2389 .
462 2359 547 2390 cus
572 2360 638 2391 es.
710 2344 872 2392 Etiam
897 2346 1238 2409 interpretatio
1263 2348 1474 2396 nominis
1498 2348 1648 2395 habet
1671 2363 1785 2394 acu-

460 2437 593 2481 men,
632 2440 745 2470 cum
782 2424 845 2470 ad
869 2424 1130 2471 ridiculum
1157 2434 1432 2484 convertas,
1468 2427 1786 2489 quamobrem

460 2500 529 2547 ita
554 2501 660 2564 quis
684 2510 921 2560 vocetur3
954 2511 1011 2550 ut
1035 2521 1128 2567 ego
1152 2521 1324 2568 nuper,
1351 2504 1642 2553 Nummium
1667 2504 1788 2552 divi-

463 2595 640 2637 sorem,
664 2588 721 2627 ut
745 2580 1131 2647 Neoptolemum
1151 2583 1214 2630 ad
1238 2582 1458 2647 Trojam,
1483 2583 1551 2630 sic
1575 2582 1712 2630 illum
1737 2583 1788 2630 in

463 2675 637 2722 campo
656 2658 838 2707 Martio
854 2676 1034 2708 nomen
1053 2662 1310 2710 invenisse.
1350 2662 1521 2725 Atque
1539 2662 1662 2710 haec
1687 2678 1788 2710 om-

464 2737 544 2783 nia
567 2739 717 2785 verbo
743 2738 1076 2788 continentur.
1147 2740 1302 2804 Saepe
1338 2741 1486 2788 etiam
1521 2756 1688 2788 versus
1716 2740 1785 2788 fa-

466 2823 574 2862 cete
613 2816 961 2881 interponitur,
996 2817 1074 2866 vel
1114 2826 1171 2867 ut
1206 2827 1298 2878 est,
1321 2819 1400 2868 vel
1423 2819 1676 2884 paululum
1699 2819 1787 2867 im-

465 2901 682 2942 mutatus
709 2916 722 2954 3
779 2904 864 2944 aut
910 2896 1071 2963 aliqua
1114 2915 1224 2963 pars
1269 2915 1456 2958 versus,
1501 2905 1560 2947 ut
1605 2898 1788 2947 Statius
