2071 3508
413 528 490 573 27.

528 416 577 450 10
1001 401 1078 447 DE
1107 408 1374 448 ORATORE
1396 421 1399 422 ⁷

524 529 632 569 sent
653 538 664 568 ε
703 537 761 568 eo
786 525 949 565 autem
974 517 1107 564 omni
1131 534 1352 566 sermone
1373 514 1618 575 confecto,
1650 522 1839 564 tantam

523 599 572 645 in
599 599 770 646 Crasso
794 595 1149 644 humanitatem
1172 596 1339 654 fuisse,
1376 602 1451 654 ut,
1480 611 1591 642 cum
1616 594 1737 642 lauti
1762 609 1842 641 ac-

523 676 822 731 cubuissent,
846 672 1099 721 tolleretur
1124 674 1280 721 omnis
1304 672 1386 719 illa
1411 672 1672 736 superioris
1697 671 1844 719 tristi-

522 754 590 800 tia
613 751 877 810 sermonis3
918 768 1072 815 eaque
1095 758 1222 799 esset
1246 751 1296 797 in
1321 750 1521 797 homine
1537 748 1845 812 jucunditas,

523 840 572 879 et
595 837 760 877 tantus
784 829 835 875 in
851 829 1069 892 jocando
1097 828 1250 893 lepos,
1288 836 1345 876 ut
1369 827 1472 875 dies
1495 827 1624 874 inter
1650 842 1731 874 eos
1758 843 1842 874 cu-

521 910 620 956 riae
676 907 825 955 fuisse
887 907 1154 965 videretur,
1219 906 1500 954 convivium
1558 904 1845 952 Tusculani.

479 1016 490 1030 .
525 986 726 1033 Postero
751 993 916 1032 autem
953 983 1051 1043 die,
1086 1000 1198 1031 cum
1229 982 1297 1029 illi
1333 982 1540 1046 majores
1575 989 1696 1029 natu
1732 981 1849 1029 satis

522 1064 789 1128 quiessent,
826 1070 876 1110 et
912 1063 963 1109 in
1005 1060 1386 1109 ambulationem
1432 1068 1635 1108 ventum
1683 1066 1846 1119 esset;

521 1141 720 1189 dicebat
752 1149 859 1188 tum
896 1139 1197 1197 Scaevolam,
1237 1139 1427 1186 duobus
1469 1138 1634 1202 spatiis
1673 1137 1849 1186 tribus-

519 1236 580 1267 ve
620 1218 778 1273 factis,
824 1217 1033 1264 dixisse:
1085 1216 1185 1263 Cur
1220 1232 1319 1263 non
1354 1216 1619 1273 imitamur,
1657 1215 1848 1272 Crasse,

522 1298 774 1345 Socratem
815 1294 972 1352 illum,
1015 1293 1214 1359 qui—est
1248 1293 1299 1338 in
1336 1293 1560 1339 Phaedro
1595 1291 1848 1339 Platonis?

521 1391 634 1421 nam
659 1389 738 1420 me
762 1372 885 1420 haec
911 1379 996 1418 tua
1020 1369 1245 1434 platanus
1275 1369 1546 1424 admonuit,
1585 1386 1710 1432 quae
1747 1385 1848 1416 non

521 1451 682 1498 minus
729 1450 793 1497 ad
833 1448 1143 1513 opacandum
1182 1447 1315 1494 hunc
1351 1446 1517 1494 locum
1557 1446 1738 1511 patulis
1775 1455 1849 1495 est

522 1528 698 1576 diffusa
720 1528 884 1586 ramis,
921 1543 1066 1591 quam
1101 1525 1202 1583 illa,
1239 1524 1377 1588 cujus
1403 1526 1626 1572 umbram
1651 1532 1848 1573 secutus

523 1615 598 1655 est
640 1607 894 1665 Socrates3
935 1623 1058 1669 quae
1094 1604 1213 1651 mihi
1247 1603 1442 1651 videtur
1477 1619 1576 1651 non
1611 1611 1712 1650 tam
1746 1602 1851 1666 ipsa

523 1685 720 1749 aquula,
746 1701 869 1748 quae
895 1682 1205 1740 describitur,
1225 1698 1370 1744 quam
1389 1680 1604 1729 Platonis
1629 1679 1849 1728 oratione

525 1764 766 1811 crevisse:
806 1770 856 1810 et
893 1761 1025 1825 quod
1060 1760 1140 1807 ille
1179 1759 1444 1807 durissimis
1479 1759 1686 1823 pedibus
1709 1758 1849 1818 fecit,

522 1849 580 1889 ut
617 1858 667 1889 se
705 1840 940 1904 abjiceret
975 1840 1025 1886 in
1066 1839 1285 1896 herbam,
1322 1845 1469 1901 atque
1493 1838 1562 1885 ita
1584 1836 1684 1896 illa,
1725 1853 1850 1900 quae

521 1919 799 1983 philosophi
835 1919 1067 1966 divinitus
1102 1916 1269 1964 ferunt
1305 1933 1408 1964 esse
1437 1916 1588 1974 dicta,
1628 1915 1851 1979 loquere-

466 2040 472 2052 ,
524 2006 622 2055 tur,
658 1997 711 2044 id
745 1997 864 2044 meis
899 1995 1106 2059 pedibus
1134 2002 1266 2042 certe
1294 1994 1502 2042 concedi
1535 2002 1607 2042 est
1631 1994 1847 2057 aequius.

418 2087 494 2129 29.

423 2543 498 2580 30.

528 2076 659 2123 Tum
697 2076 944 2132 Crassum,
982 2074 1142 2120 Immo
1175 2089 1292 2120 vero
1329 2071 1634 2120 commodius
1670 2072 1850 2130 etiam;

526 2154 850 2218 pulvinosque
873 2151 1172 2216 poposcisse,
1209 2157 1259 2196 et
1282 2166 1450 2196 omnes
1479 2150 1531 2196 in
1555 2150 1612 2196 iis
1636 2149 1852 2209 sedibUS,

529 2249 652 2296 quae
679 2240 818 2280 erant
842 2232 929 2278 sub
954 2229 1172 2293 platano,
1198 2227 1476 2275 consedisse
1502 2227 1713 2275 dicebat.

596 2311 691 2368 lbi,
726 2318 782 2357 ut
818 2326 879 2356 ex
914 2307 1119 2372 pristino
1152 2322 1373 2353 sermone
1396 2304 1731 2353 relaxarentur
1754 2303 1854 2351 ani-

530 2390 596 2436 mi
643 2388 880 2445 omnium,
933 2385 1119 2433 solebat
1167 2384 1314 2431 Cotta
1359 2400 1571 2440 narrare,
1625 2382 1853 2430 Crassum

531 2482 805 2513 sermonem
854 2464 1102 2528 quendam
1151 2462 1212 2509 de
1266 2461 1428 2509 studio
1481 2460 1680 2508 dicendi
1724 2460 1854 2507 intu-

530 2543 656 2590 lisse.
730 2542 829 2598 Qui
855 2558 967 2589 cum
997 2541 1066 2587 ita
1091 2546 1218 2587 esset
1242 2554 1441 2586 exorsus
1463 2556 1473 2585 ε
1512 2537 1629 2586 Non
1654 2537 1744 2585 sibi
1774 2553 1853 2584 co-

532 2620 827 2668 hortandum
876 2617 1146 2682 Sulpicium
1195 2625 1245 2664 et
1292 2617 1510 2675 Cottam,
1566 2615 1653 2662 sed
1698 2615 1853 2678 magis

533 2706 793 2760 utrumque
812 2697 1191 2745 collaudandum
1207 2695 1380 2753 videri,
1397 2694 1528 2758 quod
1542 2701 1730 2741 tantam
1744 2692 1849 2755 jam

533 2782 695 2821 essent
718 2774 1002 2822 facultatem
1027 2774 1211 2839 adepti,
1247 2782 1303 2821 ut
1326 2789 1425 2820 non
1449 2771 1730 2835 aequalibus
1753 2769 1850 2817 suis

534 2849 690 2898 solum
714 2859 1146 2915 anteponerentur,
1178 2851 1265 2899 sed
1291 2867 1403 2899 cum
1433 2847 1694 2913 majoribus
1728 2853 1845 2895 natu
