2071 3508
339 1044 417 1087 66.

434 468 512 505 246
917 462 994 502 DE
1024 462 1291 503 ORATORE

437 574 727 633 abhorreat3
765 572 845 621 vel
887 574 1019 637 quod
1054 590 1242 633 omnes,
1279 573 1362 638 qui
1398 574 1642 639 sapientes
1665 588 1767 620 non

440 654 557 712 sint,
596 668 776 710 servos,
817 651 1046 709 latrones,
1089 652 1269 710 hosteS,
1313 653 1508 702 insanos
1551 668 1659 700 esse.
1698 650 1770 698 di-

443 738 598 789 cunt3
637 746 800 793 neque
835 738 1002 778 tamen
1028 748 1323 795 quemquam
1351 749 1455 780 esse
1481 731 1772 795 sapientem,

442 808 587 858 valde
613 814 778 856 autem
820 817 894 856 est
935 808 1214 865 absurdum,
1256 809 1301 856 ei
1341 810 1651 868 concionem,
1687 815 1774 856 aut

448 897 692 948 senatum,
733 898 818 938 aut
855 888 1009 937 ullum
1047 896 1245 937 coetum
1275 889 1527 938 hominem
1552 887 1776 937 commit-

446 975 567 1025 tere,
595 969 675 1017 cui
699 985 845 1016 nemo
869 967 1078 1023 illorum,
1117 967 1201 1031 qui
1225 969 1405 1027 adsint,
1430 983 1593 1026 sanus,
1628 983 1776 1014 nemo

451 1047 588 1104 civis,
625 1063 771 1094 nemo
795 1045 918 1093 liber
943 1062 1046 1094 esse
1069 1046 1325 1094 videatur:
1366 1045 1604 1102 Accedit,
1645 1042 1779 1107 quod

451 1125 682 1172 orationis
709 1124 856 1171 etiam
879 1141 1038 1188 genus
1061 1125 1247 1173 habent
1269 1124 1474 1172 fortasse
1507 1121 1704 1180 subtile,
1729 1128 1781 1170 et

454 1210 588 1250 certe
613 1209 815 1249 acutum
837 1222 849 1260 3
889 1202 994 1258 sed,
1018 1210 1075 1249 ut
1098 1202 1150 1248 in
1174 1209 1385 1259 oratore,
1411 1201 1558 1259 exile,
1582 1199 1783 1248 inusita-

453 1289 580 1340 tum,
604 1280 870 1327 abhorrens
906 1280 965 1326 ab
1002 1278 1199 1327 auribus
1223 1279 1380 1343 vulgi,
1405 1280 1684 1335 obscurum,
1711 1279 1783 1326 in-

456 1377 567 1419 ane,
583 1358 830 1423 jejunum,
855 1364 1073 1405 attamen
1099 1357 1353 1422 ejusmodi,
1382 1375 1478 1422 quo
1502 1357 1576 1405 uti
1599 1357 1663 1405 ad
1681 1356 1785 1405 vul-

455 1455 548 1501 gus
571 1436 707 1484 nullo
731 1436 880 1483 modo
903 1436 1071 1499 possit.
1144 1436 1260 1484 Alia
1299 1436 1430 1484 enim
1467 1444 1517 1484 et
1550 1437 1699 1495 bona,
1735 1443 1788 1483 et

458 1515 585 1562 mala
623 1514 855 1562 videntur
897 1514 1090 1574 Stoicis,
1133 1523 1183 1563 et
1224 1515 1430 1563 caeteris
1467 1514 1673 1573 civibus,
1707 1513 1789 1564 vel

458 1594 622 1658 potius
651 1592 913 1656 gentibus:
965 1591 1058 1639 alia
1098 1593 1170 1640 vis
1211 1592 1428 1651 honoris,
1469 1592 1787 1656 ignominiae,

461 1666 683 1736 praemii,
708 1669 964 1734 supplicii:
1002 1687 1135 1729 vere,
1172 1687 1234 1717 an
1260 1687 1419 1729 seCUS,
1455 1670 1578 1717 nihil
1606 1670 1671 1718 ad
1692 1669 1790 1718 hoc

463 1756 689 1813 tempus:
729 1748 816 1796 sed
857 1765 914 1796 ea
955 1748 994 1796 si
1035 1765 1312 1812 sequamur,
1353 1748 1538 1796 nullam
1571 1763 1793 1813 unquam

421 1874 433 1886 ,
465 1845 569 1875 rem
605 1827 819 1875 dicendo
858 1828 1091 1892 expedire
1126 1829 1426 1896 possimus&
1454 1827 1654 1892 Reliqui
1678 1835 1795 1876 sunt

468 1905 803 1969 Peripatetici,
840 1914 891 1954 et
927 1906 1252 1955 Academici:
1292 1923 1572 1970 quanquam
1599 1905 1796 1954 Acade-

467 1986 707 2034 micorum
754 2004 936 2035 nomen
984 1995 1058 2035 est
1108 2004 1281 2046 unum,
1329 1986 1604 2034 sententiae
1651 1985 1796 2035 duae.

467 2065 599 2114 Nam
633 2066 932 2130 Speusippus
959 2065 1175 2113 Platonis
1211 2066 1386 2113 sororis
1420 2064 1565 2124 filius,
1607 2073 1658 2113 et
1698 2065 1798 2114 Xe-

470 2153 715 2202 nocrates,
754 2145 836 2208 qui
875 2145 1136 2193 Platonem
1173 2145 1413 2203 audierat,
1449 2152 1500 2192 et
1524 2144 1607 2208 qui
1632 2144 1800 2193 Xeno-

474 2230 677 2280 cratem,
706 2222 925 2281 Polemo‚
957 2231 1007 2270 et
1033 2224 1261 2281 Crantor,
1277 2223 1399 2271 nihil
1423 2225 1484 2272 ab
1512 2223 1800 2284 Aristotele,

474 2300 559 2363 qui
596 2317 695 2347 una
731 2301 954 2347 audierat
990 2301 1266 2355 Platonem,
1295 2316 1594 2363 magnopere
1620 2302 1802 2349 dissen-

477 2378 572 2425 sit:
628 2376 769 2440 copia
810 2375 1014 2424 fortasse
1057 2383 1108 2423 et
1152 2375 1388 2424 varietate
1427 2377 1626 2426 dicendi
1662 2396 1804 2443 pares

478 2472 578 2504 non
614 2454 830 2503 fuerunt.
903 2453 1150 2502 Arcesilas
1189 2455 1417 2518 primum,
1463 2456 1545 2519 qui
1583 2456 1804 2507 Polemo-

480 2550 594 2582 nem
618 2532 855 2589 audierat,
891 2549 952 2580 ex
987 2533 1130 2581 variis
1156 2532 1373 2580 Platonis
1395 2533 1549 2593 libris,
1573 2537 1806 2584 sermoni-

480 2614 669 2677 busque
712 2612 991 2672 Socraticis,
1031 2613 1127 2661 hoc
1163 2613 1376 2661 maxime
1412 2613 1634 2678 arripuit,
1668 2613 1808 2662 Nihil

484 2708 589 2740 esse
616 2691 757 2750 certi,
783 2692 916 2755 quod
940 2699 1026 2740 aut
1049 2692 1287 2751 sensibuS,
1323 2700 1408 2739 aut
1432 2693 1596 2741 animo
1618 2692 1807 2757 percipi

483 2770 668 2834 possit:
708 2787 855 2834 quem
894 2768 1062 2819 ferunt
1099 2771 1280 2819 eximio
1315 2771 1528 2835 quodam
1561 2762 1705 2826 usum
1740 2771 1808 2820 le-

484 2864 604 2910 pore
629 2848 843 2904 dicendi,
881 2857 1194 2913 aspernatum
1232 2866 1336 2897 esse
1359 2866 1505 2898 omne
1530 2849 1678 2898 animi
1702 2865 1809 2897 sen-

487 2941 665 2989 susque
681 2926 947 2990 judicium,
981 2921 1290 2993 primumque
1325 2918 1610 2988 instituisse,
1635 2931 1809 2994 (quan-
