2071 3508
331 2335 435 2396 86.

464 430 543 467 414-
958 423 1035 462 DE
1066 422 1266 462 CLARIS

466 543 701 594 oratores,
737 542 793 582 ut
826 533 1081 598 imperitos
1115 542 1281 598 posses
1316 530 1368 579 in
1404 547 1615 579 errorem
1651 530 1793 579 indua

468 631 595 664 cere.
665 612 909 677 Equidem
944 612 995 658 in
1030 610 1321 675 quibusdam
1356 610 1505 657 risum
1538 609 1621 657 vix
1658 617 1793 657 tene-

466 695 599 752 bam,
619 709 731 741 cum
760 691 933 739 Attico
957 689 1134 755 Lysiae
1155 689 1397 737 Catonem
1415 696 1637 737 nostrum
1663 703 1794 736 com-

467 773 689 837 parabas,
724 786 958 835 magnum
984 769 1264 817 mehercule
1299 769 1568 828 hominem,
1608 767 1687 815 vel
1709 783 1795 831 po-

467 851 565 899 tius
606 865 869 907 summum,
905 856 956 896 et
991 847 1286 912 singularem
1322 848 1514 895 virum:
1553 863 1700 895 nemo
1725 845 1795 892 di-

470 939 552 978 cet
592 946 764 978 secus:
804 927 890 975 sed
914 928 1194 975 oratorem?
1238 927 1325 975 sed
1360 927 1508 975 etiam
1533 926 1711 992 Lysiae
1736 924 1795 971 si-

469 1008 653 1066 milem,
690 1024 787 1070 quo
828 1006 950 1053 nihil
983 1014 1147 1070 potest
1172 1022 1275 1054 esse
1299 1006 1517 1070 pictius?
1551 1004 1681 1054 bella
1703 1003 1796 1050 iro-

469 1087 567 1145 nia,
604 1085 642 1132 si
674 1083 989 1148 jocaremur:
1045 1083 1118 1129 sin
1161 1100 1509 1142 asseveramus,
1554 1082 1684 1139 vide,
1732 1097 1796 1129 ne

469 1164 641 1228 religio
681 1162 820 1210 nobis
858 1168 960 1208 tam
985 1159 1264 1207 adhibenda
1301 1161 1382 1219 sit,
1418 1177 1563 1224 quam
1599 1161 1638 1208 si
1660 1160 1796 1208 testi-

469 1243 689 1289 monium
715 1240 1007 1288 diceremus.
1079 1237 1188 1301 Ego
1214 1238 1345 1285 enim
1371 1238 1612 1286 Catonem
1635 1247 1796 1297 tuum,

470 1329 528 1368 ut
552 1321 728 1378 civem,
764 1326 820 1366 ut
845 1325 1138 1374 senatorem,
1174 1324 1230 1364 ut
1252 1317 1616 1382 imperatorem,
1651 1324 1708 1364 ut
1729 1317 1800 1364 vi-

472 1416 579 1446 rum
606 1398 817 1461 denique
854 1412 968 1444 cum
991 1394 1255 1460 prudentia
1290 1403 1341 1442 et
1381 1395 1654 1461 diligentia,
1689 1403 1796 1444 tum

472 1478 606 1525 omni
641 1477 822 1524 virtute
860 1473 1188 1523 excellentem
1222 1475 1411 1538 probo:
1450 1475 1693 1523 orationes
1717 1492 1799 1523 au-

471 1564 574 1605 tem
600 1555 717 1619 ejus,
755 1562 812 1601 ut
846 1553 938 1600 illis
963 1553 1284 1616 temporibus,
1320 1552 1462 1601 valde
1485 1553 1666 1602 laudo:
1706 1553 1799 1619 sig-

471 1637 674 1684 nificant
700 1635 828 1682 enim
856 1633 1100 1697 quandam
1125 1632 1332 1680 formam
1357 1633 1563 1697 ingenii,
1605 1634 1692 1682 sed
1715 1633 1798 1682 ad-

472 1715 674 1762 modum
709 1713 1000 1777 impolitam,
1037 1720 1087 1759 et
1122 1712 1266 1775 plane
1305 1713 1494 1760 rudem.
1567 1712 1798 1776 Origines

471 1811 587 1842 vero
613 1810 726 1841 cum
751 1792 975 1839 omnibus
1012 1791 1214 1839 oratoris
1249 1791 1475 1839 laudibus
1499 1790 1702 1840 refertas
1727 1791 1799 1839 di-

473 1889 626 1931 ceres,
663 1879 713 1919 et
750 1871 990 1919 Catonem
1028 1887 1140 1918 cum
1178 1870 1382 1918 Philisto·
1419 1879 1469 1918 et
1499 1870 1796 1936 Thucydide

472 1966 792 2014 comparares,
840 1949 1058 1996 Brutone
1100 1956 1150 1996 te
1192 1948 1244 1995 id
1282 1950 1531 2005 censebas,
1575 1961 1636 1997 an
1677 1951 1797 1998 mihi

471 2029 828 2093 probaturum?
873 2029 1010 2083 Quos
1048 2029 1178 2076 enim
1214 2045 1276 2076 ne
1314 2046 1340 2077 e
1366 2029 1572 2078 Graecis
1598 2030 1796 2094 quidem

471 2108 727 2172 quisquam
763 2107 943 2154 imitari
978 2115 1156 2171 potest,
1195 2107 1251 2154 iis
1287 2115 1342 2155 tu
1369 2125 1620 2172 comparas
1643 2107 1798 2156 homi-

473 2203 587 2234 nem
629 2186 987 2245 Tusculanum,
1030 2187 1249 2234 nondum
1289 2187 1618 2251 suspicantem
1654 2186 1799 2252 quale

472 2273 600 2312 esset
624 2265 819 2328 copiose
845 2272 895 2311 et
919 2272 1088 2312 ornate
1115 2264 1294 2313 dicere.

538 2342 748 2391 Galbam
789 2342 973 2390 laudas.
1060 2343 1108 2390 Si
1149 2352 1206 2390 ut
1244 2343 1374 2392 illius
1412 2345 1586 2392 aetatis
1619 2344 1798 2409 princi-

471 2439 599 2486 pem,
650 2422 916 2469 assentior:
958 2422 1026 2469 sic
1066 2422 1196 2468 enim
1236 2423 1532 2487 accepimus.
1620 2423 1704 2471 Sin
1741 2431 1798 2471 ut

471 2509 729 2557 oratorem,
769 2501 911 2559 cedo,
949 2517 1143 2564 quaeso,
1179 2502 1438 2558 orationes,
1477 2505 1617 2567 (sunt
1640 2502 1796 2563 enim)

472 2589 523 2628 et
564 2580 659 2636 dic,
702 2580 851 2635 hunc,
896 2597 1041 2643 quem
1083 2588 1138 2627 tu
1178 2579 1306 2644 plus,
1349 2597 1494 2644 quam
1534 2589 1605 2640 te,
1646 2598 1792 2638 amas,

473 2659 695 2714 Brutum,
727 2657 853 2706 velle
878 2666 927 2706 te
953 2658 1036 2705 illo
1060 2658 1207 2706 modo
1244 2659 1425 2707 dicere.
1497 2660 1678 2708 Probas
1701 2659 1795 2708 Le-

470 2736 573 2800 pidi
598 2737 842 2784 orationes
863 2755 874 2783 :
912 2736 1112 2801 paulum
1137 2735 1218 2784 hic
1242 2737 1332 2785 tibi
1357 2738 1612 2796 assentior,
1646 2737 1794 2786 modo

471 2815 540 2861 ita
561 2813 757 2873 laudes,
774 2823 830 2863 ut
852 2816 1076 2880 antiquas
1097 2834 1108 2863 :
1148 2815 1280 2880 quod
1303 2816 1423 2864 item
1449 2816 1510 2864 de
1537 2815 1793 2873 Africano,

473 2892 534 2940 de
577 2892 765 2951 Laelio,
809 2892 946 2956 cujus
986 2902 1042 2942 tu
1084 2894 1303 2942 oratione
1339 2910 1489 2958 negas
1516 2893 1620 2942 fieri
1655 2892 1793 2956 quid-
