2071 3508
750 402 1125 443 ORATORIBUS.
1525 408 1605 451 357

335 512 465 560 Tum
494 512 690 566 Brutus,
730 510 834 558 Etsi
862 511 993 569 satis,
1036 510 1213 575 inquit,
1258 510 1376 558 mihi
1402 512 1606 563 videbar
1637 506 1745 570 4⁴0„

264 591 445 639 habere
488 587 742 653 cognitum
783 588 1067 637 Scaevolam
1096 607 1157 638 ex
1194 589 1251 637 iis
1283 592 1447 649 rebus,
1484 609 1606 656 quas

263 670 522 718 audiebam
561 665 806 733 saepe‘ex
851 669 907 717 C.
961 668 1165 728 Rutilio,
1226 686 1323 733 quo
1369 672 1606 720 utebatur

261 756 462 813 propter
503 746 886 796 familiaritatem
928 748 1193 797 Scaevolae
1220 751 1393 809 nostri,
1435 758 1605 799 tamen

259 826 353 874 ista
377 825 498 873 mihi
523 824 626 890 ejus
652 825 853 874 dicendi
890 835 1029 875 tanta
1064 827 1169 875 laus
1211 840 1329 875 nota
1356 845 1452 876 non
1481 837 1603 878 erat.

261 903 438 969 Itaque
482 906 593 969 cepi
636 905 962 970 voluptatem,
1010 914 1112 954 tam
1155 916 1383 955 ornatum
1423 908 1603 968 virum,

256 990 459 1048 tamque
485 984 735 1034 excellens
770 985 1028 1050 ingenium
1064 985 1214 1034 fuisse
1251 987 1301 1033 in
1340 996 1505 1035 nostra
1530 1004 1605 1036 re-

255 1063 470 1127 publica.
554 1064 654 1113 Hic
681 1082 794 1130 ego,
832 1066 967 1124 Noli,
1005 1066 1227 1129 inq-sam,
1266 1066 1440 1126 Brute,
1479 1067 1604 1115 exis-

255 1143 448 1201 timare,
493 1144 568 1192 his
611 1144 805 1193 duobus
848 1144 1117 1208 quidquam
1160 1143 1310 1192 fuisse
1347 1146 1398 1192 in
1435 1163 1606 1195 nostra

257 1223 459 1272 civitate
484 1224 830 1288 praestantius.
903 1224 1052 1281 Nam,
1085 1233 1140 1271 ut
1164 1223 1312 1287 paulo
1337 1232 1453 1280 ante
1479 1225 1603 1286 dixi,

259 1302 600 1352 consultorum
637 1303 846 1351 alterum
874 1302 1267 1362 disertissimum,
1305 1303 1604 1353 disertorum

257 1382 470 1432 alterum
508 1379 928 1430 consultissimum
957 1379 1144 1441 fuisse3
1198 1383 1267 1429 sic
1309 1383 1359 1428 in
1402 1383 1603 1447 reliquis

255 1464 403 1513 rebus
428 1462 497 1509 ita
522 1459 781 1508 dissimiles
818 1467 959 1507 erant
982 1459 1113 1507 inter
1138 1476 1262 1519 sese,
1302 1468 1520 1508 statuere
1545 1471 1604 1511 ut

255 1552 424 1593 tamen
465 1556 566 1589 non
604 1555 791 1604 posses,
840 1539 998 1586 utrius
1023 1547 1074 1586 te
1101 1539 1271 1587 malles
1297 1540 1599 1590 similiorem.
1656 1532 1663 1546 ”

254 1623 458 1672 Crassus
495 1629 600 1670 erat
636 1620 940 1685 elegantium
975 1620 1322 1684 parcissimus3
1364 1621 1602 1672 Scaevola

252 1719 516 1770 parcorum
559 1701 968 1767 elegantissimus.
1069 1701 1272 1751 Crassus
1313 1703 1365 1751 in
1408 1720 1602 1752 summa

253 1783 490 1833 comitate
528 1782 745 1836 habebat
780 1781 929 1830 etiam
954 1782 1230 1830 severitatis
1266 1784 1416 1844 satis3
1458 1784 1602 1833 Scae-

252 1850 400 1912 volae*
419 1861 575 1910 multa
599 1861 651 1910 in
687 1862 951 1918 severitate
987 1877 1087 1909 non
1129 1861 1301 1910 deerat
1323 1871 1492 1911 tamen
1518 1881 1601 1912 co-

252 1944 413 1992 mitas.
486 1941 634 1990 Licet
658 1941 825 1996 omnia
848 1940 944 1989 hoc
971 1940 1150 1989 modo:
1189 1942 1277 1989 sed
1301 1959 1492 2002 vereor,
1534 1959 1599 1993 ne

251 2022 373 2086 fingi
397 2020 661 2069 videantur
696 2019 836 2077 haec,
875 2028 932 2068 ut
956 2020 1187 2068 dicantur
1223 2038 1250 2068 a
1274 2038 1354 2069 me
1380 2022 1598 2086 quodam

252 2100 438 2161 modo3
482 2116 559 2148 res
601 2115 651 2148 se
690 2107 859 2149 tamen
897 2099 968 2148 sic
1010 2098 1177 2147 habet.
1266 2100 1394 2149 Cum
1437 2102 1597 2151 omnis

250 2180 407 2229 virtus
448 2179 529 2239 sit,
580 2186 638 2227 ut
679 2187 856 2236 vestra,
902 2179 1076 2238 Brute,
1130 2188 1272 2228 vetus
1317 2180 1598 2231 Academia

252 2260 398 2319 dixit,
464 2258 816 2319 mediocritas;
886 2267 1096 2323 uterque
1151 2259 1327 2308 horum
1374 2261 1595 2310 medium

250 2339 489 2406 quiddam
512 2339 712 2388 volebat
735 2338 896 2404 sequi:
929 2339 1018 2388 sed
1041 2339 1111 2390 ita
1137 2340 1365 2399 cadebat,
1390 2348 1448 2388 ut
1471 2340 1597 2391 alter

250 2435 314 2466 ex
339 2418 540 2467 alterius
579 2418 727 2467 laude
750 2426 959 2483 partem,
1003 2427 1214 2484 uterque
1249 2428 1418 2468 autem
1455 2437 1593 2470 suam

250 2505 407 2546 totam
431 2497 652 2546 haberet.
725 2497 858 2546 Tum
885 2498 1083 2555 Brutus,
1129 2498 1258 2547 Cum
1285 2515 1347 2547 ex
1376 2507 1463 2547 tua
1487 2516 1592 2549 ora-

250 2577 386 2626 tione
411 2575 532 2623 mihi
556 2576 746 2636 videor,
764 2576 942 2640 inquit,
967 2578 1097 2625 bene
1123 2576 1354 2626 Crassum
1373 2585 1425 2626 et
1450 2578 1597 2627 Scae-

248 2655 412 2705 volam
449 2655 760 2720 cognovisse,
801 2663 909 2703 tum
935 2655 998 2703 de
1024 2663 1088 2712 te,
1129 2664 1180 2705 et
1204 2655 1267 2705 de
1293 2656 1395 2704 Ser.
1434 2656 1595 2722 Sulpi.

251 2735 330 2784 cio
355 2734 601 2800 cogitans,
638 2750 744 2783 esse
769 2733 1017 2799 quandam
1043 2734 1182 2783 vobis
1208 2751 1323 2785 cum
1348 2734 1442 2784 illis
1462 2735 1592 2784 simi-

247 2811 512 2866 litudinem
519 2812 713 2880 judico.
750 2814 1003 2874 Quonam,
1020 2813 1239 2880 inquam,
1259 2814 1388 2865 istuc
1406 2814 1556 2864 modo
1572 2815 1590 2870 ἒ

1124 2911 1150 2942 z
1188 2903 1218 2942 3
