2071 3508
443 417 496 453 42
917 411 993 450 DE
1025 411 1292 450 ORATORE

444 523 647 586 ignosci,
675 521 880 569 caeteris
904 521 1006 585 ipse
1026 537 1124 568 non
1149 521 1370 585 ignosco.
1419 520 1547 567 Nam
1568 520 1650 583 qui
1669 535 1771 567 non

441 608 618 665 potest,
657 601 740 664 (1111
774 599 947 647 vitiose
982 597 1117 655 facit,
1156 615 1301 661 quem
1327 598 1539 660 denique
1563 614 1662 646 non
1689 598 1771 646 de-

444 688 539 735 cet,
565 679 699 726 hunc
725 682 805 742 (ut
822 677 1117 742 Apollonius
1132 675 1364 740 jubebat)
1385 676 1447 724 ad
1470 676 1524 723 id
1547 676 1680 739 quod
1703 675 1772 724 fa-

444 776 556 807 cere
579 758 746 823 possit,
774 755 1139 804 detrudendum
1164 763 1303 819 puto.

300 831 406 892 ΞΕ).
510 838 644 885 Ν11111
670 844 726 884 111
749 836 914 899 igitur,
943 834 1103 897 inquit
1129 833 1386 896 Sulpicius,
1409 848 1503 888 me,
1531 840 1616 880 aut
1638 832 1774 881 hunc

301 926 411 964 131.
445 916 659 971 Cottam,
678 913 761 978 jus
787 913 945 968 civile,
985 920 1070 960 aut
1104 928 1208 959 rem
1233 910 1492 958 militarem
1508 909 1655 974 jubes
1680 910 1775 959 dis-

443 995 593 1042 cere?
629 1009 742 1040 nam
782 992 887 1055 quis
928 991 992 1038 ad
1028 991 1121 1038 ista
1155 1006 1357 1045 summa,
1391 997 1539 1053 atque
1563 990 1615 1036 in
1640 989 1774 1037 omni

438 1089 622 1137 genere
663 1070 900 1134 perfecta,
942 1076 1107 1133 potest
1142 1068 1438 1132 pervenire?
1507 1067 1639 1115 Tum
1674 1066 1773 1123 ille,

442 1153 552 1215 Ego
576 1165 707 1204 vero,
734 1148 909 1212 inquit,
937 1147 1071 1211 quod
1094 1147 1146 1193 in
1172 1147 1310 1194 vobis
1337 1146 1586 1210 egregiam
1625 1162 1775 1210 quan-

444 1228 556 1276 dam
581 1244 638 1274 ac
662 1226 963 1290 praeclaram
999 1225 1218 1272 indolem
1260 1225 1323 1271 ad
1362 1225 1628 1272 dicendum
1671 1241 1780 1272 esse

444 1305 670 1371 cognovi,
714 1304 900 1351 idcirco
935 1303 1059 1350 haec
1097 1303 1300 1366 exposui
1326 1303 1521 1362 omnia3-
1559 1320 1653 1351 nec
1678 1320 1780 1351 ma·-

443 1386 518 1450 gis
556 1385 619 1432 ad
654 1401 736 1432 eos
774 1384 1108 1439 deterrendos,
1149 1383 1232 1447 qui
1263 1399 1363 1431 non
1387 1390 1603 1447 possent,
1631 1399 1778 1446 quam

446 1465 508 1512 ad
539 1481 639 1520 vos,
679 1463 762 1527 qui
795 1462 1016 1526 possetis,
1056 1462 1371 1509 exacuendos
1407 1462 1778 1509 accommodavi

445 1543 717 1590 orationem
775 1557 935 1588 meam
963 1559 974 1587 :
1037 1548 1086 1587 et
1133 1556 1412 1603 quanquam
1464 1540 1516 1585 in
1567 1547 1784 1603 utroque·

444 1629 662 1670 vestrum
709 1636 953 1667 summum
1002 1635 1106 1666 esse
1152 1618 1408 1682 ingenium
1461 1617 1778 1681 studiumque

446 1701 689 1766 perspexi,
716 1709 882 1748 tamen
903 1699 1039 1755 haec,
1062 1715 1186 1762 quae
1207 1705 1320 1745 sunt
1344 1698 1394 1744 in
1420 1698 1583 1761 specie
1601 1697 1779 1760 posita,

448 1782 509 1829 de
536 1781 711 1844 quibus
728 1779 869 1843 plura
886 1777 1090 1825 fortasse
1111 1777 1228 1832 djxi,
1252 1793 1397 1840 quam
1418 1775 1577 1823 solent
1595 1775 1778 1824 Graeci

308 1866 413 1906 132.
448 1860 629 1916 dicere,
672 1859 724 1905 in
763 1866 829 1913 te,
873 1856 1071 1920 Sulpici,
1111 1855 1277 1903 divina
1312 1863 1441 1902 sunt.
1513 1855 1621 1919 Ego
1647 1855 1777 1902 enim

445 1939 709 1993 neminem,
737 1953 831 1984 nec
856 1943 995 1983 motu
1021 1935 1252 1999 corporis,
1292 1950 1453 1997 neque
1477 1934 1582 1998 ipso
1607 1933 1779 1981 habitu

445 2026 592 2080 atque
632 2016 790 2064 forma
829 2014 1084 2079 aptiorem,
1122 2029 1216 2060 nec
1251 2029 1374 2060 voce
1397 2012 1669 2076 pleniorem
1694 2019 1780 2060 aut

445 2096 718 2143 suaviorem
755 2093 874 2140 mihi
909 2093 1080 2140 videor
1115 2092 1338 2150 audisse,
1379 2108 1503 2155 quae
1540 2091 1716 2154 quibus
1751 2108 1779 2139 a

445 2182 621 2221 natura
666 2172 855 2218 minora
895 2170 1010 2217 data
1052 2178 1180 2225 sunt,
1222 2178 1387 2217 tamen
1429 2169 1552 2216 illud
1587 2170 1779 2233 assequi

444 2259 664 2317 possunt,
692 2258 749 2298 ut
772 2251 842 2305 iis,
872 2266 995 2312 quae
1020 2249 1250 2304 habeant,
1272 2248 1466 2295 modice
1493 2255 1543 2294 et
1566 2248 1780 2296 scienter

446 2337 663 2385 utantur,
703 2337 753 2376 et
788 2335 845 2374 ut
868 2344 930 2374 ne
957 2327 1214 2375 dedeceat.
1287 2326 1348 2373 Id
1373 2325 1503 2373 enim
1529 2332 1602 2372 est
1627 2326 1778 2373 maxi-

447 2425 525 2456 me
550 2407 822 2462 vitandum,
864 2413 913 2453 et
946 2405 1007 2452 de
1044 2405 1138 2452 1106
1174 2421 1274 2451 11110
1309 2404 1509 2450 minime
1536 2411 1610 2451 est
1632 2402 1779 2453 facile

446 2486 745 2550 praecipere,
786 2499 885 2531 non
911 2484 1029 2530 mihi
1062 2483 1223 2538 modo,
1258 2483 1354 2546 qui,
1395 2482 1521 2529 sicut
1545 2498 1671 2530 1111115
1694 2500 1777 2547 pa·
1806 2498 1816 2557 1

447 2565 745 2620 terfamilias,
785 2563 859 2611 his
896 2563 957 2610 de
993 2563 1139 2609 rebus
1171 2561 1362 2625 loquor,
1399 2561 1485 2608 sed
1516 2561 1664 2608 etiam
1689 2562 1781 2626 ipsi

448 2644 515 2690 illi
560 2643 773 2702 Roscio3
825 2658 971 2706 quem
1013 2657 1157 2705 saepe
1204 2640 1350 2687 audio
1400 2640 1579 2695 dicere,
1630 2648 1780 2704 caput

450 2739 553 2769 esse
593 2723 721 2779 artis,
762 2721 972 2769 decere:
1013 2719 1145 2783 quod
1179 2727 1345 2766 tamen
1383 2735 1536 2765 unum
1572 2718 1624 2765 id
1654 2734 1776 2777 esse,

311 2813 417 2852 133.
452 2800 583 2864 quod
606 2800 733 2846 tradi
758 2807 860 2847 arte
885 2815 984 2845 11011
1009 2798 1176 2862 possit.
1248 2797 1359 2852 Sed,
1403 2797 1441 2843 51
1464 2796 1643 2861 placet,
1681 2813 1777 2844 ser·

451 2894 647 2926 monem
689 2877 782 2925 alio
819 2876 1181 2933 transferamus,
1226 2884 1276 2924 et
1316 2883 1485 2924 nostro
1517 2891 1653 2923 more
1693 2873 1778 2923 ali-
