2071 3508
685 385 1073 426 PARTITIONES.
1466 392 1550 432 473

211 497 400 548 cultare
434 515 536 547 non
569 504 769 562 posset:
807 503 864 544 ut
898 496 970 543 ita
993 503 1192 559 apertus
1218 504 1365 554 esset,
1401 498 1552 547 11110-

211 595 324 627 cum
352 577 543 628 crimini
568 574 885 638 relinqueret.
959 573 1250 621 Communis
1269 574 1351 623 ille
1377 585 1554 626 contra

207 656 366 718 locus,
423 654 683 705 audaciam
735 652 1026 712 temeritati,
1090 669 1191 701 non
1237 653 1554 718 prudentiae,

208 754 314 787 esse
340 735 675 800 conjunctam.
748 733 982 798 Sequitur
1017 740 1185 781 autem
1217 732 1301 782 ille
1325 732 1465 782 locus
1490 735 1556 783 ad

207 815 512 881 augendum,
549 834 650 865 non
687 833 792 866 esse
830 815 1220 881 expectandum,
1257 816 1377 865 dum
1401 817 1557 866 fatea-

205 901 288 944 tur
309 913 321 944 :
361 898 666 961 argumentis
684 904 894 962 peccata
919 896 1182 946 convinci:
1221 904 1273 946 et
1295 896 1378 946 1110
1403 896 1554 946 etiam

207 975 437 1040 exempla
461 984 728 1041 ponentur.

276 1053 449 1119 Atque
486 1056 610 1105 haec
641 1056 842 1121 quidem
878 1056 940 1105 de
966 1056 1288 1121 argumentis.
1361 1057 1446 1106 Sin
1471 1074 1556 1106 au·
1586 1054 1693 1117 ,⁶34

206 1140 310 1182 tem
336 1135 430 1183 erit
468 1136 616 1183 etiam
643 1135 846 1184 testium
871 1135 1113 1184 facultas:
1153 1135 1370 1200 primum
1393 1153 1557 1201 genus

207 1212 304 1262 erit
333 1212 494 1277 ipsum
519 1213 842 1272 laudandum,
885 1214 1276 1278 dicendumque,
1313 1231 1378 1264 ne
1412 1233 1558 1282 argu-

206 1292 388 1343 mentis
412 1301 668 1342 teneretur
692 1311 819 1351 reus,
853 1294 1013 1359 ipsum
1039 1310 1128 1342 sua
1153 1294 1386 1343 cautione
1411 1294 1559 1344 fecis-

208 1387 279 1430 se,
320 1380 474 1420 testes
504 1373 724 1438 effugere
757 1389 856 1421 non
875 1372 1110 1438 potuisse.
1167 1372 1368 1420 Deinde
1389 1373 1559 1438 singu..

206 1449 242 1498 11
257 1449 540 1502 laudentur.
615 1452 758 1508 Quae
775 1461 943 1501 autem
964 1459 1129 1501 essent
1144 1451 1426 1510 laudabilia,
1449 1454 1559 1503 dic..

206 1536 315 1579 tum
341 1540 431 1580 est.
504 1532 704 1581 Deinde
731 1533 880 1582 etiam
906 1539 1201 1596 argumento
1226 1531 1396 1593 firm03
1442 1533 1560 1598 quia

208 1616 377 1660 tamen
416 1628 567 1676 saepe
586 1610 764 1659 falsum
791 1619 883 1670 est,
921 1627 1065 1675 posse
1090 1618 1228 1659 recte
1253 1627 1356 1659 non
1382 1612 1520 1660 credi
1543 1630 1557 1661 z

206 1689 313 1738 viro
337 1691 471 1739 bono
496 1699 547 1739 et
570 1690 729 1750 firmo,
768 1690 872 1739 sine
898 1690 1018 1739 vitio
1048 1689 1253 1754 judicis,
1286 1706 1388 1739 non
1411 1707 1559 1756 posse

207 1784 308 1817 non
335 1770 488 1818 credi.
546 1769 706 1834 Atqui
732 1770 900 1829 etiam,
926 1769 965 1817 si
991 1769 1189 1818 obscuri
1212 1777 1366 1818 testes
1391 1778 1560 1830 erunt,

208 1857 296 1899 aut
319 1857 496 1898 tenues
518 1868 530 1898 t
571 1850 841 1898 dicendum
868 1849 980 1908 erit,
1017 1866 1119 1897 non
1143 1865 1248 1898 esse
1269 1866 1332 1897 ex
1355 1849 1561 1898 fortuna

208 1926 358 1976 fidem
384 1927 778 1992 ponderandam,
816 1936 868 1975 et
903 1944 986 1975 eos
1012 1944 1117 1975 esse
1155 1926 1397 1992 cujusque
1420 1927 1559 1977 locu-

207 2005 505 2072 pletissimos
530 2015 697 2064 testes,
737 2007 820 2071 qui
845 2007 914 2066 id,
952 2007 1014 2054 de
1040 2023 1138 2071 quo
1163 2014 1358 2071 agatur,
1382 2005 1559 2056 facilli-

209 2102 290 2134 me
323 2087 450 2136 scire
474 2088 680 2151 possint.
752 2087 838 2135 Sin
877 2087 1190 2151 quaestiones
1214 2086 1429 2145 habitae,
1470 2094 1561 2137 aut

152 2189 157 2192 ·
205 2165 476 2230 postulatio
492 2174 548 2214 ut
563 2165 858 2224 habeantur,
875 2182 1073 2213 causam
1090 2164 1420 2230 adjuvabunt:
1440 2182 1559 2215 con-

208 2244 505 2294 firmandum
531 2263 690 2310 genus
715 2245 929 2310 primum
955 2245 1303 2310 quaestionum
1328 2245 1452 2294 erit:
1485 2246 1560 2294 di-

211 2325 428 2374 cendum
455 2325 517 2375 de
543 2325 591 2373 vi
617 2326 817 2384 doloris,
843 2325 906 2373 de
926 2325 1160 2390 opinione
1184 2324 1447 2390 majorum,
1472 2326 1560 2390 qui

211 2421 321 2453 eam
359 2423 464 2454 rem
505 2413 682 2465 totam,
724 2405 817 2453 nisi
852 2406 1163 2470 probassent,
1199 2413 1336 2454 certe
1359 2405 1560 2470 repudi-

211 2492 404 2534 assent:
433 2486 496 2534 de
521 2485 760 2535 institutis
788 2485 1195 2544 Atheniensium,
1222 2484 1558 2545 Rhodiorum,

213 2562 611 2613 doctissimorum
647 2564 924 2623 hominum,
961 2565 1094 2630 apud
1130 2580 1254 2628 quos
1291 2564 1440 2612 etiam
1477 2563 1559 2630 (id

212 2644 349 2709 quod
374 2644 744 2692 acerbissimum
765 2644 864 2705 est)
896 2644 1039 2692 liberi
1066 2643 1298 2713 civesque
1322 2650 1559 2709 torquen-

212 2731 330 2784 tur;
369 2724 432 2772 de
456 2732 735 2772 nostrorum
762 2724 912 2772 etiam
947 2723 1446 2789 prudentissimorum
1470 2722 1559 2772 ho-

213 2805 404 2853 minum
428 2804 683 2861 institutis,
729 2805 813 2868 qui
850 2821 964 2852 cum
991 2804 1053 2852 de
1078 2803 1230 2852 servis
1253 2802 1306 2850 in
1330 2803 1561 2854 dominos

215 2884 384 2950 quaeri
409 2883 702 2943 noluissent,
738 2883 800 2931 de
840 2883 1035 2931 incestu
1076 2890 1264 2942 tamen,
1300 2891 1351 2935 et
1388 2883 1561 2951 conju..
