2071 3508
707 413 876 451 LIBER
907 411 1215 454 SECUNDUS.
1579 426 1631 461 95

296 534 352 573 ut
374 525 455 573 ille
477 530 618 589 pater
654 521 966 586 eloquentiae
993 521 1054 570 de
1081 539 1131 570 se
1170 522 1413 572 Isocrates
1439 528 1631 592 scripsit

294 606 415 671 ipse,
452 603 641 668 pudore
688 618 716 649 a
758 601 973 650 dicendo
1012 610 1063 650 et
1103 603 1371 653 timiditate
1412 605 1632 670 ingenua

293 684 502 748 quadam
550 680 808 746 refugisti3
871 680 991 741 sive,
1039 690 1096 730 ut
1141 683 1245 747 ipse
1275 682 1436 748 jocari
1484 686 1629 748 soles,

290 779 444 810 unum
468 761 653 827 putasti
679 761 793 809 satis
819 776 924 809 esse
942 777 1043 809 non
1069 762 1219 810 modo
1242 762 1295 809 in
1320 780 1420 812 una
1443 763 1631 815 familia

287 840 552 898 rhetorem,
592 840 680 889 sed
702 856 831 905 pene
855 839 908 887 in
932 847 1039 889 tota
1064 841 1264 890 civitate
1284 860 1295 890 :
1334 859 1436 891 non
1462 852 1633 894 tamen

287 922 496 972 arbitror
535 922 626 971 tibi
649 922 738 970 hos
762 921 912 970 libros
946 922 995 970 in
1029 939 1088 971 eo
1122 922 1229 972 fore
1254 941 1459 989 genere,
1497 925 1633 989 quod

286 1003 465 1051 merito
504 1009 708 1067 propter
749 1019 938 1061 eorum,
975 1003 1059 1067 qui
1104 1003 1166 1052 de
1206 1004 1407 1053 dicendi
1439 1004 1631 1053 ratione

287 1081 615 1147 disputarunt,
634 1080 952 1146 jejunitatem
989 1084 1230 1130 bonarum
1268 1085 1448 1130 artium
1473 1085 1631 1148 possit

283 1162 439 1211 illudi.
500 1161 640 1210 Nihil
666 1161 799 1209 enim
824 1162 945 1207 mihi
967 1161 1169 1226 quidem
1189 1162 1387 1210 videtur
1410 1163 1462 1209 in
1489 1163 1628 1212 Cras-
1649 1175 1724 1213 11,

285 1242 324 1290 si
365 1249 416 1291 et
459 1240 671 1289 Antonii
711 1255 939 1287 sermone
979 1255 1083 1287 esse
1117 1241 1456 1304 praeteritum,
1495 1244 1630 1306 quod

283 1321 540 1386 quisquam
599 1318 803 1366 summis
844 1318 1078 1382 ingeniis,
1135 1319 1385 1367 acerrimis
1434 1321 1629 1382 studiis,

283 1400 472 1465 optima
496 1398 741 1457 doctrina,
777 1397 996 1444 maximo
1021 1414 1132 1455 usu,
1170 1398 1407 1462 cognosci
1432 1416 1490 1446 ac
1518 1417 1628 1464 per-

283 1479 381 1543 cipi
404 1478 623 1543 potuisse
649 1477 999 1525 arbitraretur:
1045 1476 1179 1540 quod
1203 1484 1259 1524 tu
1282 1476 1518 1527 facillime
1541 1497 1628 1545 po-

279 1557 397 1606 teris
429 1556 674 1621 judicare,
714 1555 798 1620 qui
822 1555 1140 1620 prudentiam
1177 1557 1519 1623 rationemque
1556 1560 1627 1608 di-

279 1636 426 1685 cendi
466 1652 556 1701 per
596 1635 843 1701 teipsu1n3
900 1651 1045 1683 usum
1085 1643 1252 1684 autem
1289 1653 1379 1702 per
1402 1654 1494 1686 nos
1516 1656 1626 1704 per-

278 1716 442 1781 cipere
467 1715 681 1764 voluisti.
755 1714 871 1774 Sed,
915 1732 1013 1780 quo
1039 1716 1185 1765 citius
1209 1716 1321 1774 hoc,
1363 1718 1498 1782 quod
1523 1736 1624 1768 sus-

277 1796 514 1861 cepimus,
541 1812 643 1844 non
678 1794 931 1843 mediocre
967 1812 1166 1855 munus,
1204 1795 1447 1846 conficere
1470 1799 1622 1862 possi-

276 1892 400 1933 mus,
427 1876 607 1924 omissa
621 1882 789 1923 nostra
813 1874 1176 1932 adhortatione,
1195 1876 1258 1924 ad
1282 1893 1473 1935 eorum,
1499 1894 1621 1942 quos

273 1955 639 2021 proposuimus,
676 1970 953 2003 sermonem
979 1955 1466 2021 disputationemque
1485 1958 1620 2005 veni-

276 2052 429 2084 amus.

343 2113 548 2161 Postero
573 2112 726 2177 igitur
751 2112 851 2172 die,
888 2129 1034 2177 quam
1071 2111 1154 2160 illa
1179 2122 1319 2162 erant
1343 2123 1473 2175 acta,
1497 2115 1618 2165 hora
1637 2129 1711 2167 12,

273 2192 378 2242 fere
412 2192 650 2251 secunda,
701 2208 817 2240 cum
854 2192 1004 2240 etiam
1040 2200 1147 2240 tum
1171 2193 1223 2240 in
1246 2193 1381 2243 lecto
1413 2194 1617 2245 Crassus

273 2280 419 2331 esset,
457 2279 508 2320 et
533 2271 667 2336 apud
692 2288 805 2319 eum
840 2271 1087 2335 Sulpicius
1113 2272 1322 2330 sederet,
1363 2273 1617 2326 Antonius

272 2360 439 2401 autem
474 2349 807 2398 inambularet
842 2366 956 2398 cum
994 2349 1144 2399 Cotta
1178 2351 1230 2398 in
1269 2352 1486 2417 porticu,
1541 2372 1615 2404 re-

269 2439 422 2498 pente
461 2445 520 2479 eo
560 2429 780 2487 Quintus
819 2429 1026 2478 Catulus
1068 2447 1221 2479 senex
1245 2448 1361 2480 cum
1395 2433 1453 2482 C.
1478 2433 1615 2484 Julio

269 2510 422 2560 fratre
445 2510 615 2570 venit3
655 2509 791 2574 quod
813 2510 900 2558 ubi
925 2509 1133 2570 audivit,
1168 2520 1446 2561 commotus
1472 2513 1613 2562 Cras-

271 2607 350 2639 sus
388 2590 634 2649 surrexit3
674 2605 943 2653 omnesque
980 2589 1207 2638 admirati
1255 2591 1489 2656 majorem
1528 2592 1612 2640 ali-

270 2685 417 2735 quam
466 2685 571 2718 esse
624 2685 820 2716 causam
870 2685 1040 2716 eorum
1088 2670 1330 2718 adventus
1377 2671 1610 2735 suspicati

270 2756 400 2797 sunt.
474 2748 575 2806 Qui
613 2765 726 2796 cum
765 2748 893 2796 inter
917 2764 987 2807 se,
1023 2756 1080 2796 ut
1103 2749 1319 2814 ipsorum
1346 2767 1460 2798 usus
1484 2750 1704 2807 fere-13,

267 2830 373 2888 bat,
415 2828 710 2876 amicissime
748 2827 1157 2888 consalutassent,
1209 2829 1346 2886 Quid
1380 2847 1466 2879 vos
1502 2838 1608 2880 tan-

269 2907 421 2957 dem?
459 2907 690 2970 Crassus3
718 2924 837 2957 num
864 2908 1118 2974 quidnam,
1135 2908 1310 2975 inquit,
1331 2910 1483 2959 novi?
1520 2911 1607 2960 Ni-
