2071 3508
467 438 519 475 38
943 439 1019 476 DE
1049 439 1319 477 ORATORE

465 544 559 609 git,
583 544 665 592 illa
687 545 792 610 ipsa
814 546 1069 605 facultate,
1086 563 1429 612 quamcunque
1454 547 1643 608 habuit,
1660 565 1797 613 mag·

466 639 579 671 nam
607 636 709 672 essse
733 625 783 671 in
810 625 1008 673 civitate
1033 626 1239 689 gratiam
1266 627 1622 674 consecutum?

325 686 430 747 26·
535 702 632 750 Sed
656 703 770 766 quia
794 704 855 751 de
881 711 1071 752 oratore
1108 704 1399 768 quaerimus,
1436 703 1697 767 fingendus
1721 712 1798 753 est

327 782 436 821 118·
467 781 607 828 nobis
649 782 868 829 oratione
905 790 1089 840 nostra,
1125 781 1360 829 detractis
1396 783 1621 830 omnibus
1644 783 1797 842 vitiis,

467 868 648 917 orator,
690 867 837 923 atque
885 860 1018 906 omni
1063 860 1211 908 laude
1253 858 1548 907 cumulatus.
1616 860 1798 924 Neque

467 939 616 995 enim,
654 938 692 984 si
717 937 984 985 multitudo
1008 937 1187 998 litium,
1224 938 1262 986 si
1286 938 1495 985 vanietas
1519 947 1798 997 causarum3

467 1017 505 1064 si
530 1017 653 1063 haec
679 1017 840 1075 turba,
866 1024 916 1064 et
938 1017 1161 1065 barbaria
1186 1015 1392 1064 forensis
1418 1016 1502 1063 dat
1526 1016 1691 1064 locum
1714 1015 1796 1064 vel

464 1094 786 1142 vitiosissimis
826 1095 1116 1154 oratoribus,
1156 1095 1344 1142 idcirco
1381 1110 1469 1142 nos
1510 1094 1625 1153 hoc,
1661 1094 1798 1158 quod

466 1173 762 1237 quaerimus,
788 1173 1087 1220 omittemus.
1158 1172 1334 1236 Itaque
1357 1173 1408 1219 in
1429 1172 1491 1233 iis
1514 1173 1718 1232 artibus,
1742 1173 1796 1220 in

465 1252 641 1315 quibus
666 1267 766 1298 non
791 1251 975 1298 utilitas
1000 1252 1250 1315 quaeritur
1272 1252 1564 1310 necessaria,
1583 1252 1671 1300 sed
1695 1253 1797 1299 ani-

463 1330 531 1376 mi
554 1328 708 1377 libera
733 1329 973 1393 quaedam
1011 1329 1296 1387 oblectatio,
1332 1346 1478 1393 quam
1514 1329 1795 1394 diligenter,

465 1416 516 1456 et
563 1424 709 1471 quam
753 1424 907 1471 prope
952 1408 1204 1456 fastidiose
1236 1407 1519 1471 judicamus
1540 1409 1556 1456 ?
1614 1408 1798 1457 Nullae

467 1486 598 1534 enim
638 1485 750 1533 lites
785 1503 946 1550 neque
986 1487 1347 1534 controversiae
1383 1495 1515 1545 sunt,
1552 1504 1678 1551 quae
1714 1505 1794 1536 co-

463 1573 587 1629 gant
620 1565 862 1624 homines,
899 1566 1026 1614 sicut
1049 1566 1100 1613 in
1123 1565 1231 1614 foro
1254 1581 1355 1613 non
1378 1567 1535 1614 bonos
1558 1574 1799 1626 oratores,

464 1642 583 1691 item
609 1644 660 1690 in
684 1644 880 1692 theatro
904 1652 1095 1692 actores
1119 1644 1274 1691 malos
1295 1644 1507 1708 perpeti.

324 1721 432 1764 119.
531 1721 621 1769 Est
644 1723 795 1786 igitur
819 1723 998 1770 oratori
1018 1722 1282 1787 diligenter
1298 1722 1677 1787 providendum,
1693 1739 1793 1771 non

462 1800 535 1848 uti
575 1800 668 1848 illis
705 1801 987 1860 satisfaciat,
1024 1801 1199 1865 quibus
1234 1818 1436 1849 necesse
1472 1809 1576 1860 est3
1616 1801 1703 1848 sed
1738 1811 1797 1851 ut

460 1879 520 1925 iis
544 1879 843 1927 admirabilis
866 1897 970 1928 esse
994 1880 1235 1936 videatur,
1270 1880 1445 1943 quibus
1467 1880 1620 1928 libere
1643 1879 1796 1929 liceat

455 1956 698 2020 judicare.
770 1959 869 2017 Ac,
895 1959 933 2006 si
959 1959 1208 2023 quaeritis,
1232 1958 1397 2022 plane,
1421 1959 1541 2022 quid
1565 1959 1793 2020 sentiam,

464 2036 732 2084 enuntiabo
769 2037 902 2101 apud
943 2037 1165 2084 homines
1206 2035 1622 2095 familiarissimos,
1659 2038 1794 2101 quod

462 2113 626 2161 adhuc
652 2131 843 2178 semper
866 2115 1018 2173 tacui,
1045 2122 1095 2162 et
1114 2115 1381 2162 tacendum
1404 2115 1590 2178 putavi.
1663 2114 1794 2162 Mihi

464 2191 612 2239 etiam
639 2194 819 2256 quique
845 2194 1028 2257 optime
1055 2193 1242 2249 dicunt,
1262 2193 1442 2256 quique
1466 2193 1518 2240 id
1541 2192 1791 2250 facillime,

463 2277 610 2333 atque
636 2271 941 2318 ornatissime
965 2270 1128 2318 facere
1152 2278 1376 2335 possunt,
1406 2279 1589 2327 tamen,
1616 2271 1707 2318 nisi
1732 2271 1792 2319 ti-

460 2348 593 2396 mide
619 2349 682 2396 ad
712 2349 978 2396 dicendum
1016 2349 1283 2407 accedunt,
1319 2357 1370 2397 et
1405 2349 1457 2396 in
1488 2349 1791 2398 exordienda

462 2426 683 2474 oratione
697 2429 1060 2490 perturbantur,
1070 2444 1198 2491 pene
1212 2427 1524 2491 impudentes
1538 2428 1792 2476 videntur:

323 2517 431 2556 120.
463 2505 658 2552 tametsi
696 2505 747 2551 id
785 2505 1010 2552 accidere
1035 2521 1134 2552 non
1163 2514 1342 2569 potest.
1412 2506 1484 2553 Ut
1508 2507 1638 2553 enim
1664 2507 1792 2570 quis-

464 2600 558 2647 que
584 2583 769 2647 optime
795 2583 934 2641 dicit,
972 2584 1041 2631 ita
1071 2584 1284 2631 maxime
1310 2584 1509 2632 dicendi
1535 2584 1791 2633 difficulta-

460 2670 581 2720 tem,
622 2662 878 2726 variosque
921 2671 1126 2710 eventus
1173 2663 1422 2721 orationis,
1465 2664 1793 2727 exspectatio-

462 2757 673 2803 nemque
697 2740 952 2788 hominum
987 2742 1305 2805 pertimescit.
1379 2742 1478 2798 Qui
1516 2759 1632 2790 vero
1667 2742 1788 2790 nihil

460 2826 625 2884 potest
656 2819 860 2883 dignum
885 2836 956 2877 re,
982 2819 1187 2883 dignum
1212 2820 1410 2868 nomine
1435 2820 1657 2879 oratoris,
1682 2820 1787 2883 dig-

462 2913 582 2949 num
619 2897 874 2946 hominum
911 2899 1109 2946 auribus
1145 2898 1336 2947 efficere
1372 2906 1521 2962 atque
1546 2899 1711 2956 edere,
1745 2897 1786 2945 is
