2071 3508
470 462 548 498 314
601 427 605 430 ⁴
982 456 1058 495 DE
1090 456 1290 499 CLARIS

467 567 628 631 gimus
676 565 825 623 diem,
878 582 991 613 cum
1032 573 1082 614 te
1131 566 1363 613 sciremus
1411 579 1515 612 esse
1561 580 1789 613 vacuum.

470 645 655 703 Quare,
693 644 732 691 si
772 643 861 691 tibi
903 652 976 691 est
1017 643 1348 698 commodum,
1400 642 1491 690 ede
1533 641 1632 700 illa,
1668 654 1793 706 quae

467 739 714 787 coeperas,
742 730 792 769 et
817 723 990 780 Bruto,
1010 730 1060 769 et
1083 721 1218 768 mihi.
1289 720 1398 784 Ego
1422 737 1555 779 vero,
1576 721 1795 784 inquam,

468 800 507 848 si
529 810 752 865 potuero,
790 799 968 847 faciam
1004 799 1140 847 vobis
1167 799 1298 847 satis.
1369 799 1577 857 Poteris,
1602 798 1793 862 inquit:

467 878 633 927 relaxa
651 879 799 926 modo
815 877 1016 943 paulum
1034 879 1269 936 animum,
1287 886 1373 926 aut
1392 894 1526 935 sane,
1547 877 1611 940 (si
1630 875 1796 939 potes)

468 957 636 1005 libera.
707 957 902 1020 Nempe
926 957 1076 1020 igitur
1099 956 1215 1003 hinc
1239 953 1365 1014 tum,
1393 955 1652 1019 Pomponi,
1678 955 1799 1003 duc-

469 1043 548 1083 tus
591 1043 664 1082 est
703 1051 879 1092 sermo,
916 1034 1049 1097 quod
1090 1042 1193 1081 erat
1231 1052 1258 1081 a
1299 1051 1377 1081 me
1419 1033 1606 1081 mentio
1646 1031 1794 1089 facta,

469 1130 666 1160 causam
692 1111 935 1175 Dejotari,
969 1111 1235 1158 fidelissimi
1277 1120 1424 1174 atque
1450 1111 1622 1174 optimi
1646 1110 1797 1174 regis,

469 1190 774 1236 ornatissime
817 1197 867 1236 et
903 1188 1232 1252 copiosissime
1259 1206 1287 1239 a
1320 1189 1474 1235 Bruto
1499 1204 1578 1235 me
1603 1188 1796 1236 audisse

470 1267 738 1315 defensam.

536 1346 667 1405 Scio,
702 1346 880 1410 inquit,
917 1348 976 1394 ab
1012 1347 1107 1394 isto
1143 1346 1284 1394 initio
1320 1353 1535 1394 tractum
1572 1361 1676 1393 esse
1701 1360 1797 1392 ser-

469 1442 684 1484 monem,
720 1433 868 1489 teque
895 1426 1035 1473 Bruti
1074 1425 1323 1472 dolentem
1347 1426 1528 1482 vicem,
1553 1424 1689 1487 quasi
1715 1424 1798 1472 de-

467 1504 657 1552 flevisse
689 1503 992 1567 judiciorum
1033 1503 1328 1558 vastitatem,
1375 1509 1424 1550 et
1463 1501 1572 1549 fori.
1660 1502 1797 1561 Feci,

466 1583 682 1646 inquam,
734 1583 861 1630 istuc
901 1583 1115 1646 quidem,
1161 1590 1211 1629 et
1252 1598 1395 1645 saepe
1433 1581 1580 1629 facio.
1665 1581 1795 1629 Nam

467 1662 604 1719 mihi,
649 1662 819 1719 Brute,
860 1661 911 1708 in
947 1670 996 1709 te
1038 1660 1251 1708 intuenti
1294 1662 1465 1708 crebro
1501 1661 1551 1706 in
1576 1668 1795 1708 mentem

467 1740 603 1788 venit
637 1740 812 1797 vereri,
850 1740 1159 1803 ecquodnam
1197 1739 1494 1787 curriculum
1531 1739 1794 1803 aliquando

468 1819 529 1866 sit
553 1819 778 1867 habitura
803 1827 888 1865 tua
913 1828 963 1866 et
986 1827 1161 1866 natura
1196 1818 1507 1873 admirabilis,
1555 1826 1604 1866 et
1630 1819 1797 1882 exqui-

467 1898 559 1945 sita
583 1898 826 1956 doctrina,
847 1906 897 1945 et
922 1897 1178 1961 singularis
1203 1897 1456 1944 industria.
1512 1897 1638 1945 Cum
1664 1898 1794 1945 enim

465 1976 517 2023 in
542 1976 766 2024 maximis
808 1976 964 2024 causis
1006 1984 1226 2024 versatus
1269 1992 1415 2033 esses,
1453 1983 1516 2032 et,
1557 1993 1669 2023 cum
1705 1977 1795 2025 tibi

466 2064 598 2103 aetas
624 2063 787 2103 nostra
804 2054 907 2118 jam
936 2055 1154 2112 cederet,
1190 2053 1422 2118 facesque
1449 2055 1793 2113 summitteret,

465 2135 626 2182 subito
642 2134 692 2180 in
719 2134 918 2181 civitate
937 2151 1051 2181 cum
1076 2133 1169 2181 alia
1195 2133 1498 2189 ceciderunt,
1519 2141 1626 2180 tum
1647 2134 1793 2182 etiam

464 2230 522 2261 ea
546 2213 668 2276 ipsa,
706 2212 766 2259 de
810 2229 906 2274 qua
947 2212 1196 2275 disputare
1237 2212 1473 2269 ordimur,
1513 2211 1795 2276 eloquentia

463 2290 726 2339 obmutuit.
798 2290 929 2337 Tum
956 2290 1056 2348 ille,
1093 2290 1411 2337 Caeterarum
1437 2307 1599 2337 rerum
1626 2307 1791 2350 causa,

462 2369 641 2432 inquit,
677 2369 805 2415 istuc
847 2377 896 2415 et
939 2368 1100 2426 doleo,
1143 2377 1192 2415 et
1234 2367 1501 2415 dolendum
1525 2376 1676 2431 puto:
1722 2370 1791 2416 di-

463 2448 607 2495 cendi
652 2454 816 2494 autem
864 2463 943 2493 me
996 2462 1096 2493 non
1135 2454 1236 2493 tam
1283 2444 1472 2493 fructus
1525 2455 1575 2493 et
1614 2446 1789 2511 gloria,

461 2543 606 2589 quam
650 2525 865 2573 studium
909 2525 1067 2588 ipsum
1110 2524 1497 2587 exercitatioque
1539 2524 1786 2574 delectat:

461 2605 593 2669 quod
634 2604 753 2650 mihi
791 2603 924 2650 nulla
965 2620 1040 2650 res
1066 2603 1254 2667 eripiet,
1303 2610 1353 2650 te
1376 2604 1661 2666 praesertim
1686 2611 1786 2653 tam

462 2684 695 2731 studioso.
767 2683 966 2730 Etenim
993 2683 1156 2730 dicere
1173 2684 1300 2730 bene
1320 2699 1465 2730 nemo
1488 2690 1669 2746 potest,
1694 2683 1787 2733 nisi

461 2763 543 2825 qui
567 2762 839 2825 prudenter
856 2761 1104 2825 intelligit.
1177 2761 1342 2817 Quare
1368 2761 1452 2825 qui
1476 2760 1785 2824 eloquentiae

459 2857 603 2888 verae
630 2841 714 2888 dat
739 2857 954 2904 operam,
985 2840 1069 2887 dat
1092 2840 1400 2904 prudentiae,
1428 2855 1523 2903 qua
1546 2856 1608 2887 ne
1631 2838 1785 2886 maxi-

458 2919 550 2966 mis
587 2919 785 2983 quidem
826 2919 878 2968 in
911 2918 1051 2968 bellis
1076 2935 1232 2983 aequo
1268 2918 1432 2967 animo
1467 2934 1632 2967 carere
1657 2917 1785 2981 quis-
