2071 3508
311 916 388 962 76.

290 2007 389 2067 19.

318 2105 395 2149 77.

317 2895 394 2941 78.

419 417 493 454 118
897 415 973 455 DE
1002 413 1268 454 ORATORE

417 531 545 583 rant,
585 523 903 572 vehementer
944 531 1106 572 essent
1147 521 1399 579 delectati,
1439 518 1742 583 quaerebant

418 604 478 650 ab
508 602 805 660 Hannibale,
842 602 1075 665 quidnam
1112 601 1215 664 ipse
1258 600 1319 648 de
1343 599 1427 646 illo
1450 595 1741 662 philosopho

408 679 657 744 judicaret
680 699 690 728 :
722 681 820 728 Hic
849 681 1058 737 Poenus,
1083 695 1182 727 non
1208 678 1390 742 optime
1417 677 1631 734 Graece,
1656 673 1743 721 sed

418 767 584 807 tamen
607 758 759 812 libere
784 757 1088 822 respondisse
1113 755 1288 814 fertur,
1313 761 1345 781 ‘⁶
1371 754 1559 802 Multos
1585 770 1635 801 se
1661 753 1742 800 de-

417 837 532 886 liros
573 826 724 885 senes·
748 853 892 900 saepe
916 835 1092 882 vidisse
1115 855 1128 893 3
1168 834 1271 891 sed,
1309 833 1394 895 qui
1418 833 1572 896 magis
1598 847 1743 894 quam

422 917 652 967 Phormio
693 915 939 973 deliraret,
974 913 1152 960 vidisse
1192 911 1495 959 neminem.”
1566 910 1744 972 Neque

421 994 702 1044 mehercule
742 992 949 1057 injuria:
989 992 1106 1056 quid
1148 991 1276 1039 enim
1314 998 1399 1038 aut
1422 987 1746 1052 arrogantius,

422 1082 508 1122 aut
544 1073 798 1136 loquacius
822 1071 926 1120 fieri
949 1071 1129 1136 potuit,
1166 1086 1309 1133 quam
1338 1067 1625 1125 Hannibali,
1662 1066 1746 1128 qui

423 1161 498 1201 tot
522 1168 674 1200 annos
700 1151 761 1198 de
785 1150 990 1214 imperio
1016 1166 1128 1196 cum
1152 1147 1334 1212 populo
1363 1148 1607 1203 Romano,
1647 1161 1748 1192 om-

423 1233 560 1280 nium
598 1231 822 1295 gentium
858 1230 1063 1286 victore,
1106 1236 1358 1285 certasset,
1389 1226 1639 1274 Graecum
1664 1224 1748 1272 ho-

425 1313 627 1369 minem,
664 1311 745 1374 qui
782 1325 1032 1373 nunquam
1068 1307 1278 1364 hostem,
1315 1320 1564 1367 nunquam
1592 1310 1750 1350 castra

424 1390 644 1447 vidisset,
673 1404 924 1451 nunquam
951 1385 1163 1447 denique
1190 1383 1440 1430 minimam
1465 1388 1654 1444 partem
1679 1380 1750 1427 ul-

424 1468 518 1517 lius
558 1467 743 1532 publici
782 1463 996 1512 muneris
1022 1462 1281 1525 attigisset,
1322 1467 1586 1524 praecepta
1611 1459 1672 1506 de
1697 1475 1750 1507 re

427 1547 624 1595 militari
651 1546 764 1593 dare
788 1544 803 1592 ?
876 1543 988 1589 Hoc
1015 1540 1133 1587 mihi
1158 1538 1320 1587 facere
1346 1554 1515 1585 omnes
1539 1537 1638 1595 isti,
1668 1538 1751 1600 qui

428 1626 489 1674 de
515 1632 618 1672 arte
645 1622 844 1671 dicendi
882 1618 1210 1684 praecipiunt,
1244 1616 1475 1664 videntur
1497 1634 1508 1663 :
1547 1615 1679 1679 quod
1704 1632 1751 1663 e-

428 1705 530 1751 nim
570 1702 662 1767 ipsi
701 1700 890 1764 experti
915 1715 1014 1746 non
1040 1704 1171 1755 sunt,
1208 1696 1261 1743 id
1285 1696 1469 1743 docent
1494 1702 1713 1742 caeteros
1735 1713 1747 1743 :

428 1783 516 1830 sed
555 1782 650 1829 hoc
675 1780 834 1827 minus
865 1777 1068 1826 fortasse
1094 1783 1275 1833 errant,
1312 1774 1443 1838 quod
1467 1791 1566 1821 non
1592 1781 1659 1831 te,
1696 1781 1752 1820 ut

426 1861 507 1908 ille
553 1857 918 1916 Hannibalem3
959 1855 1044 1903 sed
1067 1871 1262 1918 pueros,
1303 1861 1388 1901 aut
1412 1852 1750 1900 adolescentu-

425 1940 497 1987 los
523 1940 701 1987 docere
727 1945 983 1985 conantur.

495 2018 652 2072 ErraS‚
682 2016 877 2073 Catule,
903 2015 1063 2078 inquit
1090 2013 1338 2061 Antonius
1360 2030 1371 2060 t
1416 2028 1529 2060 nam
1555 2019 1754 2075 egomet

429 2097 477 2143 in
515 2095 693 2143 multos
720 2094 824 2158 jam
863 2093 1180 2141 Phormiones
1218 2091 1385 2140 incidi.
1471 2090 1595 2147 Quis
1620 2090 1751 2138 enim

430 2183 503 2222 est
528 2176 729 2222 istorum
755 2173 1080 2233 Graecorum,
1119 2171 1202 2234 qui
1227 2186 1504 2234 quenquam
1530 2176 1751 2216 nostrum

431 2253 695 2316 quidquam
722 2250 998 2313 intelligere
1037 2250 1331 2298 arbitretur?
1402 2248 1481 2296 Ac
1507 2248 1625 2294 mihi
1651 2248 1753 2310 qui-

432 2331 544 2379 dem
570 2347 669 2378 non
705 2329 773 2377 ita
808 2329 1000 2376 molesti
1040 2335 1183 2385 sunt;
1222 2326 1366 2374 facile
1392 2342 1560 2373 omnes
1584 2341 1755 2388 perpe-

430 2409 543 2468 tior,
597 2416 647 2457 et
687 2408 895 2472 perfero.
992 2406 1121 2454 Nam
1169 2412 1253 2452 aut
1299 2404 1482 2467 aliquid
1529 2403 1755 2462 afferunt,

430 2488 563 2552 quod
588 2487 706 2538 mihi
738 2503 836 2534 non
873 2485 1162 2549 displiceat3
1201 2492 1286 2531 aut
1310 2483 1546 2540 efficiunt,
1582 2490 1638 2530 ut
1673 2499 1752 2530 me

428 2584 528 2614 non
554 2566 783 2614 didicisse
807 2566 967 2621 minus
995 2563 1261 2628 poeniteat.
1331 2563 1545 2610 Dimitto
1587 2571 1752 2610 autem

432 2663 513 2694 eos
555 2662 652 2693 non
691 2654 792 2693 tam
831 2643 1204 2701 contumeliose,
1240 2658 1384 2705 quam
1408 2641 1753 2706 philosophum

431 2725 567 2771 illum
596 2723 865 2781 Hannibal,
890 2730 941 2771 et
965 2739 1023 2770 eo
1046 2721 1265 2777 fortasse,
1290 2720 1400 2785 plus
1424 2720 1581 2769 habeo
1606 2721 1753 2768 etiam

429 2803 650 2865 negotii:
690 2803 777 2850 sed
816 2809 983 2850 tamen
1021 2808 1096 2849 est
1131 2816 1299 2848 eorum
1324 2799 1565 2860 doctrina,
1605 2814 1755 2863 quan-

430 2888 537 2930 tum
581 2898 674 2945 ego
706 2880 934 2945 judicare
973 2895 1189 2944 possum,
1223 2877 1532 2942 perridicula.
1616 2875 1752 2926 Divi-
