2071 3508
396 457 476 494 300
889 456 966 494 DE
995 455 1264 495 ORATORE

399 563 628 612 diffiisum
649 581 661 611 t
707 564 983 613 continenti
1021 565 1210 629 spiritu,
1252 563 1529 611 intermisso
1551 581 1562 610 t
1600 560 1726 611 frac-

396 650 522 702 tum,
548 643 780 692 scissum:
809 643 938 691 flexo
965 660 1100 700 sono,
1128 651 1457 702 attenuatum,
1482 642 1723 690 inflatum.

253 727 362 773 217.
400 721 604 769 Nullum
627 730 700 770 est
719 722 851 770 enim
870 722 1044 769 horum
1065 722 1293 769 similium
1309 738 1566 786 generum,
1592 720 1726 784 quod

396 816 496 848 non
521 810 624 849 arte
650 819 707 849 ac
733 799 1070 848 moderatione
1095 808 1351 848 tractetur.
1414 800 1484 846 Hi
1509 807 1623 847 sunt
1647 815 1725 847 ac-

394 879 508 938 tori,
534 888 589 927 ut
614 880 811 943 pictori,
838 880 1047 943 expositi
1073 878 1135 926 ad
1158 879 1447 926 variandum
1468 877 1672 926 colores.

252 943 356 1004 58.
463 957 619 1005 Aliud
644 959 774 1006 enim
800 958 934 1005 vocis
958 974 1115 1022 genus
1140 956 1396 1004 iracundia
1420 957 1510 1004 sibi
1535 962 1719 1016 sumat;

389 1046 610 1092 acutum,
639 1037 916 1091 incitatum,
947 1037 1120 1083 crebro
1144 1035 1369 1083 incidens
1391 1053 1402 1082 ε

498 1115 643 1167 Impius
662 1114 839 1151 hortatur
857 1127 913 1151 me
909 1115 1063 1164 frater,
1083 1119 1123 1150 ut
1143 1127 1239 1151 meos
1254 1112 1362 1151 malis
1381 1114 1493 1151 miser

497 1182 725 1219 Manderem
746 1188 853 1218 natos
869 1197 883 1218 .-

389 1262 455 1311 Et
481 1279 553 1317 ea,
580 1278 705 1325 quae
731 1270 786 1309 tu
812 1261 1015 1316 dudum,
1045 1259 1256 1318 Antoni,
1280 1259 1545 1324 protulisti,

497 1342 708 1393 Segregare
721 1339 786 1377 abs
806 1345 842 1377 te
856 1352 969 1376 ausus
985 1338 1005 1375 ,9

387 1407 470 1468 Et,

493 1487 633 1538 Ecquis
647 1487 714 1525 hoc
734 1485 999 1525 animadvertit
1015 1486 1035 1523 ἲ
1063 1485 1198 1524 vincite
1215 1500 1227 1522 .·

454 1555 521 1602 Et
564 1555 750 1603 Atreus
791 1554 894 1602 fere
937 1562 1085 1602 totus.
1177 1552 1333 1600 Aliud
1373 1551 1621 1600 miseratio
1657 1568 1717 1601 ae

382 1651 607 1694 moeror3
646 1632 880 1691 flexibile,
915 1632 1137 1696 plenum,
1172 1632 1524 1695 interruptum,
1560 1630 1712 1679 flebili

380 1731 503 1762 voce
524 1734 537 1773 ;

492 1792 573 1836 Quo
594 1805 690 1830 nunc
706 1805 761 1829 me
781 1790 955 1829 vertam?
985 1789 1085 1841 quod
1102 1789 1174 1827 iter
1193 1787 1367 1840 incipiam
1389 1787 1540 1840 ingredi
1555 1787 1575 1824 ,9

485 1861 649 1897 Domum
665 1865 915 1910 paternarum
928 1857 947 1894 ‚9
976 1870 1074 1894 auree
1092 1856 1145 1893 ad
1162 1854 1297 1893 Peliae
1299 1855 1414 1906 filias
1428 1854 1448 1891 ,9

377 1927 443 1975 Et
467 1927 566 1985 ina,

486 2006 656 2058 Opater‚
677 2005 698 2043 ὂ
710 2005 857 2057 patria,
876 2003 898 2043 ὂ
918 2003 1072 2042 Priami
1091 2003 1219 2041 domus
1237 2005 1252 2038 !

376 2074 442 2122 Et
467 2091 591 2138 quae
618 2081 920 2137 sequuntur:

481 2155 591 2191 Haec
607 2153 728 2191 omnia
751 2151 828 2188 vidi
846 2149 1078 2202 inflammari
1090 2165 1107 2195 ,-

480 2220 640 2258 Priamo
657 2219 693 2256 vi
707 2219 819 2256 vitam
841 2217 988 2256 evitari.

228 2303 340 2346 213,
416 2286 599 2342 ,Aliud
623 2294 818 2343 metus3
858 2283 1142 2341 demissum,
1167 2288 1218 2330 et
1239 2280 1505 2340 haesitans,
1542 2290 1593 2331 et
1616 2283 1698 2332 ab,-

363 2366 557 2431 jectum
820 2425 828 2432 ι

478 2442 629 2489 Mum,
660 2441 778 2480 modis
805 2453 885 2479 sum
924 2439 1208 2485 circumventus,
1236 2438 1375 2485 morbo,
1410 2437 1556 2485 exsilio,
1588 2443 1702 2491 atque

584 2523 711 2562 znopza
726 2523 735 2546 :

478 2579 573 2617 Tum
583 2591 707 2629 pavor
720 2574 941 2628 sapientiam
955 2587 1095 2613 omnem
1114 2573 1207 2612 mihi
1224 2573 1435 2612 exanimato
1455 2577 1697 2625 expectorat:

475 2645 585 2685 Alter
605 2642 806 2682 terribilem
827 2642 1027 2679 minitatur
1045 2641 1144 2679 vitae
1163 2642 1382 2686 cruciatum,
1403 2646 1438 2678 et
1458 2652 1579 2678 necem
1595 2656 1612 2684 ‚-

476 2714 582 2758 Quae
601 2725 705 2749 nemo
725 2716 779 2748 est
798 2716 873 2747 tam
879 2710 1001 2760 firmo
1016 2708 1180 2761 ingenio,
1196 2714 1231 2746 et
1250 2714 1359 2746 tanta
1376 2707 1614 2758 confidentia,

477 2781 576 2824 Quin
598 2778 763 2831 refugiat
783 2776 912 2814 timido
932 2789 1114 2828 sanguen,
1133 2781 1245 2828 atque
1264 2774 1470 2813 exalbescat
1485 2779 1595 2811 metu.

368 2860 523 2909 Aliud
571 2859 675 2917 vis3
739 2865 1049 2914 contentum,
1096 2855 1380 2915 vehemens,
1429 2852 1690 2902 imminens

364 2940 576 3006 quadam
601 2936 889 2987 incitatione
913 2934 1166 3000 gravitatis
1186 2955 1200 2994 ς,

1989 278 2014 334 24
1988 230 2013 259 2„
2008 206 2012 212 .

1998 744 2013 801 ’,δτι
1992 666 2015 738 '‘4331-
1992 651 1993 654 ⁴
