2071 3508
322 856 428 898 106.

333 1942 438 1986 107.

340 2571 444 2612 108.

449 426 527 461 260
926 420 1002 459 DE
1029 417 1298 459 ORATORE

454 540 676 581 extremo
716 547 937 580 sermone
979 531 1212 578 instruxit
1251 529 1520 590 Antonius,
1594 530 1775 594 (primo

455 611 731 676 rejiciebat)
766 610 1018 668 laudandi,
1055 618 1104 657 et
1140 610 1466 674 vituperandi.
1543 609 1680 658 Nihil
1706 617 1781 658 est

458 692 588 738 enim
626 691 688 738 ad
719 689 1114 754 exaggerandam
1158 696 1208 736 et
1246 689 1636 753 amplificandam
1678 705 1781 736 ora-

459 771 643 818 tionem
671 769 1106 826 accommodatius,
1149 785 1293 831 quam
1319 775 1580 831 utrumque
1606 767 1781 814 horum

463 848 843 895 cumulatissime
869 847 1031 894 facere
1067 863 1223 910 posse.
1296 842 1673 908 Consequentur
1698 845 1785 892 eti-

463 944 540 974 am
578 923 655 972 illi'
687 926 802 982 loci,
839 926 940 988 qui,
977 940 1254 988 quanquam
1290 923 1473 987 proprii
1513 940 1783 980 causarum,

463 1014 514 1052 et
538 1002 867 1050 inhaerentes*
884 1003 934 1048 in
971 1019 1135 1050 earum
1162 1002 1322 1049 nervis
1348 1018 1451 1048 esse
1477 1002 1680 1059 debent,
1717 1008 1788 1049 ta-

463 1099 577 1130 men
620 1081 732 1145 quia
774 1081 835 1127 de
860 1081 1085 1127 universa
1126 1097 1177 1127 re
1217 1080 1416 1127 tractari
1442 1079 1619 1137 solent,
1656 1097 1788 1127 com-

464 1177 636 1207 munes
673 1177 700 1206 a
733 1159 980 1206 veteribus
1005 1159 1243 1205 nominati
1268 1166 1381 1205 sunt
1403 1176 1414 1204 :
1453 1174 1658 1221 quorum
1683 1175 1792 1221 par-

464 1239 552 1286 tim
579 1238 762 1285 habent
785 1237 1015 1284 vitiorum
1036 1244 1086 1284 et
1109 1245 1427 1300 peccatorum
1453 1252 1613 1283 acrem
1642 1252 1791 1299 quan-

467 1317 578 1364 dam
606 1333 717 1363 cum
743 1315 1120 1379 amplificatione
1156 1314 1533 1372 incusationem,
1569 1322 1654 1363 aut
1678 1331 1794 1378 que-

467 1395 637 1454 relam,
663 1403 834 1442 contra
858 1410 1005 1456 quam
1030 1394 1128 1441 dici
1154 1393 1274 1440 nihil
1299 1392 1440 1451 solet,
1476 1410 1569 1441 nec
1593 1401 1790 1457 potest;

468 1482 525 1521 ut
548 1474 598 1520 in
625 1472 1040 1537 depeculatorem,
1077 1472 1127 1518 in
1165 1472 1487 1535 proditorem,
1523 1472 1573 1518 in
1597 1472 1796 1536 parrici-

471 1553 612 1600 dam:
653 1552 827 1615 quibus
855 1552 943 1609 uti,
982 1550 1277 1598 confirmatis
1320 1551 1618 1607 criminibus,
1657 1568 1797 1615 opor-

469 1637 574 1688 tet;
614 1629 754 1677 aliter
792 1631 920 1677 enim
955 1629 1112 1693 jejuni
1139 1637 1269 1687 sunt,
1306 1637 1452 1692 atque
1477 1629 1677 1677 inanes:
1715 1629 1796 1676 alii

471 1716 636 1756 autem
660 1708 845 1756 habent
870 1707 1287 1771 deprecationem,
1307 1714 1392 1753 aut
1408 1707 1793 1755 miserationem:

472 1786 549 1833 alii
591 1803 707 1834 vero
746 1786 985 1849 ancipites
1024 1785 1395 1849 disputationes,
1437 1785 1487 1831 in
1529 1786 1704 1849 quibus
1734 1786 1796 1834 de

471 1865 698 1912 universo
722 1881 904 1927 genere
946 1865 997 1910 in
1022 1872 1278 1926 utramque
1303 1871 1492 1926 partem
1523 1864 1692 1911 disseri
1718 1881 1797 1913 co-

472 1943 605 2006 piose
629 1942 762 1989 licet.
836 1943 976 1997 Quae
1002 1942 1291 1988 exercitatio
1333 1957 1465 1988 nunc
1490 1943 1685 2006 propria
1709 1942 1797 1990 du-

473 2037 608 2067 arum
650 2019 1085 2084 philosophiarum,
1122 2020 1183 2066 de
1209 2019 1383 2083 quibus
1408 2027 1522 2067 ante
1549 2020 1669 2079 dixi,
1709 2037 1799 2084 pu-

472 2107 604 2146 tatur
625 2117 636 2145 :
675 2098 807 2162 apud
844 2098 1068 2161 antiquos
1094 2106 1198 2145 erat
1223 2115 1410 2156 eorum,
1447 2116 1474 2145 a
1499 2099 1673 2163 quibus
1698 2116 1798 2147 om-

474 2177 548 2223 nis
590 2177 650 2223 de
689 2178 833 2223 rebus
871 2175 1145 2223 forensibus
1182 2176 1380 2223 dicendi
1404 2177 1546 2234 ratio,
1583 2185 1633 2224 et
1657 2178 1800 2242 copia

474 2255 749 2316 petebatur.
837 2254 917 2300 De
940 2254 1123 2300 virtute
1150 2254 1299 2311 enim,
1336 2253 1397 2301 {le
1422 2253 1600 2312 officio,
1637 2255 1698 2303 de
1723 2273 1801 2304 ae-

477 2347 573 2393 quo
599 2338 648 2377 et
672 2332 820 2388 bono,
858 2330 918 2377 de
945 2331 1204 2394 dignitate,
1239 2330 1471 2389 utilitate,
1507 2332 1711 2391 honore,
1730 2334 1802 2397 ig-

479 2408 711 2466 nominia,
746 2408 982 2471 praemio,
1034 2425 1208 2472 poena,
1253 2409 1585 2472 similibusque
1624 2411 1685 2458 de
1726 2428 1800 2459 re-

477 2487 586 2543 bus,
637 2485 689 2531 in
729 2493 986 2548 utramque
1024 2494 1214 2549 partem
1256 2485 1453 2534 dicendi
1492 2487 1696 2547 animos,
1749 2499 1801 2538 et

477 2564 595 2621 vim,
638 2571 688 2610 et
712 2571 865 2611 artem
891 2564 1070 2611 habere
1096 2565 1346 2612 debemus.
1431 2565 1529 2612 Sed
1569 2567 1799 2629 quoniam

479 2642 541 2689 de
583 2649 747 2689 nostra
787 2642 1088 2705 possessione
1132 2642 1339 2706 depulsi,
1374 2643 1425 2690 in
1462 2660 1630 2707 parvo,
1667 2653 1717 2692 et
1740 2662 1800 2694 eo

478 2719 710 2783 litigioso,
750 2720 1001 2784 praediolo
1042 2720 1201 2768 relicti
1243 2738 1426 2780 sumus,
1479 2730 1547 2781 et,
1596 2722 1799 2771 aliorum

475 2798 688 2863 patroni,
724 2806 889 2848 nostra
923 2806 1092 2848 tenere
1129 2799 1355 2864 tuerique
1390 2817 1489 2849 non
1514 2802 1760 2865 potuimus
1782 2822 1792 2830 ·
