2071 3508
662 388 833 428 LIBER
862 385 1171 426 SECUNDUS,
1521 387 1596 423 185

263 500 314 547 in
338 499 505 565 primis
529 497 801 545 orationem
820 497 970 544 verba
987 494 1142 543 relata
1160 491 1433 541 contrarie:
1461 491 1595 555 quod

262 578 394 626 idem
418 592 575 642 genus
600 592 745 641 saepe
771 583 846 624 est
870 574 1019 622 etiam
1043 572 1287 630 facetum3
1315 578 1373 618 ut
1397 570 1592 618 Servius

261 656 343 704 ille
379 654 558 713 Galba,
601 672 715 703 cum
743 654 940 719 judices
976 653 1036 701 L.
1075 650 1352 708 Scribonio,
1392 649 1592 697 tribuno

257 732 432 798 plebis,
466 732 620 782 ferret
654 733 918 782 familiares
954 748 1085 791 suos,
1121 739 1172 780 et
1207 730 1413 778 dixisset
1445 727 1592 786 Libo,

260 812 476 869 Quando
500 813 723 873 tandem,
749 813 930 872 Galba,
961 812 1023 861 de
1049 810 1263 860 triclinio
1287 818 1376 857 tuo
1401 808 1592 856 exibis?

258 891 386 940 Cum
429 900 504 953 tu,
553 893 733 958 inquit,
783 894 846 942 de
888 892 1120 942 cubiculo
1156 890 1333 938 alieno.
1407 888 1457 935 A
1493 903 1591 952 quo

256 987 440 1034 genere
477 988 540 1020 ne
575 972 699 1020 illud
723 972 923 1037 quidem
958 970 1226 1036 plurimum
1255 967 1424 1026 distat,
1456 965 1591 1031 quod

257 1049 470 1099 Glaucia
492 1050 721 1111 Metello,
751 1050 936 1100 Villam
965 1049 1017 1097 in
1047 1048 1259 1097 Tiburte
1289 1046 1458 1105 habes,
1484 1064 1590 1095 cor·

256 1134 357 1176 tem
381 1129 432 1177 in
456 1130 654 1195 palatio.

324 1208 403 1256 Ac
439 1211 701 1258 verborum
727 1209 929 1273 quidem
963 1224 1149 1273 genera
1173 1223 1298 1271 quae
1331 1214 1497 1254 essent
1520 1207 1587 1254 fa-
1625 1210 1732 1271 66,

258 1295 386 1346 ceta,
411 1289 592 1337 dixisse
618 1306 696 1338 me
720 1297 873 1354 puto:
912 1305 1076 1336 rerum
1099 1287 1240 1352 plura
1265 1294 1398 1345 sunt,
1432 1303 1587 1352 eaque
1621 1303 1734 1345 264,

258 1367 412 1431 magis
449 1371 531 1432 (ut
566 1367 669 1415 dixi
706 1366 847 1428 ante)
888 1367 1132 1424 ridentur,
1184 1366 1236 1414 in
1278 1366 1455 1429 quibus
1514 1374 1589 1414 est

255 1446 484 1502 narratio,
522 1463 599 1494 res
635 1463 750 1494 sane
787 1444 1011 1493 difficilis.
1083 1444 1422 1509 Exprimenda
1455 1444 1587 1492 enim

254 1532 388 1583 sunt,
424 1532 475 1573 et
507 1526 740 1589 ponenda
775 1533 889 1573 ante
919 1524 1089 1573 oculos
1125 1541 1201 1583 ea,
1237 1541 1363 1588 quae
1387 1524 1588 1573 videan-

254 1610 335 1651 tur
359 1620 463 1652 esse
488 1604 788 1664 verisimilia,
817 1605 952 1671 quod
976 1613 1049 1653 est
1072 1604 1326 1669 proprium
1351 1605 1588 1653 narratio-

254 1681 360 1742 nis;
406 1690 457 1730 et
488 1699 614 1747 quae
651 1682 766 1742 sint,
803 1683 938 1747 quod
973 1683 1170 1731 ridiculi
1204 1683 1457 1748 proprium
1494 1693 1583 1742 est,

252 1761 536 1827 subturpia:
589 1761 729 1827 cujus
771 1763 1055 1829 exemplum
1098 1767 1179 1828 (ut
1218 1764 1587 1827 brevissimum)

254 1841 317 1890 sit
341 1859 457 1890 sane
481 1841 619 1899 illud,
658 1843 792 1907 quod
816 1851 931 1892 ante
955 1844 1113 1908 posui,
1150 1844 1312 1892 Crassi
1337 1844 1399 1893 de
1426 1844 1588 1893 Mem-

252 1921 369 1970 mio.
440 1921 507 1970 Et
532 1923 595 1970 ad
619 1922 714 1971 hoc
738 1940 898 1987 genus
930 1923 1266 1971 adscribamus
1298 1925 1447 1972 etiam
1480 1942 1588 1973 nar-

253 2002 468 2050 rationes
487 2002 826 2066 apologorum.
896 2003 1133 2052 Trahitur
1152 2005 1301 2052 etiam
1320 2004 1506 2070 aliquid
1526 2023 1588 2054 ex
1619 2015 1733 2056 265.

253 2081 474 2141 historia,
499 2090 555 2130 ut
579 2098 694 2130 cum
720 2083 833 2130 Sex.
866 2083 1029 2131 Titius
1054 2101 1105 2132 se
1131 2084 1456 2133 Cassandram
1483 2102 1588 2135 esse

254 2160 462 2220 diceret,
500 2161 706 2218 Multos,
744 2162 906 2226 inquit
939 2162 1210 2223 Antonius,
1244 2181 1444 2229 possum
1476 2173 1589 2215 tuos

255 2239 437 2304 Ajaces
457 2240 628 2289 Oileos
640 2240 916 2290 nominare.
989 2242 1079 2290 Est
1102 2243 1252 2290 etiam
1278 2261 1340 2291 ex
1366 2244 1588 2294 similitu-

253 2319 387 2379 dine,
413 2337 538 2385 quae
564 2329 650 2369 aut
675 2321 990 2371 collationem
1026 2322 1191 2379 habet,
1230 2332 1317 2371 aut
1350 2332 1586 2390 tanquam

252 2399 537 2465 imaginem.
609 2400 979 2462 Collationem3
1032 2410 1089 2451 ut
1128 2402 1211 2451 ille
1253 2403 1428 2452 Gallus
1469 2405 1585 2453 olim

253 2480 392 2527 testis
433 2480 484 2526 in
519 2480 767 2540 Pisonem,
807 2498 921 2530 cum
962 2481 1372 2532 innumerabilem
1411 2484 1587 2549 Magio

253 2557 507 2623 praefecto
530 2560 795 2624 pecuniam
821 2561 1026 2609 dixisset
1051 2562 1230 2617 datam,
1263 2563 1413 2627 idque
1439 2564 1586 2612 Scau-

253 2655 336 2686 rus
361 2639 606 2686 tenuitate
634 2638 794 2704 Magii
825 2640 1176 2704 redargueret;
1218 2641 1382 2700 Erras,
1407 2642 1583 2707 inquit,

255 2716 469 2765 Scaure:
509 2732 603 2781 ego
629 2717 760 2764 enim
787 2717 1016 2781 Magium
1052 2735 1151 2766 non
1178 2735 1490 2769 conservasse
1516 2723 1586 2771 di-

255 2812 337 2855 co,
362 2795 467 2854 sed,
487 2803 722 2861 tanquam
747 2795 909 2845 nudus
933 2813 1087 2845 nuces
1105 2797 1313 2862 legeret,
1337 2799 1389 2846 in
1413 2810 1586 2851 ventre

253 2874 527 2926 abstulisse.
600 2875 672 2926 Ut
706 2874 788 2926 ille
815 2875 890 2926 M.
919 2876 1097 2927 Cicero
1133 2893 1305 2940 seneX,
1339 2879 1483 2946 hujus
1517 2882 1587 2930 vi·
