2071 3508
397 403 472 438 184
884 399 960 438 DE
989 398 1257 438 ORATORE

395 511 618 561 arbitror.
670 513 902 562 Ridicule
919 514 1066 562 etiam
1084 512 1207 560 illud
1231 512 1291 560 L.
1313 510 1514 559 Porcius
1539 509 1721 558 Nasica

397 591 588 639 censori
614 591 811 650 Catoni,
837 609 950 640 cum
976 591 1077 651 ille,
1102 592 1179 639 Ex
1194 591 1267 639 tui
1292 590 1442 638 animi
1461 590 1722 648 sententia,

397 675 454 717 tu
477 687 683 718 uxorem
709 670 858 719 habes
879 672 895 718 ?
931 671 1048 718 Non
1072 669 1292 728 hercule,
1328 668 1502 733 inquit,
1541 685 1604 716 ex
1627 668 1726 715 mei

399 750 548 797 animi
568 752 827 799 sententia.
883 748 1026 798 Haec
1047 757 1131 797 aut
1149 748 1329 812 frigida
1353 755 1482 803 sunt,
1509 755 1595 795 aut
1617 754 1726 795 tum

399 828 540 887 salsa,
577 845 690 876 cum
721 828 855 876 aliud
886 836 960 876 est
984 833 1356 890 exspectatum:
1396 833 1572 872 natura
1595 824 1729 872 enim

400 923 490 955 nos
515 911 596 972 (ut
620 914 734 954 ante
760 905 887 967 dixi)
905 913 1070 954 noster
1089 903 1306 952 delectat
1325 919 1491 961 error-3
1532 918 1594 950 ex
1613 918 1729 966 quo,

404 1002 517 1033 cum
537 987 673 1050 quasi
693 987 889 1050 decepti
906 1002 1071 1033 sumus
1092 983 1480 1048 exspectatione,
1496 982 1730 1029 ridemus.

259 1047 366 1107 65·
470 1065 531 1112 In
556 1065 715 1113 verbis
740 1065 888 1112 etiam
913 1065 995 1112 illa
1030 1071 1161 1123 sunt,
1200 1079 1325 1128 quae
1361 1071 1447 1110 aut
1470 1078 1532 1109 ex
1557 1061 1732 1108 immu-

260 1144 372 1185 261·
404 1151 506 1192 tata
531 1144 751 1191 oratione
772 1143 1040 1201 ducuntur,
1059 1151 1144 1190 aut
1169 1159 1231 1190 ex
1249 1142 1394 1208 unius
1417 1141 1554 1189 verbi
1578 1148 1733 1188 trans-

403 1221 603 1278 latione,
630 1229 716 1269 aut
740 1238 803 1268 ex
820 1221 1097 1269 inversione
1115 1223 1392 1269 verborum.
1463 1219 1539 1266 Ex
1558 1219 1733 1265 immu-

404 1301 622 1348 tatione:
661 1308 718 1347 ut
740 1299 856 1347 olim
883 1300 1051 1347 Rusca
1076 1316 1189 1347 cum
1211 1298 1375 1362 legem
1399 1297 1551 1346 ferret
1588 1312 1742 1344 anna--

405 1379 521 1438 lem,
559 1379 801 1426 dissuasor
838 1377 912 1425 M.
952 1377 1201 1435 Servilius,
1249 1376 1349 1424 Dic
1384 1375 1520 1432 mihi,
1557 1375 1734 1439 inquit,

386 1457 483 1535 JM.
513 1457 695 1516 Pinari,
730 1473 868 1516 num,
905 1456 943 1503 si
969 1464 1142 1504 contra
1163 1463 1215 1503 te
1239 1454 1431 1512 dixero,
1467 1453 1587 1501 mihi
1610 1452 1737 1501 male

380 1542 383 1545 ’
409 1535 630 1584 dicturus
669 1552 738 1593 es,
779 1535 854 1581 uti
879 1533 1084 1582 caeteris
1115 1532 1314 1581 fecisti?
1372 1532 1445 1581 Ut
1469 1538 1739 1580 sementem

265 1614 376 1656 262-
408 1612 605 1672 feceris,
645 1613 715 1661 ita
749 1619 924 1671 metes,
947 1611 1123 1675 inquit.
1194 1611 1273 1658 Ex
1303 1609 1622 1658 translatione
1655 1626 1740 1658 au-

410 1700 544 1753 tem,
582 1701 657 1750 ut,
688 1708 801 1740 cum
827 1690 991 1755 Scipio
1015 1689 1097 1738 ille
1122 1688 1274 1753 major
1299 1688 1566 1737 Corinthiis
1591 1695 1741 1736 statu-

412 1788 491 1819 am
513 1771 860 1836 pollicentibus
887 1786 945 1817 eo
969 1769 1100 1829 loco,
1127 1769 1213 1817 ubi
1238 1767 1443 1816 aliorum
1469 1774 1632 1816 essent
1654 1767 1741 1814 im·
1794 1829 1798 1835 .

410 1858 712 1915 peratorum,
736 1848 968 1897 turmales
993 1848 1119 1896 dixit
1138 1847 1411 1912 displicere.
1483 1846 1743 1894 Invertun-

413 1938 495 1976 tur
535 1935 701 1976 autem
743 1927 908 1985 verba,
946 1935 1003 1974 ut
1045 1926 1245 1992 Crassus
1282 1925 1413 1990 apud
1440 1925 1514 1972 M.
1543 1925 1744 1989 Perper-

416 2023 529 2055 nam
546 2006 769 2070 judicem
793 2022 883 2069 pro
910 2005 1169 2053 Aculeone
1195 2021 1309 2052 cum
1345 2004 1552 2062 diceret,
1576 2003 1746 2051 aderat

418 2093 592 2133 contra
618 2084 930 2133 Aculeonem
956 2084 1250 2132 Gratidiano
1270 2083 1329 2130 L.
1357 2082 1532 2131 Aelius
1557 2082 1745 2141 Lamia,

419 2162 671 2221 deformis,
706 2172 763 2211 ut
786 2164 956 2221 nostis,
993 2163 1075 2226 qui
1113 2179 1226 2210 cum
1250 2161 1585 2226 interpellaret
1613 2161 1747 2209 odio-

422 2257 488 2297 se,
517 2241 812 2299 Audiamus,
835 2242 1013 2305 inquit,
1036 2240 1339 2305 pulchellum
1357 2256 1584 2304 puerum,
1610 2240 1747 2288 Cras-

424 2334 519 2368 sus.
590 2319 718 2366 Cum
755 2327 882 2366 esset
917 2320 1138 2376 arrisum,
1174 2319 1290 2365 Non
1325 2319 1464 2381 potui
1499 2318 1637 2375 mihi,
1677 2318 1747 2364 in-

425 2398 532 2461 quit
555 2397 742 2453 Lamia,
774 2398 980 2444 formam
1004 2398 1107 2461 ipse
1131 2396 1317 2460 fingere
1339 2414 1350 2442 :
1388 2396 1641 2459 ingenium
1666 2412 1751 2459 po-

426 2477 517 2524 tui.
603 2476 734 2523 Tum
776 2475 872 2531 hic,
929 2475 1223 2532 Audiamus,
1258 2474 1437 2537 inquit,
1479 2473 1712 2521 disertum
1736 2491 1748 2522 ε

429 2554 584 2603 multo
610 2555 756 2603 etiam
783 2555 985 2602 arrisum
1021 2561 1095 2602 est
1130 2553 1484 2601 vehementius.
1557 2553 1682 2600 Sunt
1705 2569 1752 2601 e-

430 2634 548 2680 tiam
582 2633 665 2680 illa
698 2642 922 2691 venusta,
960 2642 1016 2681 ut
1050 2633 1099 2679 in
1124 2632 1353 2696 gravibus
1377 2631 1652 2690 sententiis,
1683 2631 1754 2680 sic

432 2712 481 2757 in
506 2711 713 2760 facetiis.
784 2713 905 2760 Dixi
935 2712 1066 2760 enim
1091 2711 1298 2770 dudum,
1333 2710 1587 2758 materiam
1611 2709 1754 2758 aliam

435 2807 539 2838 esse
571 2790 694 2854 joci,
736 2792 879 2840 aliam
918 2791 1224 2850 severitatis;
1263 2789 1486 2854 gravium
1514 2795 1680 2836 autem
1705 2794 1756 2836 et

291 2866 402 2908 5263.
426 2870 655 2931 jocorum
695 2887 845 2919 unam
887 2887 991 2924 esse
1029 2870 1285 2918 rationem.
1373 2867 1567 2917 Ornant
1605 2866 1756 2930 igitur
