2071 3508
681 401 1067 442 PARTITIONES.
1456 403 1536 445 475

199 531 310 565 rum
335 529 590 563 causarum
617 512 879 577 principia,
916 508 1185 574 suspiciosa
1211 507 1274 556 ad
1299 510 1539 560 acerbita-

199 602 320 654 tem,
347 595 406 642 ab
426 599 712 640 accusatore
737 596 986 654 ponentur
1008 606 1019 635 z
1060 586 1541 652 denunciabiturque

200 674 486 722 insidiarum
525 684 789 717 commune
824 666 1117 732 periculum,
1170 665 1543 713 excitabuntur-

200 770 297 818 que
321 751 491 808 animi,
527 758 585 796 ut
609 748 890 796 attendant.
963 746 1014 793 A
1038 763 1124 794 reo
1149 752 1316 793 autem
1344 744 1545 809 querela

200 830 401 881 conflati
451 828 668 877 criminis
719 826 1142 890 collectarumque
1188 824 1546 890 suspicionum,

200 919 252 960 et
277 909 576 959 accusatoris
613 908 835 965 insidiae,
876 914 927 955 et
961 906 1082 954 item
1119 921 1384 954 commune
1419 903 1547 969 peri-

203 990 371 1040 culum
409 988 710 1054 proferetur,
759 987 1009 1050 animique
1052 985 1114 1033 ad
1157 982 1549 1032 misericordiam

202 1070 502 1128 allicientur,
529 1076 579 1116 et
604 1067 800 1115 modice
824 1065 1174 1115 benevolentia
1191 1063 1421 1128 judicum
1449 1061 1549 1110 col-

198 1149 398 1214 ligetur.
470 1147 702 1196 Narratio
739 1154 904 1194 autem
942 1144 1244 1193 accusatoris
1281 1143 1375 1191 erit
1411 1140 1550 1206 quasi

199 1228 514 1277 membratim
556 1226 683 1290 gesti
726 1225 916 1289 negotii
954 1224 1224 1288 suspiciosa
1262 1221 1547 1287 explicatio,

201 1308 378 1372 sparsis
403 1307 632 1354 omnibus
675 1304 996 1369 argumentiS‚
1036 1302 1311 1351 obscuratis
1337 1300 1550 1350 defensi-

202 1387 395 1435 onibus.
468 1384 756 1443 Defensori,
793 1392 879 1432 aut
919 1383 1217 1448 praeteritis,
1254 1390 1341 1430 aut
1376 1382 1551 1429 obscu-

201 1466 320 1514 ratis
368 1465 705 1530 suspicionum
754 1464 1077 1529 argumentis,
1125 1479 1289 1511 rerum
1331 1463 1549 1527 ipsarum

202 1558 412 1599 eventus
452 1558 599 1598 erunt
653 1564 891 1611 casusque
934 1547 1181 1596 narrandi.
1269 1548 1331 1596 In
1375 1549 1552 1596 confir-

202 1631 396 1678 mandis
433 1638 599 1678 autem
636 1629 814 1676 nostris
850 1627 1383 1691 argumentationibus,
1420 1628 1552 1676 infir-

201 1708 495 1772 mandisque
551 1706 826 1765 contrariiS,
887 1721 1031 1769 saepe
1081 1713 1228 1753 erunt
1274 1707 1552 1756 accusatori

202 1795 368 1836 motus
394 1788 669 1835 animorum
697 1785 958 1843 incitandi,
994 1801 1079 1832 reo
1104 1782 1384 1849 mitigandi.
1458 1787 1552 1836 At-

204 1884 300 1932 que
325 1868 449 1915 haec
471 1867 673 1932 quidem
694 1866 892 1929 utrique
919 1865 1133 1912 maxime
1159 1865 1211 1911 in
1235 1867 1552 1930 peroratione

201 1946 464 1995 facienda:
511 1947 670 2005 alteri,
695 1944 1096 2009 frequentatione
1123 1954 1552 2009 argumentorum,

205 2035 257 2075 et
281 2026 658 2075 coacervatione
683 2026 946 2083 universa3
987 2023 1148 2083 alteri,
1191 2026 1229 2072 si
1263 2025 1411 2090 plane
1438 2043 1554 2075 cau·
1585 2049 1588 2051 ·

205 2124 308 2156 sam
347 2105 695 2170 redarguendo
739 2104 1017 2169 explicarit,
1061 2106 1451 2164 enumeratione,
1495 2113 1554 2155 ut

206 2187 425 2252 quidque
451 2186 669 2245 diluerit,
707 2193 758 2233 et
782 2184 1097 2232 miseratione
1134 2185 1198 2232 ad
1223 2193 1520 2235 extremum.

272 2266 313 2314 F
315 2283 463 2314 1Lms.
509 2266 644 2314 Scire
664 2265 783 2312 mihi
796 2263 902 2328 jam
921 2263 1110 2323 videor,
1131 2266 1553 2329 quemadmodum

208 2351 496 2415 conjectura
533 2350 794 2398 tractanda
833 2350 911 2398 sit.
986 2351 1138 2398 Nunc
1176 2348 1238 2395 de
1265 2345 1554 2395 definitione

207 2430 479 2478 audiamus.
553 2430 742 2478 PATER.
805 2429 1102 2478 Communia
1142 2428 1324 2475 dantur
1365 2426 1416 2474 in
1458 2427 1555 2475 isto

208 2522 394 2574 genere
436 2510 713 2558 accusatori
753 2509 1103 2573 defensorique
1128 2514 1412 2573 praecepta.
1485 2506 1556 2554 U-

206 2596 284 2638 ter
309 2590 440 2638 enim
483 2589 765 2637 definiendo
809 2587 1239 2651 describendoque
1275 2586 1428 2634 verbo
1453 2602 1555 2633 ma-

207 2668 283 2733 gis
308 2668 371 2716 ad
397 2685 592 2717 sensum
622 2668 807 2732 judicis
833 2667 1217 2733 opinionemque
1259 2664 1554 2730 penetrarit,

210 2755 261 2797 et
297 2755 408 2796 uter
449 2747 512 2795 ad
550 2763 867 2794 communem
905 2746 1042 2793 v·e1bi
1078 2745 1197 2804 vim,
1252 2751 1302 2791 et
1343 2742 1407 2790 ad
1445 2758 1555 2790 eam

208 2827 633 2892 praeceptionem,
688 2842 834 2889 quam
878 2825 1159 2873 inchoatam
1201 2822 1457 2871 habebunt
1501 2822 1555 2870 in

208 2907 386 2956 animis
411 2906 464 2967 ii,
501 2906 603 2971 qui
610 2905 830 2964 audient,
868 2904 1025 2969 magis
1067 2911 1117 2953 et
1152 2902 1353 2969 propius
1389 2915 1554 2951 acces

1590 2249 1696 2313 36.
