2071 3508
773 387 941 425 LIBER
972 386 1194 425 PRIMUS.
1598 395 1645 431 41

314 500 589 553 verborum,
621 511 722 543 non
747 495 962 559 denique
988 512 1060 551 ea,
1100 512 1226 559 quae
1251 496 1397 544 nobis*
1417 513 1516 544 non
1541 515 1649 562 pos-

315 594 478 626 sumus
501 576 703 639 fingere,
731 574 898 630 facieS‚
925 574 1105 632 wiltus,
1134 592 1304 623 sonus«
1371 576 1434 623 In·
1456 586 1648 627 oratore
1672 582 1777 622 128.

312 663 477 703 autem
515 670 726 702 acumen
764 652 1155 709 dialecticorum,
1197 656 1471 703 sententiae
1495 656 1652 720 philo-

311 733 591 798 sophorum,
631 734 782 780 verba
817 750 970 796 prope
1008 736 1282 797 poctarum,
1309 736 1545 783 memoria
1571 735 1651 800 ju-

309 811 731 868 risconsultorum,
769 828 864 859 vox
902 812 1268 876 tragoedorum,
1317 822 1486 877 gestus
1521 831 1650 878 pene

311 908 615 940 summorum
658 898 881 939 actorum
930 900 1005 939 est
1052 892 1392 955 requirendus.
1466 894 1652 950 Quam„-

311 971 481 1019 obrem
512 970 635 1018 nihil
659 971 710 1017 in
735 971 991 1018 hominum
1027 987 1211 1035 genere
1248 972 1401 1019 rarius
1426 972 1652 1036 perfecto

310 1058 503 1098 oratore
542 1049 752 1098 inveniri
789 1058 986 1114 potest:
1027 1067 1151 1113 quae
1188 1050 1321 1098 enim
1346 1050 1654 1114 singularum

309 1146 475 1178 rerum
500 1129 711 1177 artifices
731 1129 925 1193 singula
944 1129 982 1176 si
1002 1129 1318 1177 mediocriter
1335 1130 1501 1194 adepti
1519 1138 1648 1187 sunt,

308 1210 597 1273 probantur,
618 1225 689 1265 ea,
708 1208 801 1255 nisi
821 1208 987 1255 omnia
1011 1224 1201 1257 summa
1225 1216 1340 1256 sunt
1363 1209 1414 1255 in
1440 1219 1653 1267 oratore,¹

308 1290 516 1352 probare
542 1305 639 1336 non
666 1296 887 1352 possunt.

380 1368 512 1415 Tum
539 1367 756 1423 Crassus,
798 1367 956 1430 Atqui
981 1368 1109 1425 vide,
1155 1368 1331 1433 inquit,
1370 1369 1420 1415 in
1446 1362 1780 1418 artifici0129·

310 1464 548 1512 perquam
589 1443 729 1494 tenui
772 1455 822 1494 et
859 1446 971 1502 levi,
1011 1455 1197 1511 quanto
1226 1447 1336 1512 plus
1361 1448 1654 1497 adhibeatur

311 1526 614 1591 diligentiae,
643 1541 790 1589 quam
831 1525 882 1572 in
918 1526 1011 1574 hac
1048 1544 1116 1583 re,
1156 1544 1302 1591 quam
1329 1536 1524 1576 constat
1549 1545 1653 1577 esse

309 1605 592 1653 maximam.
665 1604 821 1669 Saepe
858 1605 990 1652 enim
1027 1605 1161 1654 soleo
1197 1606 1368 1654 audire
1396 1607 1651 1665 Roscium,

312 1701 427 1733 cum
468 1684 537 1732 ita
584 1685 739 1743 dicat,
783 1701 834 1732 se
871 1684 1034 1733 adhuc
1071 1686 1286 1749 reperire
1336 1686 1650 1751 discipulum,

311 1781 459 1829 quem
485 1764 685 1828 quidem
710 1765 957 1829 probaret,
983 1767 1202 1830 potuisse
1227 1766 1478 1814 neminem
1501 1786 1512 1814 z
1552 1784 1653 1816 non

311 1860 409 1908 quo
445 1861 546 1892 non
585 1852 750 1892 essent
775 1844 976 1908 quidam
1000 1845 1292 1910 probabiles,
1333 1847 1420 1894 sed
1445 1847 1574 1911 quia,
1614 1848 1653 1895 si

310 1923 497 1988 aliquid
521 1923 670 1970 modo
696 1931 823 1971 esset
848 1923 971 1979 vitii,
992 1924 1045 1971 id
1068 1923 1197 1972 ferre
1222 1925 1325 1989 ipse
1345 1942 1446 1973 non
1469 1935 1652 1990 posset.

311 2002 451 2051 Nihil
491 2011 565 2050 est
600 2002 732 2049 enim
757 2010 858 2050 tam
883 2003 1093 2065 insigne,
1132 2019 1226 2051 nec
1252 2012 1352 2051 tam
1379 2005 1442 2052 ad
1467 2005 1655 2053 diutur-

312 2083 521 2129 nitatem
546 2081 811 2129 memoriae
838 2081 1026 2137 stabile,
1072 2099 1218 2146 quam
1257 2083 1323 2140 id,
1362 2084 1413 2131 in
1451 2102 1548 2148 quo
1573 2085 1656 2132 ali-

313 2161 433 2225 quid
457 2159 734 2208 offenderis.
809 2160 999 2224 Itaque,
1042 2169 1095 2208 ut
1131 2160 1194 2208 ad
1224 2162 1353 2210 hanc
1379 2163 1785 2212 similitudi-130·

311 2257 428 2288 nem
469 2239 613 2304 hujus
650 2239 898 2288 histrionis
940 2241 1202 2289 oratoriam
1240 2241 1440 2291 laudem
1480 2243 1658 2309 diriga-

313 2337 437 2378 mus,
481 2320 741 2377 videtisne,
770 2337 916 2384 quam
941 2320 1064 2367 1111111
1089 2322 1149 2369 31)
1176 2338 1250 2378 eo,
1286 2322 1379 2370 nisi
1414 2322 1655 2387 perfecte,

312 2399 437 2448 nihil
461 2400 553 2447 nisi
580 2417 694 2447 cum
720 2416 911 2447 summa
945 2408 1206 2448 venustate
1243 2401 1364 2449 fiat?
1402 2402 1522 2450 nihil
1553 2405 1657 2453 .nisi

312 2480 397 2536 ita,
436 2487 492 2527 ut
517 2479 709 2535 deceat,
752 2487 803 2527 et
840 2479 913 2528 uti
939 2496 1110 2528 omnes
1144 2489 1355 2537 moveat,
1401 2491 1549 2546 atque
1576 2484 1658 2531 de-

312 2559 469 2607 lectet
490 2559 506 2606 ?
546 2559 722 2623 Itaque
747 2558 842 2606 hoc
860 2558 1055 2623 jamdiu
1081 2568 1155 2608 est
1181 2570 1492 2618 consectum,
1516 2570 1585 2617 ut,
1608 2563 1659 2610 in

315 2655 413 2703 quo
439 2640 646 2701 quisque
672 2637 879 2686 artificio
905 2638 1188 2695 excelleret,
1221 2640 1261 2686 is
1286 2640 1335 2686 in
1362 2657 1449 2687 suo
1474 2657 1658 2704 genere

314 2718 528 2766 Roscius
554 2717 818 2766 diceretur.
872 2717 1019 2764 Hanc
1046 2734 1140 2781 ego
1166 2718 1526 2767 absolutionem
1550 2738 1659 2785 per-

312 2795 683 2861 fectionemque
726 2797 777 2844 in
814 2804 1007 2846 oratore
1045 2796 1344 2855 desiderans,
1383 2816 1411 2847 a
1436 2817 1531 2864 qua
1555 2801 1659 2866 ipse

311 2872 464 2941 longe
490 2878 677 2935 absum,
698 2876 829 2927 facio
853 2878 1171 2945 impudenter
1192 2897 1204 2927 ε
1243 2878 1364 2927 mihi
1391 2880 1522 2930 enim
1547 2880 1659 2930 volo
