2138 3528
509 507 537 543 2
981 500 1057 540 DE
1087 500 1353 539 ORATORE

511 611 656 667 Nam,
700 609 781 674 qui
816 609 952 657 locus
988 609 1164 672 quietis
1190 616 1240 656 et
1262 607 1624 671 tranquillitatis
1645 608 1821 672 plenis-

510 689 658 736 simus
681 689 786 736 fore
808 688 1084 745 videbatur,
1124 687 1175 733 in
1201 703 1259 734 eo
1283 687 1522 735 maximae
1546 686 1698 734 moles
1721 703 1822 735 mo-

509 766 773 822 lestiarum,
825 774 875 813 et
909 764 1355 812 turbulentissimae
1390 770 1704 827 tempestates
1740 781 1823 813 ex-

510 845 755 892 stiterunt.
826 844 1002 907 Neque
1037 860 1154 891 vero
1178 842 1317 890 nobis
1343 842 1652 906 cupientibus
1675 849 1823 906 atque

510 923 854 986 exoptantibus
878 920 1066 969 fructus
1091 922 1178 969 otii
1214 921 1356 968 datus
1381 928 1454 967 est
1478 919 1541 967 ad
1575 936 1655 968 eas
1679 927 1826 981 artes,

511 1002 685 1063 quibus
710 1017 738 1046 a
771 1000 933 1063 pueris
970 999 1125 1047 dediti
1147 998 1347 1057 fuimus,
1386 998 1720 1056 celebrandas,
1754 998 1828 1046 in-

469 1116 480 1127 .
511 1086 586 1126 ter
621 1095 805 1141 nosque
841 1078 1139 1125 recolendas.
1209 1078 1338 1125 Nam
1372 1077 1528 1141 prima
1561 1083 1722 1124 aetate
1756 1077 1828 1124 in-

512 1156 721 1203 cidimus
771 1157 822 1202 in
867 1155 1019 1219 ipsam
1071 1156 1488 1219 perturbationem
1542 1154 1827 1219 disciplinae

509 1234 718 1280 veteris:
763 1242 813 1280 et
849 1233 1105 1280 consulatu
1131 1234 1415 1281 devenimus
1439 1233 1488 1279 in
1513 1233 1730 1280 medium
1755 1250 1829 1282 re-

510 1326 619 1358 rum
644 1311 861 1358 omnium
887 1318 1136 1357 certamen
1155 1318 1302 1374 atque
1327 1311 1590 1358 discrimen
1610 1329 1621 1357 :
1661 1318 1711 1358 et
1733 1311 1830 1360 hoc

511 1397 706 1453 tempus
731 1405 875 1440 omne
892 1396 1003 1452 post
1027 1388 1333 1436 consulatum
1353 1387 1621 1451 objecimus
1636 1389 1693 1435 iis
1711 1389 1831 1437 fluc-

511 1467 657 1521 tibus,
696 1466 796 1529 qui‚
831 1482 918 1529 per
942 1482 1029 1513 nos
1055 1483 1083 1513 a
1107 1466 1357 1513 communi
1381 1474 1519 1529 peste
1546 1466 1754 1530 depulsi,
1778 1467 1830 1514 in

512 1545 835 1607 nosmetipsos
850 1543 1201 1591 redundarunt.
1274 1543 1370 1590 Sed
1392 1552 1558 1591 tamen
1581 1544 1632 1590 in
1656 1544 1729 1591 his
1753 1544 1833 1592 vel

513 1624 852 1686 asperitatibus
887 1643 1064 1682 rerum,
1101 1625 1179 1673 vel
1214 1626 1450 1689 angustiis
1474 1626 1725 1689 temporis,
1750 1627 1833 1674 ob-

515 1718 688 1765 sequar
711 1704 882 1751 studiis
906 1705 1099 1762 nostris,
1119 1711 1182 1760 et,
1210 1712 1447 1768 quantum
1465 1704 1584 1751 mihi
1599 1703 1677 1751 vel
1699 1703 1831 1753 fraus

514 1780 839 1837 inimicorum,
875 1781 954 1829 vel
979 1798 1152 1830 causae
1177 1782 1463 1840 amicorum,
1497 1781 1575 1830 vel
1598 1782 1832 1846 respubli-

518 1874 574 1904 ca
592 1859 776 1906 tribuet
794 1860 895 1915 otii,
923 1860 986 1907 ad
1010 1860 1320 1908 scribendum
1336 1860 1639 1924 potissimum
1667 1860 1834 1912 confe-

474 1978 484 1988 ,
518 1952 633 1982 ram.
705 1937 819 1985 Tibi
841 1945 976 1996 vero,
1011 1937 1175 1994 frater,
1214 1954 1374 2001 neque
1410 1938 1626 1985 hortanti
1665 1938 1832 1998 deero,

515 2030 676 2076 neque
700 2014 922 2078 roganti:
949 2031 1063 2063 nam
1088 2032 1248 2079 neque
1264 2017 1556 2064 auctorita-te
1579 2016 1833 2080 quisquam

516 2091 648 2154 apud
671 2109 748 2140 me
772 2092 881 2156 plus
904 2100 954 2141 te
978 2093 1140 2143 valere
1164 2102 1342 2158 potest,
1376 2110 1536 2158 neque
1561 2094 1832 2143 voluntate.

585 2169 664 2216 Ac
683 2170 801 2216 mihi
813 2171 1082 2234 repetenda
1098 2180 1171 2219 est
1184 2173 1361 2219 veteris
1379 2172 1631 2235 cujusdam
1652 2189 1835 2220 memo-

517 2245 617 2292 riae
641 2262 740 2292 non
765 2262 879 2297 sane
905 2246 1018 2295 satis
1055 2247 1298 2310 explicata
1320 2248 1614 2306 recordatio,
1650 2249 1754 2307 sed,
1780 2257 1836 2297 ut

518 2324 738 2380 arbitror,
766 2332 879 2389 apta
897 2326 960 2378 ad
978 2326 1046 2385 id,
1072 2327 1204 2389 quod
1227 2327 1448 2390 requiris,
1468 2335 1524 2376 ut
1548 2344 1832 2391 cognoscas,

519 2417 644 2464 quae
678 2403 768 2450 viri
804 2404 1022 2450 omnium
1064 2403 1444 2468 eloquentissimi
1486 2405 1835 2469 clarissimique

476 2523 488 2536 ,
521 2482 759 2528 senserint
794 2481 855 2528 de
888 2483 1020 2528 omni
1054 2483 1243 2529 ratione
1279 2483 1493 2530 dicendi.
1562 2483 1651 2530 Vis
1687 2484 1834 2540 enim,

520 2566 576 2605 ut
616 2558 735 2604 mihi
768 2575 911 2622 saepe
948 2559 1144 2618 dixisti3
1202 2561 1454 2623 (quoniam
1491 2578 1614 2624 quae
1654 2562 1834 2625 pueris,

520 2643 606 2684 aut
652 2636 1030 2685 adolescentulis
1077 2638 1234 2696 nobis,
1304 2655 1366 2686 ex
1425 2642 1837 2694 commentariolis

521 2715 697 2762 nostris
732 2715 980 2774 inchoata,
1023 2733 1080 2763 ac
1116 2717 1255 2764 rudia
1279 2718 1588 2777 exciderunt,
1627 2720 1709 2766 vix
1743 2721 1837 2770 hac

521 2800 682 2840 aetate
730 2793 894 2857 digna,
961 2802 1010 2842 et
1055 2794 1149 2845 hoc
1196 2811 1304 2854 usu,
1362 2813 1506 2859 quem
1554 2813 1615 2843 ex
1663 2800 1837 2859 causis,

522 2886 642 2933 quas
700 2870 926 2929 diximus,
1009 2879 1084 2920 tot
1140 2875 1384 2938 tantisque
1454 2877 1704 2924 consecuti
1761 2876 1850 2924 su?

521 2947 654 3010 mus)
702 2948 885 3013 aliquid
919 2951 1091 2999 iisdem
1128 2952 1188 3000 de
1224 2954 1367 3002 rebus
1401 2952 1598 3017 politius
1633 2971 1660 3002 a
1699 2955 1837 3006 nobis
