2071 3508
675 383 842 421 LIBER
873 383 1125 422 Tannus,
1256 379 1262 384 '
1506 362 1590 428 'ai-7

251 493 490 554 quam-id
529 491 626 538 fuit
667 490 976 538 Socraticum
1018 490 1259 551 maxime)
1307 507 1427 550 non,
1469 495 1590 557 quid

249 570 354 634 ipse
395 569 617 628 sent-iret,
659 568 954 628 ostendere;
1011 568 1099 617 sed
1134 576 1309 617 contra
1343 569 1411 626 id,
1455 570 1590 634 qu'od

250 649 455 713 quisque
497 665 548 697 se
592 648 774 696 sentire
804 648 1042 706 dixisset,
1094 648 1361 714 disputare.
1452 649 1589 698 Hin‘e

247 726 372 774 haec
409 727 659 776 recentior
697 726 976 776 Academia
1014 727 1277 791 emanavit,
1310 728 1360 774 in
1387 745 1483 792 qua
1509 745 1593 776 cx-

1623 656 1702 697 68.

247 805 375 854 stitit
413 806 580 853 divina
619 806 832 870 quadam
869 805 1124 853 celeritate
1157 805 1345 870 ingenii
1371 795 1625 855 dicendi-⁰

247 900 344 947 que
370 885 514 949 copia
540 884 823 933 Carneades
845 906 857 944 3
898 884 1039 949 cujus
1065 902 1159 950 ego
1185 886 1277 938 etsi
1302 885 1483 933 multos
1509 904 1593 934 au-

247 963 432 1012 ditores
459 964 674 1028 cognovi
702 964 932 1021 Athenis,
970 973 1139 1013 tamen
1170 974 1398 1014 auctores
1425 966 1593 1013 certis-

247 1043 394 1091 simos
419 1043 620 1094 laudare
645 1061 864 1109 possum,
905 1052 955 1092 et
993 1061 1219 1092 socerum
1255 1060 1422 1092 meum
1449 1046 1593 1093 Scae-

246 1121 428 1181 volam,
470 1124 554 1187 qui
597 1141 709 1172 eum
755 1124 946 1171 Romae
983 1123 1172 1171 audivit
1207 1123 1511 1183 adolescens,
1540 1132 1592 1172 et

251 1201 314 1258 Q.
357 1201 622 1250 Metellum
662 1202 721 1250 L.
750 1203 803 1250 F.
831 1201 1124 1250 familiarem
1160 1219 1346 1261 meum,
1386 1203 1592 1250 clarissi-

249 1296 386 1327 mum
411 1281 586 1338 virum,
617 1283 699 1346 qui
724 1281 862 1329 illum
888 1300 916 1329 a
941 1299 991 1330 se
1017 1281 1335 1330 adolescente
1358 1282 1588 1339 Athenis,

241 1357 346 1421 jam
389 1360 622 1408 affectum
665 1369 943 1420 senectute,
982 1360 1164 1409 multos
1213 1361 1317 1408 dies
1364 1362 1592 1408 auditum

249 1454 353 1486 esse
374 1439 588 1488 dicebat.
621 1496 626 1500 .

319 1518 462 1567 Haec
488 1527 674 1577 autem,
715 1527 772 1567 ut
810 1536 873 1567 ex
911 1519 1182 1583 Apennino
1207 1519 1486 1579 fluminum,
1520 1520 1590 1569 sic

250 1612 313 1644 ex
340 1598 591 1644 communi
617 1598 913 1662 sapientium
937 1597 1081 1661 jugo'
1102 1605 1217 1644 sunt
1253 1596 1592 1647 doctrinarum

1614 1495 1737 1570 19.

1625 1600 1706 1644 69.

250 1673 385 1723 facta
422 1675 650 1735 divortia,
688 1685 744 1724 ut
779 1676 1076 1742 philosophi,
1111 1684 1349 1740 tanquam
1374 1676 1426 1723 in
1452 1694 1596 1742 supe·
1635 1696 1641 1702 ·
1701 1695 1709 1701 ·

250 1770 360 1802 rum
403 1772 536 1804 mare
580 1755 779 1803 Ionium
817 1756 1112 1816 defluerent,
1150 1756 1404 1805 Graecum
1442 1757 1598 1820 quod-

254 1834 384 1891 dam,
413 1843 463 1883 et
487 1844 776 1899 portuosum
799 1857 812 1896 ;
853 1844 1071 1885 oratores
1108 1844 1274 1884 autem
1304 1836 1356 1882 in
1380 1835 1597 1883 inferum

251 1913 347 1962 hoc
388 1914 630 1974 Tuscum,
673 1924 724 1964 et
765 1917 1046 1976 barbarum,
1088 1915 1405 1980 scopulosum
1443 1923 1597 1978 atque

253 1992 509 2052 infestum,
533 1994 837 2054 laberentur,
875 1996 927 2042 iu
964 2011 1061 2059 quo
1087 1995 1236 2043 etiam
1262 1995 1366 2059 ipse
1392 1993 1597 2059 Ulysses

255 2074 494 2121 errasset.'
550 2074 736 2132 Quare,
779 2075 818 2122 si
858 2075 952 2123 hac
985 2074 1302 2139 eloquentia,
1325 2081 1474 2138 atque
1499 2073 1595 2123 hoc

254 2160 448 2200 oratore
497 2154 722 2201 contenti
764 2171 950 2214 sumus,
993 2155 1076 2219 qui
1124 2155 1249 2203 sciat
1290 2162 1596 2217 aut‘negare

254 2240 502 2296 oportere,
545 2233 679 2296 quod
720 2250 961 2297 arguare3
1002 2241 1089 2282 aut
1126 2234 1165 2282 si
1203 2234 1255 2281 id
1291 2249 1390 2280 non
1423 2233 1597 2297 possit,

254 2319 361 2359 tum
387 2311 670 2370 ostendere,
707 2312 841 2376 quod
870 2312 910 2360 is
933 2311 1129 2371 fecerit,
1155 2313 1239 2377 qui
1263 2312 1597 2372 insimuletur,

255 2398 342 2439 aut
366 2398 503 2440 recte
528 2390 738 2451 factum,
764 2400 849 2440 aut
873 2392 1074 2440 alterius
1101 2393 1265 2458 culpa,
1291 2400 1377 2440 aut
1400 2391 1594 2456 injuria,
1632 2401 1639 2407 ‘

256 2478 343 2518 aut
367 2487 429 2518 ex
453 2470 584 2535 lege,
626 2478 712 2519 aut
747 2488 848 2520 non
886 2479 1060 2521 contra
1082 2471 1267 2536 legem,
1304 2479 1392 2519 aut
1414 2471 1598 2534 impru-

258 2547 441 2606 dentia,
469 2558 556 2598 aut
579 2551 876 2610 necessario,
912 2559 998 2600 aut
1022 2568 1123 2599 non
1148 2567 1208 2599 eo
1233 2551 1433 2598 nomine
1459 2567 1597 2598 usur-

255 2627 495 2692 pandum,
533 2645 631 2692 quo
673 2638 926 2693 arguatur,
968 2638 1054 2697 aut
1088 2646 1189 2677 non
1213 2630 1283 2677 ita
1307 2629 1405 2693 agi,
1431 2636 1488 2676 ut
1512 2629 1595 2678 de-

256 2707 437 2763 buerit,
464 2724 521 2755 ac
546 2707 772 2756 licuerit:
812 2715 877 2765 et,
922 2708 960 2756 si
997 2708 1112 2756 satis
1148 2725 1253 2757 esse
1289 2708 1493 2773 putatis,
1519 2725 1595 2768 ea,

261 2803 386 2851 quae
428 2787 506 2834 isti
545 2787 807 2852 scriptores
843 2787 959 2835 artis
992 2787 1195 2847 docent,
1233 2787 1443 2847 discere,
1469 2804 1596 2851 quae

260 2866 417 2915 multo
442 2875 609 2915 tamen
645 2867 880 2924 ornatius,
924 2883 1073 2931 quam
1108 2869 1169 2916 ab
1211 2866 1305 2916 illis
1340 2866 1592 2926 dicuntur,

1181 2955 1260 3000 Q4
