2071 3508
697 422 863 461 LIBER
893 421 1116 461 PRIMUS.
1524 429 1573 466 61

249 532 380 597 quod
394 530 585 597 jamdiu
610 531 794 595 cogito,
820 539 905 579 aut
929 530 1051 580 alius
1076 531 1335 596 quispiam,
1369 541 1472 592 aut,
1496 550 1576 583 me

250 611 504 676 impedit0‚
528 610 800 674 occuparit,
826 619 911 658 aut
930 619 1126 659 mortuo
1147 610 1382 668 effecerit,
1407 620 1463 659 ut
1481 613 1577 676 pri-

247 705 380 736 mum
421 705 580 750 omne
596 688 678 753 jus
715 689 858 738 civile
899 690 947 737 in
987 706 1171 754 genera
1207 690 1417 754 digerat,
1451 707 1577 754 quae

243 783 489 831 perpauca
512 770 644 815 'sunt
664 788 678 828 ;
734 767 914 816 deinde
952 785 1120 816 eorum
1159 785 1399 833 generum
1443 769 1580 834 quasi

245 846 495 908 quaedam
512 848 733 896 membra
757 847 1012 912 dispertiat
1034 868 1047 907 ;
1086 856 1191 895 tum
1219 849 1469 913 proprium
1496 863 1580 897 cu-

234 922 415 989 jusque
436 927 551 974 'vim
578 926 877 975 'definitione
913 926 1166 976 declaret:
1203 926 1477 992 perfectam
1509 945 1584 976 ar·-

245 1010 344 1051 tem
361 1003 486 1068 juris
512 1005 666 1054 civilis
691 1005 951 1065 habebitis,
988 1007 1143 1071 magis
1174 1023 1403 1071 magnam
1430 1014 1580 1071 atque

245 1083 462 1140 uberem,
503 1101 650 1148 quam
690 1084 939 1133 difficilem
969 1080 1117 1150 atque
1142 1087 1417 1135 obscuram.
1490 1086 1581 1134 At·
1600 1094 1709 1136 191.

246 1176 341 1224 que
379 1161 568 1211 interea
607 1171 795 1222 tamen,
843 1164 961 1211 dum
1002 1164 1145 1224 haec,
1194 1181 1319 1228 quae
1347 1161 1584 1229 ¹dispersa

245 1248 374 1295 sunt,
418 1250 685 1306 coguntur,
722 1242 800 1289 vel
835 1243 1013 1305 passim
1054 1242 1174 1288 licet
1211 1252 1496 1304 carpentem
1533 1252 1584 1293 et

249 1317 568 1382 colligentem
607 1319 830 1382 undique
871 1317 1048 1382 repleri
1086 1317 1222 1382 justa
1259 1318 1388 1383 juris
1428 1320 1584 1369 civilis
1624 1326 1699 1374 c*

248 1396 469 1446 scientia.

315 1476 497 1526 Nonne
533 1478 710 1527 videtis
746 1478 964 1542 equitem
998 1477 1299 1536 Romanum,
1331 1463 1705 1528 hominem43.

248 1555 534 1604 acutissimo
556 1557 776 1604 omnium
802 1556 1021 1620 ingenio,
1041 1556 1130 1604 sed
1147 1556 1349 1605 minime
1376 1558 1585 1606 caeteris

247 1633 432 1681 artibus
457 1635 725 1694 eruditum,
752 1635 809 1683 C.
833 1634 1166 1693 Aculeonem,
1187 1635 1270 1699 qui
1295 1652 1492 1684 mecum
1517 1637 1586 1685 vi-

246 1712 335 1771 vit,
360 1729 649 1777 semperque
674 1714 817 1773 vixit,
852 1713 922 1761 ita
946 1721 1115 1762 tenere
1131 1712 1214 1777 jus
1241 1713 1405 1773 civile,
1439 1722 1496 1763 ut
1520 1716 1585 1775 ei,

246 1807 359 1839 cum
385 1793 445 1840 ab
470 1792 565 1841 hoc
603 1793 941 1852 discesseritis,
978 1809 1125 1840 nemo
1151 1792 1212 1840 de
1236 1793 1309 1850 iis,
1351 1793 1434 1858 qui
1457 1794 1586 1859 peri-

244 1869 417 1918 tissimi
442 1880 575 1930 sunt,
600 1872 967 1936 anteponatur?
1005 1871 1190 1920 Omnia
1213 1872 1345 1919 enim
1371 1881 1486 1921 sunt
1500 1890 1585 1938 po·
1604 1890 1715 1932 192,

245 1948 338 1996 sita
362 1957 477 1998 ante
502 1949 690 2009 ocuIOS,
730 1950 971 1999 collocata
995 1950 1045 1997 in
1070 1967 1162 1998 usu
1187 1951 1496 2014 quotidiano,
1533 1953 1586 2001 in

248 2029 596 2093 congressione
621 2029 898 2087 hominum,
923 2038 1071 2092 atque
1096 2028 1147 2075 in
1162 2028 1300 2088 foro;
1330 2046 1492 2095 neque
1517 2031 1587 2080 ita

248 2106 415 2154 multis
449 2106 603 2155 literis
628 2115 711 2154 aut
736 2105 1066 2154 voluminibus
1102 2108 1293 2171 magnis
1330 2110 1588 2158 continen-

249 2196 345 2234 tur.
401 2186 589 2234 Eadem
611 2185 741 2234 enim
767 2193 882 2233 sunt
907 2184 1034 2233 elata
1057 2185 1271 2250 primum
1291 2186 1584 2251 apluribus3

250 2265 450 2325 deinde,
490 2266 661 2331 paucis
699 2265 859 2314 verbis
890 2265 1225 2324 commutatis,
1251 2267 1399 2314 etiam
1425 2268 1487 2315 ab
1510 2268 1589 2316 iis-

252 2345 365 2395 dem
390 2346 710 2411 scriptoribus
736 2345 918 2409 scripta
942 2353 1056 2392 sunt
1087 2345 1294 2409 saepius.
1369 2346 1588 2396 Accedit
1607 2362 1718 2404 193,

251 2443 387 2486 vero,
413 2443 511 2491 quo
535 2424 728 2474 facilius
752 2424 942 2490 percipi
967 2425 1301 2489 cognoscique
1331 2424 1414 2489 jus
1445 2426 1589 2476 civile

250 2508 423 2573 possit,
449 2506 609 2570 (quod
632 2505 834 2552 minime
858 2504 1080 2569 plerique
1106 2505 1431 2566 arbitrantur)
1471 2507 1593 2554 mira

253 2586 497 2651 quaedam
521 2585 571 2632 in
599 2582 947 2648 cognoscendo
978 2584 1189 2631 suavitas
1223 2592 1273 2632 et
1308 2583 1590 2633 delectatio.

254 2667 407 2725 Nam,
433 2665 533 2713 sive
559 2680 706 2729 quem
726 2663 882 2711 aliena
907 2663 1070 2710 studia.
1090 2663 1355 2719 delectant,
1382 2663 1595 2727 plurima

258 2754 333 2794 est
358 2753 409 2794 et
433 2745 481 2792 in
509 2744 642 2792 omni
659 2742 771 2807 jure
799 2741 949 2800 civili,
975 2749 1025 2789 et
1051 2742 1098 2788 in
1124 2741 1415 2805 pontificum
1440 2741 1593 2804 libris,

260 2833 311 2874 et
334 2825 385 2872 in
411 2824 533 2872 XII.
560 2822 757 2881 tabulis,
795 2820 1099 2886 antiquitatis
1125 2820 1309 2886 effigies
1331 2842 1344 2882 3
1385 2823 1517 2887 quod
1543 2831 1594 2872 et

261 2906 521 2954 verborum
546 2904 706 2970 prisca
738 2911 955 2953 vetustas
981 2901 1316 2968 cognoscitur,
1358 2909 1409 2951 et
1443 2902 1595 2951 actio-
