2071 3508
616 403 623 408 ’
645 400 812 439 LIBER
842 399 1149 441 SECUNDUS.
1498 405 1574 445 147

241 520 346 561 tum
369 531 380 560 z
419 509 550 576 quod
574 509 612 556 si
632 509 738 572 quis
753 509 994 572 probabit,
1022 509 1092 556 ita
1115 509 1357 573 probabit,
1386 517 1442 558 ut
1468 527 1570 559 ora-

241 592 334 638 tori
352 599 514 639 tamen
539 594 708 650 aptum
733 602 833 634 non
859 603 962 635 esse
987 585 1215 635 fateatur.
1270 587 1413 636 Haec
1440 590 1571 636 enim

240 677 404 716 nostra
427 666 582 714 oratio
606 664 936 713 multitudinis
974 673 1048 713 est
1072 666 1269 714 auribus
1295 683 1572 715 accommo-

239 744 418 802 danda,
434 744 496 791 ad
512 743 832 792 oblectandos
849 744 1055 803 animos,
1072 744 1135 792 ad
1150 744 1493 808 impellendOS,
1509 746 1573 793 ad

237 837 295 869 ea
317 821 587 886 probanda,
607 839 732 885 quae
758 839 857 870 non
890 822 1100 871 aurificis
1120 830 1314 879 statera,
1344 822 1431 871 sed
1456 839 1571 886 qua-

236 899 348 948 dam
369 900 591 964 populari
615 901 820 959 trutina,
838 901 1196 949 examinantur.
1237 901 1402 958 Quare
1423 901 1567 949 istam

237 987 390 1026 artem
410 988 564 1026 totam
585 979 908 1038 dimittamus,
925 996 1049 1044 quae
1068 980 1119 1026 in
1140 979 1484 1044 excogitandis
1500 996 1572 1027 ar-

236 1057 486 1121 gumentis
512 1066 649 1104 muta
674 1057 880 1103 nimium
917 1065 1008 1116 est,
1044 1057 1095 1104 111
1117 1056 1403 1121 judicandis
1428 1059 1571 1106 nimi-

236 1151 321 1182 um
346 1134 541 1198 loquax.
614 1134 887 1183 Critolaum
912 1135 1079 1194 istum,
1112 1152 1258 1199 quem
1285 1136 1429 1183 simul
1455 1153 1570 1184 cum

237 1211 467 1276 Diogene
506 1214 695 1262 venisse
739 1230 1112 1273 commemoras,
1153 1222 1276 1278 puto
1312 1213 1422 1277 plus
1454 1214 1571 1263 huic

240 1291 402 1338 studio
428 1300 595 1339 nostro
629 1291 861 1354 prodesse
896 1291 1130 1355 potuisse.
1203 1292 1322 1339 Erat
1352 1292 1483 1339 enim
1509 1294 1570 1341 ab

239 1369 334 1416 isto
361 1369 648 1428 Aristotele,
674 1387 702 1417 a
727 1369 864 1434 cujus
900 1370 1112 1418 inventis
1148 1370 1237 1418 tibi
1274 1387 1368 1433 ego
1400 1370 1571 1418 videor

239 1463 338 1493 non
363 1446 510 1511 longe
535 1450 776 1496 aberrare.
848 1447 1019 1511 Atque
1049 1448 1178 1495 inter
1208 1448 1342 1496 hunc
1380 1446 1572 1496 Aristo-

238 1525 407 1583 telem,
433 1525 598 1589 (cujus
624 1534 674 1573 et
698 1525 835 1573 illum
860 1525 959 1589 legi
982 1524 1180 1584 librum,
1219 1525 1269 1571 in
1295 1542 1393 1589 quo
1419 1543 1569 1590 expo-

237 1603 335 1650 suit
360 1603 559 1651 dicendi
584 1612 712 1651 artes
737 1603 958 1651 omnium
994 1603 1320 1667 superiorum,
1357 1613 1409 1652 et
1444 1604 1570 1665 illos,

234 1681 284 1728 in
311 1682 486 1745 quibus
510 1682 613 1746 ipse
639 1699 726 1730 sua
744 1682 986 1746 quaedam
1012 1682 1074 1730 de
1100 1682 1274 1730 eadem
1294 1690 1397 1731 arte
1417 1682 1569 1744 dixit)

235 1768 287 1808 et
310 1759 398 1807 hos
422 1776 683 1824 germanos
707 1759 852 1824 hujus
876 1761 991 1808 artis
1016 1762 1293 1825 magistros,
1329 1761 1424 1810 hoc
1449 1762 1570 1809 mihi

235 1839 393 1887 visum
418 1847 493 1887 est
516 1839 751 1888 interesse
773 1859 786 1898 ;
827 1839 960 1904 quod
996 1839 1078 1887 ille
1105 1840 1278 1888 eadem
1303 1841 1409 1889 acie
1435 1857 1570 1889 men-

235 1919 317 1977 tis,
343 1935 438 1982 qua
464 1934 626 1965 rerum
647 1918 868 1965 omnium
891 1918 991 1966 vim
1011 1926 1335 1982 naturamque
1359 1919 1570 1977 viderat,

234 1996 358 2044 haec
399 2012 595 2059 quoque
637 1994 883 2059 adspexit,
918 2012 1045 2058 quae
1081 1995 1144 2042 ad
1169 1995 1370 2044 dicendi
1395 2004 1571 2055 artem,

236 2091 383 2139 quam
424 2073 506 2122 ille
548 2073 869 2139 despiciebat,
905 2074 1253 2138 pertinebant:
1291 2074 1360 2121 illi
1385 2082 1571 2133 autem,

238 2154 322 2218 qui
360 2153 455 2201 hoc
491 2151 648 2200 solum
685 2152 950 2200 colendum
988 2153 1257 2211 ducebant,
1287 2153 1572 2201 habitarunt

237 2233 288 2280 in
329 2232 422 2280 hac
463 2247 562 2278 una
602 2231 792 2278 ratione
817 2230 1094 2289 tractanda,
1136 2247 1235 2278 non
1261 2231 1434 2279 eadem
1459 2247 1572 2295 pru-

236 2311 425 2369 dentia,
450 2326 546 2374 qua
569 2308 670 2367 ille,
687 2310 774 2357 sed
793 2326 902 2368 usu,
926 2310 977 2356 in
1001 2309 1097 2357 hoe
1122 2326 1221 2358 uno
1245 2326 1448 2374 genere,
1474 2317 1572 2357 stu-

1606 919 1720 961 -160,

237 2391 418 2455 dioque
444 2388 644 2453 majore.
715 2387 984 2436 Carneadis
1020 2405 1136 2436 vero
1172 2389 1244 2436 vis
1267 2389 1570 2437 incredibilis
1606 2407 1714 2448 161,

236 2468 320 2517 illa
344 2467 562 2526 dicendi,
599 2474 650 2514 et
681 2466 908 2525 varietas,
939 2484 1175 2531 perquam
1201 2475 1330 2516 esset
1354 2468 1571 2532 optanda

238 2547 380 2595 nobis
401 2567 414 2605 ;
454 2545 537 2610 qui
575 2543 759 2591 nullam
798 2560 1014 2608 unquam
1040 2545 1090 2590 in
1115 2544 1207 2592 illis
1233 2545 1330 2592 suis
1356 2545 1571 2609 disputa-

239 2625 457 2673 tionibus
481 2640 584 2672 rem
611 2622 850 2678 defendit,
879 2640 1024 2686 quam
1051 2639 1149 2670 non
1175 2624 1424 2686 probarit3
1464 2624 1571 2671 nul-

239 2703 334 2752 lam
360 2701 684 2768 oppugnavit,
726 2705 871 2764 quam
909 2716 1007 2747 non
1034 2702 1281 2748 everterit.
1353 2702 1452 2749 Sed
1476 2701 1571 2750 hoc

239 2782 395 2847 majus
421 2790 495 2830 est
519 2779 772 2846 quiddam,
798 2796 944 2843 quam
986 2781 1046 2827 ab
1087 2780 1163 2839 iis,
1202 2781 1285 2845 qui
1320 2780 1443 2830 haec
1478 2789 1575 2830 tra-

241 2862 366 2923 dunt
391 2869 442 2910 et
465 2860 669 2919 docent,
687 2857 1037 2924 postulandum
1062 2858 1139 2908 sit.

1165 2952 1198 2987 K
1218 2945 1247 2986 2
