2071 3508
329 1397 435 1438 136.

323 2402 426 2462 34.

322 2497 431 2541 137.

475 430 555 470 ⁶270
945 424 1023 465 DE
1053 423 1320 464 ORATORE

474 544 668 602 praeter
702 536 830 585 hanc
854 534 1191 600 politissimam
1217 533 1491 583 doctrinam
1515 536 1794 583 transmari..

475 632 587 664 nam
626 624 771 680 atque
813 614 1151 673 adventitiam,
1194 612 1352 662 defuit
1372 614 1387 660 ?
1424 630 1559 672 num,
1586 614 1698 677 quia
1713 614 1797 677 jus

474 695 616 742 civile
658 696 915 753 didicerat,
954 710 1121 741 causas
1157 709 1256 739 non
1292 692 1524 740 dicebat?
1560 700 1645 740 aut
1681 692 1796 756 quia

471 783 665 839 poterat
690 775 872 831 dicere,
889 773 1013 837 juris
1039 772 1292 819 scientiam
1311 772 1627 835 negligebat?
1663 778 1797 818 utro-

473 870 568 916 que
593 854 642 900 in
666 870 849 917 genere
875 860 925 899 et
956 850 1210 907 laboravit,
1250 858 1299 896 et
1332 850 1590 912 praestitit.
1660 851 1795 898 Num

470 941 671 995 propter
695 932 821 978 hanc
858 947 919 977 ex
953 929 1253 992 privatorum
1290 928 1500 990 negotiis
1536 928 1794 976 collectam

469 1011 678 1073 gratiam
719 1010 902 1056 tardior
943 1008 993 1072 in
1034 1006 1286 1070 republica
1328 1006 1624 1069 capessenda
1658 1006 1792 1054 fuit?

470 1103 615 1134 nemo
641 1086 771 1150 apud
794 1084 1029 1148 populum
1055 1084 1261 1141 forti0r3
1301 1100 1447 1130 nemo
1465 1083 1636 1130 melior
1660 1101 1797 1131 sena-

468 1172 579 1223 tor3
622 1165 754 1211 idem
796 1162 940 1218 facile
982 1161 1195 1223 optimus
1235 1161 1530 1224 imperator;
1581 1161 1795 1226 denique

468 1243 589 1289 nihil
613 1242 663 1288 in
687 1242 780 1288 hac
806 1241 1004 1287 civitate
1024 1239 1331 1302 temporibus
1355 1239 1448 1286 illis
1474 1240 1584 1286 sciri
1609 1240 1795 1288 discive

467 1320 647 1383 potuit,
673 1319 805 1382 quod
830 1317 909 1364 ille
934 1334 1033 1365 non
1060 1334 1173 1365 cum
1199 1318 1505 1381 investigarit
1537 1326 1587 1365 et
1612 1319 1793 1378 scierit,

469 1406 575 1446 tum
601 1398 747 1445 etiam
774 1396 1134 1459 conscripserit.
1205 1396 1355 1443 Nunc
1382 1403 1551 1443 contra
1573 1396 1794 1461 plerique

469 1477 532 1524 ad
555 1476 763 1523 honores
789 1473 1148 1538 adipiscendos,
1174 1482 1224 1522 et
1248 1475 1310 1521 ad
1334 1474 1685 1538 rempublicam
1709 1492 1794 1539 ge-

467 1554 670 1602 rendam
695 1553 816 1600 nudi
834 1553 1040 1600 veniunt
1064 1561 1212 1616 atque
1238 1553 1479 1612 inermes3
1519 1553 1653 1601 nulla
1678 1570 1793 1617 cog-

466 1632 655 1680 nitione
680 1648 860 1690 rerum,
886 1631 1021 1678 nulla
1045 1631 1251 1678 scientia
1276 1631 1450 1678 ornati.
1512 1632 1595 1678 Sin
1620 1632 1793 1695 aliquis

466 1710 667 1758 excellit
690 1727 815 1757 unus
841 1727 867 1757 e
892 1709 1076 1767 multis,
1102 1709 1241 1757 effert
1266 1726 1335 1767 se,
1366 1710 1404 1756 si
1430 1726 1583 1756 unum
1607 1710 1792 1773 aliquid

464 1788 619 1846 affert,
645 1796 701 1836 ut
724 1787 950 1835 bellicam
986 1787 1236 1843 virtutem,
1278 1794 1363 1835 aut
1400 1804 1542 1834 usum
1578 1787 1790 1851 aliquem

462 1865 741 1924 militarem,
784 1869 932 1930 (quae
974 1881 1089 1912 sane
1126 1881 1259 1912 nunc
1302 1864 1501 1927 quidem
1539 1865 1790 1914 obsoleve-

462 1944 601 2004 runt)
628 1952 713 1991 aut
740 1943 865 2007 juris
907 1943 1180 2000 scientiam,
1222 1957 1285 1989 ne
1323 1942 1424 2005 ejus
1461 1942 1659 2006 quidem
1683 1944 1790 1991 uni-

460 2022 620 2069 versi:
659 2025 797 2086 (nam
821 2020 1146 2084 pontificium,
1171 2021 1304 2084 quod
1339 2027 1414 2067 est
1448 2020 1788 2084 conjunctum,

460 2115 608 2147 nemo
633 2098 800 2157 discit)
827 2105 912 2144 aut
936 2097 1284 2160 eloquentiam,
1310 2115 1454 2161 quam
1479 2098 1531 2144 in
1557 2097 1786 2157 clamore,

462 2184 514 2224 et
536 2177 587 2222 in
610 2177 870 2223 verborum
907 2191 1052 2221 cursu
1081 2175 1288 2238 positam
1314 2183 1491 2238 putant
1513 2194 1524 2223 :
1564 2177 1786 2224 omnium

461 2271 578 2302 vero
616 2256 855 2302 bonarum
898 2253 1093 2310 artium,
1133 2253 1345 2316 denique
1381 2254 1620 2301 virtutum
1661 2255 1786 2318 ipsa-

461 2349 589 2390 rum,
614 2333 899 2381 societatem
925 2332 1369 2395 cognationemque
1396 2348 1494 2379 non
1519 2340 1716 2380 norunt.

531 2410 645 2469 Sed,
680 2418 736 2477 ut
771 2410 833 2457 ad
865 2409 1084 2457 Graecos
1108 2408 1315 2456 referam
1341 2409 1630 2467 orationem,
1656 2411 1785 2474 (qui-

463 2490 552 2537 bus
578 2506 742 2538 carere
777 2489 829 2535 in
863 2489 957 2536 hoc
984 2488 1182 2552 quidem
1208 2488 1442 2535 sermonis
1477 2505 1658 2552 genere
1683 2505 1784 2536 non
1803 2492 1818 2499 ⁷

460 2584 748 2634 possumus;
787 2584 899 2615 nam
934 2575 990 2614 ut
1023 2566 1216 2614 virtutis
1241 2584 1270 2614 a
1292 2566 1486 2625 nostris,
1510 2567 1578 2614 sic
1604 2567 1783 2615 doctri-

459 2663 553 2694 nae
579 2654 692 2695 sunt
715 2648 774 2694 ab
800 2645 892 2693 illis
917 2645 1142 2709 exempla
1165 2645 1458 2709 repetenda)
1495 2640 1683 2708 septem
1705 2644 1781 2693 fu-

459 2725 552 2772 isse
578 2725 810 2773 dicuntur
832 2741 932 2772 uno
956 2732 1196 2788 tempore,
1233 2724 1316 2788 qui
1341 2719 1588 2787 sapientes
1614 2731 1664 2771 et
1697 2724 1779 2771 ha-

458 2804 711 2862 berentur,
759 2811 809 2851 et
855 2803 1165 2851 vocarentur.
1240 2802 1309 2851 Hi
1350 2819 1532 2859 omnes,
1584 2810 1778 2866 praeter

462 2879 713 2929 Milesium
750 2882 976 2941 Thalem,
1013 2881 1291 2931 civitatibus
1317 2881 1416 2930 suis
1438 2880 1770 2946 praefuerunt.

1064 2963 1089 3002 5

2043 2267 2071 2436 ’,διν-τ’·ῥ-ῆτ,
2058 2224 2065 2235 ,-

2041 2487 2054 2575 ψμω
2044 2436 2060 2465 x:
