2071 3508
249 932 356 973 134.

251 1645 360 1688 135.

258 2446 364 2489 136.

386 422 462 461 138
861 417 938 457 DE
969 416 1238 457 ORATORE

385 545 571 596 genera
595 543 881 577 causarum:
918 544 1074 576 unum
1098 526 1362 593 appellant,
1394 527 1446 574 in
1471 543 1588 591 quo,
1612 526 1715 576 sine

385 608 606 676 personis
631 615 779 672 atque
809 607 1131 671 temporibus,
1168 606 1230 655 de
1265 606 1494 655 universo
1533 622 1717 671 genere

387 695 652 754 quaeratur
673 704 685 734 :
746 686 970 743 alterum,
1021 686 1155 750 quod
1200 685 1421 749 personis
1474 685 1621 734 certis
1667 692 1720 734 et

387 768 692 832 temporibus
716 765 1008 824 definiatur3
1041 765 1216 830 ignari,
1243 780 1414 812 omnes
1439 771 1720 812 controver-

389 847 481 895 sias
506 847 571 894 ad
593 845 808 894 universi
831 844 1028 909 generis
1058 844 1159 891 vim
1195 850 1247 892 et
1281 850 1507 892 naturam
1531 842 1719 891 referri.

390 926 521 974 Nam
558 925 610 972 in
649 941 707 973 ea
746 924 851 988 ipsa
892 938 1055 981 causa,
1092 921 1154 970 de
1191 938 1287 986 qua
1311 928 1427 970 ante
1453 921 1573 978 dixi,
1599 920 1723 969 nihil

387 1004 605 1070 pertinet
639 1002 705 1050 ad
741 1001 946 1050 oratoris
975 1000 1110 1048 locos
1136 999 1324 1065 Opimii
1348 1015 1576 1064 persona,
1601 998 1723 1047 nihil

388 1082 552 1132 Decii.
622 1082 703 1129 De
744 1081 851 1145 ipso
887 1079 1018 1128 enim
1059 1079 1289 1126 universo
1324 1094 1508 1142 genere
1532 1077 1724 1126 infinita

387 1161 611 1227 quaestio
646 1168 742 1219 est,
781 1176 900 1207 num
931 1174 1093 1223 poena
1126 1157 1355 1205 videatur
1379 1173 1485 1205 esse
1510 1156 1724 1205 afficien-

388 1240 498 1299 dus,
541 1240 625 1303 qui
661 1239 820 1287 civem
846 1255 909 1286 ex
935 1236 1362 1285 senatusconsulto
1386 1236 1574 1300 patriae
1610 1250 1726 1283 con-

389 1318 659 1367 servandae
701 1333 849 1367 causa
882 1315 1209 1373 interemerit,
1245 1330 1359 1362 cum
1393 1314 1447 1362 id
1479 1330 1568 1379 per
1590 1313 1726 1378 leges

388 1414 490 1446 non
514 1398 704 1446 liceret.
764 1396 917 1445 Nulla
941 1395 1156 1459 denique
1181 1401 1255 1442 est
1280 1410 1445 1452 causa,
1461 1393 1512 1440 in
1537 1409 1634 1458 qua
1656 1393 1728 1454 id,

391 1477 527 1541 quod
550 1477 601 1524 in
616 1475 864 1541 judicium
879 1476 1031 1530 venit,
1054 1491 1117 1523 ex
1141 1489 1338 1522 reorum
1362 1472 1602 1538 personis,
1625 1488 1729 1522 non

391 1572 632 1621 generum
656 1556 873 1620 ipsorum
897 1553 1126 1602 universa
1149 1552 1502 1617 disputatione,
1527 1567 1729 1616 quaera-

393 1643 490 1684 tur.
562 1634 850 1692 Quinetiam
875 1632 926 1679 in
949 1632 1007 1680 iis
1032 1632 1163 1697 ipsis,
1205 1631 1291 1680 ubi
1328 1630 1391 1680 de
1415 1629 1552 1679 facto
1576 1631 1728 1680 ambi-

394 1715 544 1780 gitur,
566 1712 819 1778 ceperitne
841 1719 1014 1760 contra
1030 1710 1167 1775 leges
1184 1709 1421 1774 pecunias
1447 1709 1501 1756 P.
1519 1709 1728 1769 Decius,

395 1801 689 1859 argumenta
713 1800 763 1841 et
788 1791 1049 1839 criminum
1088 1798 1139 1838 et
1170 1789 1470 1838 defensionis
1494 1804 1729 1837 revocen-

393 1881 476 1922 tur
501 1878 698 1937 oportet
721 1870 784 1918 ad
806 1886 966 1934 genus
991 1877 1042 1918 et
1065 1868 1129 1916 ad
1153 1876 1379 1916 naturam
1416 1867 1725 1916 universam:

395 1953 530 2018 quod
554 1958 886 2015 sumptuosus,
926 1950 988 1997 de
1030 1948 1254 1995 luxuria:
1294 1947 1428 2012 quod
1464 1946 1611 1995 alieni
1647 1963 1728 2012 ap-

393 2040 588 2096 petenS,
614 2029 675 2078 de
700 2028 935 2077 avaritia:
974 2026 1107 2091 quod
1148 2026 1422 2082 seditiosus,
1462 2025 1525 2074 de
1560 2026 1731 2074 turbu·

395 2109 543 2158 lentis
567 2117 619 2157 et
642 2108 781 2156 malis
806 2107 993 2155 civibus
1015 2124 1027 2154 ι
1066 2105 1200 2170 quod
1235 2122 1264 2152 a
1298 2103 1465 2152 multis
1489 2104 1730 2169 arguitur,

398 2189 461 2237 de
485 2203 669 2252 genere
692 2186 895 2234 testium
917 2203 929 2232 z
969 2192 1259 2247 contraque,
1285 2200 1411 2247 quae
1435 2199 1526 2247 pro
1550 2199 1636 2231 reo
1660 2183 1731 2232 di-

399 2274 591 2322 centur,
635 2265 800 2313 omnia
839 2262 1116 2312 necessario
1154 2278 1184 2309 a
1219 2269 1442 2326 tempore
1473 2270 1622 2324 atque
1646 2260 1733 2310 ho-

386 2347 531 2398 .mine
572 2344 636 2392 ad
672 2358 959 2391 communes
990 2357 1154 2389 rerum
1179 2348 1231 2388 et
1253 2356 1493 2404 generum
1518 2353 1731 2388 summas

398 2425 728 2475 revolventur.
802 2423 972 2487 Atque
1008 2421 1133 2469 haec
1174 2419 1340 2468 forsan
1379 2419 1583 2476 homini,
1630 2435 1732 2468 non

399 2506 582 2564 omnia,
608 2521 733 2569 quae
760 2510 874 2551 sunt
896 2502 947 2549 in
973 2508 1149 2549 natura
1172 2516 1351 2555 rerum,
1380 2498 1608 2547 celeriter
1632 2498 1732 2546 ani-

397 2603 479 2634 mo
518 2582 974 2650 comprehendenti,
1011 2578 1256 2646 permulta
1290 2578 1567 2635 videantur,
1605 2593 1731 2642 quae

395 2665 600 2713 veniant
636 2663 687 2711 in
716 2661 965 2727 ²iudicium
988 2668 1114 2718 tum,
1148 2675 1263 2707 011111
1288 2658 1350 2706 de
1374 2657 1510 2707 facto
1533 2673 1732 2722 quaera-

397 2751 508 2792 tur:
553 2742 641 2792 sed
680 2750 848 2790 tamen
887 2739 1148 2788 criminum
1191 2745 1267 2786 est
1307 2737 1594 2797 multitudo,
1630 2751 1731 2785 non

402 2816 760 2880 defensionum,
787 2827 874 2870 aut
895 2818 1135 2877 locorum,
1161 2815 1365 2866 infinita.
