2071 3508
652 411 820 450 LIBER
850 410 1161 454 SECUNDUS.
1535 418 1613 459 179

278 524 454 572 Marco
479 537 566 570 suo
589 520 740 568 fratre
767 518 1055 584 complexus
1081 520 1244 568 esset?
1283 520 1426 577 Puer,
1466 525 1613 589 abige

277 618 497 651 muscas:
539 599 715 647 Risum
752 598 1011 663 quaesivit,
1049 598 1133 663 qui
1157 607 1232 647 est
1257 601 1394 664 (mea
1418 610 1614 650 senten-

275 681 368 742 tia)
411 679 490 728 vel
527 678 844 727 tenuissimus
882 678 1070 742 ingenii
1111 676 1319 727 fructus.
1392 679 1614 745 Tempus

273 760 425 824 igitur
450 758 650 807 dicendi
673 757 940 822 prudentia
975 765 1026 805 et
1059 758 1304 822 gravitate
1340 760 1616 808 moderabi-

274 854 410 886 mur:
441 854 648 902 quarum
664 837 855 885 utinam
871 845 1028 885 artem
1053 836 1267 901 aliquam
1291 838 1612 889 haberemus!

273 917 361 966 sed
385 917 586 966 domina
609 925 786 965 natura
811 924 900 964 est.

340 997 492 1045 Nunc
517 1013 824 1062 exponamus
847 1012 1030 1060 genera
1047 996 1152 1061 ipsa
1168 997 1471 1058 summatim,
1488 1015 1614 1063 quae
1647 982 1760 1043 61.

273 1077 425 1125 risum
448 1077 663 1125 maxime
699 1084 946 1125 moveant.
1021 1076 1165 1125 Haec
1198 1077 1350 1142 igitur
1373 1079 1437 1126 sit
1459 1079 1618 1143 prima
1648 1077 1761 1118 248·

273 1156 490 1221 partitio,
531 1156 683 1213 Quod
713 1155 878 1204 facete
904 1156 1118 1215 dicatur,
1154 1156 1207 1204 id
1241 1156 1359 1204 alias
1384 1159 1433 1204 in
1457 1175 1511 1206 re
1535 1158 1619 1206 ha-

274 1236 399 1295 beri,
441 1235 558 1284 alias
582 1237 632 1284 in
656 1238 797 1284 verbo
821 1257 835 1283 .·
873 1235 1066 1284 facetiis
1102 1235 1317 1283 maxime
1341 1244 1509 1284 autem
1533 1237 1619 1285 ho-

277 1315 433 1362 mines
476 1314 728 1370 delectari,
774 1315 812 1362 si
856 1314 1054 1378 quando
1095 1314 1218 1361 risus
1255 1314 1523 1378 conjuncte
1564 1333 1617 1365 re

275 1394 527 1459 verboque
552 1402 826 1442 moveatur.
878 1393 975 1441 Sed
1001 1393 1097 1441 hoc
1123 1402 1449 1453 mementote,
1475 1412 1618 1458 quos-

276 1489 474 1537 cunque
498 1473 633 1522 locos
659 1473 920 1537 attingam,
955 1473 1088 1520 unde
1114 1472 1325 1520 ridicula
1350 1473 1619 1533 ducantur,

276 1568 339 1599 ex
385 1553 561 1601 iisdem
606 1553 728 1600 locis
778 1552 882 1600 fere
926 1552 1075 1599 etiam
1123 1568 1300 1616 graves
1349 1554 1620 1602 sententias

273 1647 417 1696 posse
442 1632 592 1680 duci:
632 1639 830 1679 tantum
871 1633 1096 1690 interest,
1134 1631 1270 1696 quod
1293 1633 1509 1696 gravitas
1533 1634 1620 1682 ho-

275 1711 427 1759 nestis
462 1712 517 1758 in
554 1712 701 1760 rebus
741 1728 947 1771 severe3
985 1710 1131 1776 jocus
1176 1712 1226 1758 in
1267 1713 1530 1777 turpiculis
1568 1721 1620 1762 et

274 1791 413 1854 quasi
439 1790 744 1840 deformibus
767 1792 1000 1856 ponitur:
1038 1790 1178 1839 velut
1214 1791 1266 1838 in
1302 1792 1478 1840 iisdem
1513 1810 1621 1842 ver-

273 1869 349 1918 bis
374 1877 425 1918 et
448 1869 651 1919 laudare
686 1870 820 1935 frugi
857 1887 1053 1919 servum
1079 1887 1361 1934 possumus,
1387 1880 1456 1931 et,
1481 1873 1520 1920 si
1546 1881 1623 1921 est

276 1966 509 2014 nequam,
526 1949 703 2014 jocari.
777 1949 1071 1997 Ridiculum
1108 1959 1183 1998 est
1220 1949 1344 1998 illud
1380 1951 1622 1999 Neronia-

276 2044 398 2076 num
421 2036 565 2077 vetus
589 2029 641 2075 in
665 2027 837 2077 furace
863 2045 1023 2088 servo,
1046 2029 1216 2077 Solum
1237 2046 1361 2089 esse,
1388 2031 1468 2079 cui
1487 2030 1623 2079 domi

277 2107 402 2156 nihil
443 2108 507 2156 sit
543 2124 638 2156 nec
678 2109 1014 2172 obsignatum,
1040 2125 1134 2156 nec
1159 2109 1448 2158 occlusum:
1487 2111 1619 2175 quod

277 2186 412 2235 idem
450 2187 503 2234 in
543 2189 677 2236 bono
715 2204 856 2238 servo
890 2188 990 2236 dici
1015 2188 1174 2249 solet3
1213 2189 1301 2236 sed
1326 2188 1421 2238 hoc
1445 2189 1622 2238 iisdem

279 2257 429 2315 etiam
454 2268 632 2316 verbis.
706 2268 783 2315 Ex
808 2267 985 2316 iisdem
1010 2276 1177 2317 autem
1202 2269 1324 2318 locis
1350 2270 1516 2317 omnia
1539 2286 1622 2318 na·
1655 2265 1768 2309 249.

280 2354 503 2395 scuntur.
576 2348 706 2396 Nam
733 2348 868 2412 quod
901 2349 983 2414 Sp.
1012 2349 1227 2398 Carvilio
1251 2350 1468 2415 graviter
1492 2349 1624 2398 clau-

281 2425 471 2475 dicanti
496 2443 559 2475 ex
582 2427 787 2477 vulnere
823 2429 887 2476 ob
924 2428 1282 2493 rempublicam
1309 2438 1537 2494 acceptO,
1574 2439 1625 2478 et

280 2507 345 2553 ob
372 2523 481 2554 eam
507 2524 707 2556 causam
730 2508 1093 2556 verecundanti
1136 2509 1186 2555 in
1222 2508 1480 2573 publicum
1514 2526 1624 2573 pro-

283 2584 409 2644 dire,
433 2594 592 2635 mater
616 2587 762 2646 dixit,
800 2587 937 2644 Quin
960 2588 1147 2652 prodis,
1185 2588 1251 2635 mi
1289 2588 1470 2652 Spuri?
1507 2605 1625 2652 quo-

282 2663 578 2729 tiescunque
602 2667 813 2730 gradum
837 2665 1010 2725 facies,
1035 2668 1182 2715 toties
1201 2667 1292 2714 tibi
1316 2674 1513 2714 tuarum
1532 2668 1626 2714 vir-

284 2751 451 2792 tutum
475 2745 646 2794 veniat
668 2745 720 2793 in
752 2754 1008 2805 mentem;
1047 2745 1355 2811 praeclarum
1390 2754 1441 2796 et
1474 2738 1625 2811 grave

284 2830 391 2871 est:
431 2823 583 2881 Quod
608 2824 818 2874 Calvino
841 2825 1055 2874 Glaucia
1081 2825 1401 2885 claudicanti,
1427 2825 1528 2875 Ubi
1553 2835 1629 2875 est

236 2937 242 2941 -
286 2910 430 2951 vetus
469 2903 631 2954 illud?
665 2921 786 2954 num
823 2904 1110 2955 claudicas?
1147 2914 1198 2954 at
1232 2905 1315 2954 hic
1341 2905 1626 2966 claudicat-3

1198 3001 1238 3033 M
1264 2993 1294 3032 2
