2071 3508
641 419 809 457 LIBER
840 417 1146 457 SECUNDUS.
1498 423 1573 463 177

238 545 408 580 omnes
449 527 805 592 exprimantur,
844 534 901 574 ut
940 527 1016 584 iis,
1060 525 1143 589 qui
1192 525 1420 584 audiunt,
1462 535 1566 576 tum

235 610 342 674 geri
366 607 447 655 illa
469 606 671 670 fierique
695 605 974 654 videantur.
1046 605 1106 652 In
1133 621 1184 652 re
1211 612 1285 652 est
1309 604 1429 652 item
1456 606 1568 654 ridi-

238 687 422 744 culum,
463 684 597 749 quod
635 700 698 732 ex
736 683 948 748 quadam
991 683 1257 748 depravata
1293 683 1570 733 imitatione

236 765 360 812 sumi
385 763 539 823 solet3
577 771 635 812 ut
658 763 791 811 idem
817 763 1034 820 Crassus,
1064 763 1158 811 Per
1181 771 1319 811 tuam
1344 764 1571 813 nobilita-

234 851 354 901 tem,
378 859 466 908 per
489 850 703 890 vestram
727 841 979 890 familiam.
1053 842 1191 899 Quid
1221 841 1355 890 aliud
1378 841 1492 903 fuit,
1518 845 1569 892 in

233 938 330 986 quo
356 921 532 970 concio
556 921 760 980 rideret,
798 921 890 969 nisi
928 920 1011 969 illa
1037 920 1203 969 vultus
1229 930 1280 969 et
1303 923 1438 970 vocis
1463 924 1569 971 imi-

230 1001 391 1049 tatio?
430 1002 524 1049 Per
546 1009 656 1048 tuas
681 1009 866 1048 statuas
890 1017 1007 1049 vero
1049 1017 1164 1049 cum
1209 1000 1354 1060 dixit,
1396 1011 1446 1050 et
1485 1020 1569 1051 ex-

231 1087 372 1128 tento
394 1079 598 1128 brachio
621 1078 877 1143 paululum
914 1080 1062 1126 etiam
1100 1079 1162 1126 de
1186 1088 1332 1143 gestu
1357 1081 1568 1142 addidit,

230 1158 572 1207 vehementius
610 1158 820 1205 risimus.
891 1156 968 1204 Ex
1006 1156 1102 1204 1100
1143 1174 1328 1222 genere
1371 1168 1446 1208 est
1485 1161 1569 1214 illa

235 1236 481 1286 Rosciana
504 1236 716 1284 imitatio
741 1236 869 1286 senis
890 1256 903 1296 ;

454 1327 540 1366 Tibi
557 1342 638 1381 ego,
657 1326 839 1379 Antipho,
859 1326 928 1364 has
947 1340 1044 1374 sero,
1065 1327 1190 1379 inquit
1211 1342 1221 1365 τ

233 1395 433 1443 Senium
461 1404 553 1455 est,
570 1412 684 1443 cum
702 1394 863 1442 audio.
916 1393 1086 1458 Atque
1104 1396 1174 1443 ita
1193 1403 1267 1443 est
1286 1404 1446 1443 totum
1472 1398 1569 1446 1100

231 1472 337 1536 ipso
361 1490 545 1537 genere
570 1473 853 1531 ridiculum,
873 1481 929 1520 ut
946 1473 1226 1521 cautissime
1250 1475 1567 1523 tractandum

229 1550 306 1597 sit.
380 1551 653 1599 Mimorum
692 1559 767 1599 est
805 1551 937 1599 enim
963 1550 1328 1615 ethologorum,
1355 1553 1394 1600 si
1419 1554 1571 1603 nimia

230 1635 304 1676 est
326 1628 557 1689 imitatio,
582 1630 711 1678 sicut
735 1630 1059 1678 obscaenitas.
1132 1629 1315 1678 Orator
1340 1633 1570 1697 surripiat

228 1714 426 1771 oportet
465 1708 814 1768 imitationem,
852 1717 908 1757 ut
949 1708 1008 1768 is,
1047 1708 1131 1772 qui
1167 1709 1353 1769 audiat,
1380 1713 1570 1777 cogitet

226 1786 386 1851 plura,
411 1803 559 1851 quam
583 1786 781 1848 videat3
809 1795 1029 1851 praestet
1046 1787 1179 1835 idem
1205 1789 1569 1853 ingenuitatem

228 1873 280 1914 et
303 1866 534 1914 ruborem
566 1883 729 1925 suum,
764 1868 1028 1915 verborum
1064 1867 1395 1931 turpitudine,
1421 1879 1472 1919 et
1495 1888 1568 1920 refi

227 1962 337 1993 rum
362 1946 699 1994 obscaenitate
723 1946 941 1994 vitanda.

294 2023 428 2088 Ergo
453 2023 577 2072 haec
603 2023 703 2072 duo
726 2041 911 2089 genera
931 2032 1045 2072 sunt
1066 2023 1169 2089 ejus
1193 2025 1408 2087 ridiculi,
1434 2031 1566 2093 quod
1601 2029 1709 2089 60,

228 2101 280 2150 in
304 2119 356 2150 re
380 2102 596 2166 positum
623 2110 726 2162 est3
767 2119 893 2166 quae
931 2111 1045 2151 sunt
1079 2104 1277 2168 propria
1305 2117 1566 2171 perpetua·
1594 2124 1713 2163 243.

227 2198 338 2230 rum
375 2180 686 2240 facetia-rum,
727 2180 779 2227 in
817 2181 994 2245 quibus
1030 2181 1379 2232 describuntur
1413 2186 1568 2236 1101111-

228 2277 349 2309 num
374 2277 553 2320 mores,
579 2267 631 2308 et
653 2260 723 2308 ita
748 2260 1067 2325 effinguntur,
1092 2269 1149 2310 ut
1167 2271 1272 2322 aut,
1296 2281 1348 2312 re
1374 2277 1569 2316 narrata

226 2339 405 2405 aliqua,
433 2339 601 2404 quales
625 2340 742 2400 sint,
760 2340 1134 2405 intelligantur,
1163 2350 1266 2402 aut,
1291 2343 1568 2396 imitatlonc

225 2420 365 2469 brevi
406 2419 609 2484 injecta,
650 2420 702 2468 in
743 2420 908 2485 aliquo
946 2421 1128 2485 insigni
1164 2422 1227 2469 ad
1259 2422 1566 2474 irridendum

226 2499 348 2547 vitio
371 2499 696 2563 reperiantur.
757 2499 818 2547 In
849 2499 986 2548 dicto
1011 2508 1178 2549 autem
1193 2501 1467 2551 'ridiculum
1494 2514 1566 2554 est
1599 2517 1712 2556 244.

227 2579 297 2637 id,
323 2578 457 2642 quod
479 2578 636 2637 verbi,
675 2586 761 2627 aut
796 2579 1072 2627 sententiae
1097 2579 1311 2644 quodam
1337 2585 1567 2634 acumine

227 2664 489 2706 movetur:
539 2657 627 2704 sed
666 2665 724 2705 ut
760 2658 812 2704 in
850 2657 933 2706 illo
975 2659 1224 2722 superiore
1265 2675 1450 2723 genere
1487 2665 1567 2712 vel

226 2735 538 2795 narrationis,
575 2735 655 2784 vel
695 2736 1002 2796 imitationis,
1042 2736 1246 2785 vitanda
1286 2746 1359 2786 est
1395 2741 1566 2792 mimo-

227 2833 336 2864 rum
363 2816 708 2882 ethologorum
733 2815 1005 2879 similitudo
1027 2836 1040 2877 ;
1080 2816 1149 2864 sic
1175 2816 1225 2863 in
1251 2816 1365 2877 hoc,
1390 2823 1564 2870 scurri-

1602 617 1629 655 10

1635 618 1697 656 {²3

148 2941 159 2948 ,
226 2894 286 2944 lis
327 2896 507 2946 oratori
555 2895 792 2947 dicacitas
838 2912 1139 2964 magnopere
1185 2895 1426 2962 fugienda
1472 2909 1561 2950 est.

1190 2991 1231 3023 M
