2071 3508
775 433 1148 472 ORATORIBUs.
1550 439 1622 475 411

295 556 390 597 am,
418 558 543 606 quae
559 548 699 590 erant
723 539 937 590 Athenis
961 541 1112 605 ipsius
1137 548 1298 588 aetate
1323 549 1507 605 gestae,
1529 560 1627 592 non

298 627 399 666 tam
425 620 676 678 historico,
715 636 861 683 quam
887 620 1099 667 oratorio
1123 636 1305 684 genere
1330 622 1627 685 perscripsit.

300 698 373 747 At
389 698 595 746 Charisii
619 697 726 746 vult
748 698 991 762 Hegesias
1009 716 1113 747 esse
1133 699 1319 758 similis,
1338 700 1476 764 isque
1493 717 1544 748 se
1562 701 1631 749 ita

297 784 440 840 putat
465 776 711 834 Atticum,
733 785 789 825 ut
812 794 952 826 veros
977 777 1084 826 iUos
1101 795 1219 843 prae
1245 795 1295 826 se
1319 795 1447 844 pene
1473 795 1632 844 agres-

296 862 371 902 tes
394 862 554 919 putet.
628 856 701 903 At
725 856 845 920 quid
870 865 944 905 est
967 864 1069 905 tam
1095 856 1323 914 fractum,
1351 865 1452 905 tam
1477 858 1635 905 minu-

295 941 418 990 tum,
445 942 548 982 tam
571 935 623 982 in
648 936 770 1000 ipsa,
797 954 943 1001 quam
962 945 1131 984 tamen
1157 938 1493 1002 consequitur,
1520 955 1634 986 con-

297 1013 538 1063 cinnitate
556 1015 744 1079 puerile
767 1017 783 1064 ?
856 1015 1143 1066 Atticorum
1163 1017 1345 1065 similes
1371 1034 1475 1065 esse
1500 1018 1636 1066 volu-

297 1108 420 1141 mus.
494 1093 714 1159 Optime.
787 1096 977 1144 Suntne
1012 1097 1164 1161 igitur
1205 1097 1238 1144 ii
1282 1097 1444 1145 Attici
1480 1106 1638 1146 orato-

298 1173 413 1221 res?
451 1173 576 1232 Quis
601 1192 783 1239 negare
817 1178 1019 1240 potest?
1062 1176 1150 1224 hos
1185 1177 1450 1225 imitamur.
1523 1178 1638 1235 Quo

300 1251 464 1310 modo,
492 1254 576 1318 qui
601 1263 716 1303 sunt
740 1263 790 1303 et
805 1255 934 1303 inter
949 1272 1000 1303 se
1026 1256 1303 1316 dissimiles,
1329 1266 1379 1305 et
1398 1256 1638 1305 aliorum?

303 1331 673 1398 Thucydidem,
698 1334 877 1398 inquit,
902 1335 1166 1383 imitamur.
1239 1336 1462 1401 Optime,
1488 1337 1526 1385 si
1544 1338 1639 1385 his-

303 1411 478 1458 toriam
515 1414 743 1471 scribere,
782 1430 882 1462 non
919 1414 957 1461 si
994 1431 1162 1462 causas
1189 1415 1355 1464 dicere
1393 1417 1637 1480 cogitatis.

303 1489 627 1555 Thucydides
666 1493 798 1541 enim
834 1509 995 1540 rerum
1022 1506 1272 1558 gestarum
1295 1495 1642 1558 pronuntiator

304 1569 543 1629 sincerus,
593 1579 645 1620 et
686 1573 889 1637 grandis
925 1573 1073 1620 etiam
1110 1573 1238 1621 fuit:
1290 1573 1386 1621 hoc
1427 1573 1638 1631 forense,

306 1651 742 1710 concertatorium,
772 1651 1027 1716 judiciale,
1071 1669 1171 1700 non
1210 1654 1443 1702 tractavit
1466 1671 1640 1718 genus.

304 1727 570 1778 Orationes
596 1738 778 1788 autem,
807 1748 926 1796 quas
945 1731 1254 1797 interposuit,
1279 1733 1489 1798 (multae
1511 1735 1642 1782 enim

305 1809 445 1870 sunt)
472 1827 553 1858 eas
578 1828 672 1875 ego
713 1810 915 1859 laudare
941 1811 1105 1860 soleo:
1144 1813 1325 1860 imitari
1350 1829 1512 1878 neque
1535 1831 1644 1878 pos-

307 1887 416 1948 sim,
454 1890 496 1937 si
533 1889 715 1950 velim3
770 1907 862 1939 nec
903 1891 1052 1938 velim
1091 1891 1313 1948 fortasse,
1367 1893 1405 1939 si
1446 1894 1642 1957 possim.

309 1967 400 2027 Ut,
437 1968 475 2016 si
500 1969 609 2033 quis
636 1969 844 2017 Falerno
867 1970 983 2018 vino
1021 1970 1313 2027 delectetur,
1356 1972 1442 2019 sed
1467 1989 1526 2021 eo
1550 1989 1644 2021 nec

308 2048 378 2097 ita
417 2064 563 2104 novo,
608 2056 664 2096 ut
700 2049 936 2113 proximis
976 2050 1257 2098 consulibus
1294 2059 1465 2098 natum
1489 2052 1643 2112 velit3

310 2145 406 2178 nec
430 2146 596 2176 rursus
620 2129 689 2177 ita
713 2138 897 2187 vetere,
924 2137 980 2177 ut
1000 2128 1276 2195 Opimium,
1302 2138 1387 2179 aut
1409 2132 1647 2181 Anicium

312 2208 567 2257 consulem
604 2216 840 2272 quaerat:
891 2209 1028 2272 atqui
1071 2225 1158 2257 eae
1195 2217 1342 2258 notae
1380 2219 1494 2259 sunt
1523 2214 1647 2277 opti-

312 2305 438 2337 mae.
510 2287 696 2336 Credo:
724 2288 811 2337 sed
827 2289 977 2336 nimia
996 2297 1214 2337 vetustas
1233 2306 1327 2338 nec
1346 2290 1496 2339 habet
1521 2308 1646 2350 eam,

312 2385 459 2434 quam
496 2368 793 2433 quaerimus,
830 2369 1141 2428 suavitatem,
1178 2386 1271 2417 nec
1297 2378 1371 2418 est
1402 2369 1507 2434 jam
1533 2388 1648 2421 sane

310 2447 594 2497 tolerabilis.
682 2447 817 2498 Num
856 2447 1007 2512 igitur
1043 2449 1125 2513 qui
1167 2447 1263 2496 hoc
1299 2449 1498 2508 sentiat,
1535 2451 1573 2497 si
1607 2451 1648 2499 is

312 2533 485 2592 potare
522 2525 661 2584 velit,
697 2525 761 2574 de
804 2525 936 2573 dolio
977 2526 1067 2574 sibi
1105 2525 1432 2574 hauriendum
1466 2531 1649 2592 putet?

314 2605 551 2654 minime:
613 2604 700 2657 sed
735 2605 982 2669 quandam
1019 2614 1252 2670 sequatur
1286 2614 1529 2655 aetatem:
1581 2609 1649 2657 sic

315 2700 411 2748 ego
449 2683 552 2730 istis
594 2684 888 2742 censuerim,
936 2691 987 2731 et
1021 2700 1199 2731 novam
1234 2683 1378 2732 istam
1414 2687 1550 2748 quasi
1587 2687 1649 2737 de

316 2770 480 2811 musto
505 2778 562 2809 ac
586 2760 699 2812 lacu
722 2759 962 2809 fervidam
998 2762 1289 2820 orationem,
1324 2761 1614 2827 fugiendam
1634 2788 1650 2828 3

318 2855 414 2888 nec
437 2838 569 2886 illam
594 2837 898 2903 praeclaram
935 2838 1223 2905 Thucydidi
1247 2839 1391 2888 nimis
1416 2850 1653 2904 veterem,

320 2926 555 2985 tanquam
576 2917 873 2968 Anicianam
892 2926 1077 2979 notam,
1094 2919 1503 2986 persequendam.
1541 2922 1653 2989 Ipso
