2071 3508
341 847 419 893 77.

306 1385 412 1445 Ql.

342 1477 419 1522 78.

452 416 532 454 250
923 411 1001 451 DE
1031 410 1299 451 ORATORE

453 539 578 586 quae
603 537 761 569 mores
785 521 1058 580 hominum,
1084 538 1208 586 quae
1242 521 1447 580 animos,
1472 537 1595 585 quae
1619 520 1769 570 vitam

451 600 976 667 continetfloriginem,
1001 600 1119 658 vim,
1148 600 1543 664 mutationesque
1567 607 1770 648 teneat:

452 679 625 727 eadem
660 695 837 737 mores,
873 678 1025 742 legeS‚
1058 677 1171 741 jura
1207 678 1469 737 describat,
1510 676 1774 743 rempubli-

452 774 559 805 cam
595 764 749 822 regat,
790 757 972 815 omnia,
1008 773 1133 820 quae
1168 756 1231 804 ad
1267 772 1627 821 quamcumque
1668 772 1771 804 rem

448 836 743 900 pertineant,
796 843 967 883 ornate
1016 835 1312 899 copioseque
1353 835 1501 883 dicat.
1573 835 1634 883 In
1676 851 1773 899 quo

447 931 634 979 genere
667 930 755 961 nos
781 913 979 977 quidem
1012 929 1261 960 versamur
1284 920 1499 972 tantum,
1531 921 1772 977 quantum

448 1008 722 1056 possumus,
750 999 987 1054 quantum
1014 991 1234 1055 ingenio,
1260 998 1500 1055 quantum
1532 990 1770 1040 mediocri

450 1069 691 1124 doctrina,
725 1075 963 1131 quantum
996 1085 1088 1115 usu
1120 1067 1370 1116 valemus:
1408 1085 1570 1132 neque
1604 1076 1772 1116 tamen

448 1149 569 1204 istis,
602 1147 685 1210 qui
709 1147 760 1193 in
785 1163 884 1194 una
907 1145 1214 1210 philosophia
1239 1148 1376 1210 quasi
1399 1145 1772 1195 tabernaculum

448 1227 579 1275 vitae
605 1242 720 1273 suae
746 1224 1071 1283 collocarunt,
1107 1224 1318 1273 multum
1343 1242 1458 1273 sane
1483 1225 1535 1271 in
1560 1225 1774 1289 disputa-

447 1306 584 1353 tione
609 1303 945 1352 concedimus.

517 1382 654 1440 Quid
684 1381 816 1429 enim
847 1397 983 1429 meus
1008 1380 1258 1429 familiaris
1279 1381 1335 1430 C.
1355 1380 1577 1430 Velleius
1601 1380 1772 1430 afferre

448 1468 631 1526 potest,
647 1460 965 1523 quamobrem
982 1459 1207 1523 voluptas
1226 1459 1288 1507 sit
1307 1475 1551 1508 summum
1569 1460 1776 1519 bonum,

449 1539 584 1604 quod
608 1555 701 1602 ego
726 1554 826 1585 non
851 1538 1095 1602 copiosius
1119 1538 1300 1603 possim
1325 1537 1403 1587 vel
1427 1538 1592 1594 tutari,
1632 1538 1670 1585 si
1693 1554 1776 1586 ve-

447 1618 553 1677 lim,
591 1616 670 1664 vel
708 1615 933 1664 refellere
972 1632 1034 1663 ex
1071 1615 1165 1663 illis
1203 1616 1340 1672 locis,
1385 1633 1506 1680 quos
1547 1616 1777 1681 exposuit

450 1694 721 1753 Antonius,
746 1694 838 1742 hac
856 1693 1055 1742 dicendi
1074 1694 1449 1753 exercitatione,
1473 1694 1525 1741 in
1545 1711 1640 1758 qua
1658 1693 1775 1743 Vel-

446 1775 570 1824 leius
606 1781 680 1823 est
714 1772 867 1831 rudis,
902 1772 1236 1837 unusquisque
1269 1780 1492 1821 nostrum
1520 1772 1774 1822 versatus?

451 1853 588 1910 Quid
624 1859 713 1909 est,
751 1851 886 1915 quod
919 1858 1005 1898 aut
1062 1851 1197 1899 Sext.
1236 1850 1519 1915 Pompeius,
1553 1859 1640 1899 aut
1675 1851 1774 1900 duo

450 1931 607 1988 Balbi,
645 1937 731 1978 aut
753 1945 892 1977 meus
917 1928 1122 1989 amicus,
1154 1928 1236 1993 qui
1274 1945 1387 1977 cum
1413 1929 1649 1978 Panaetio
1672 1929 1776 1978 vix-

448 2010 503 2067 it,
544 2009 620 2057 M.
657 2007 917 2072 Vigellius,
955 2006 1017 2055 de
1057 2007 1240 2055 virtute
1281 2007 1556 2067 hominum,
1604 2007 1776 2067 Stoici,

448 2088 637 2153 possint
672 2086 857 2144 dicere,
894 2101 990 2149 qua
1018 2085 1070 2132 in
1101 2083 1433 2149 disputatione
1464 2102 1558 2150 ego
1587 2085 1662 2134 his
1692 2086 1776 2134 de-

447 2169 610 2225 beam,
646 2173 733 2213 aut
755 2172 972 2212 vestrum
998 2163 1253 2227 quisquam
1280 2164 1589 2212 concedere?
1658 2164 1776 2213 Non

451 2251 525 2292 est
549 2243 680 2291 enim
704 2241 1013 2306 philosophia
1049 2241 1216 2289 similis
1240 2241 1418 2289 artium
1443 2241 1772 2306 reliquarum:

449 2338 562 2370 nam
583 2320 702 2385 quid
718 2319 870 2369 faciet
888 2320 939 2366 in
963 2319 1253 2383 geometria,
1279 2320 1362 2384 qui
1385 2336 1485 2368 non
1511 2321 1774 2370 didicerit?

450 2400 569 2464 quid
603 2400 655 2447 in
690 2398 926 2446 musicis?
963 2405 1048 2445 aut
1085 2404 1249 2446 taceat
1287 2398 1552 2461 oportebit,
1588 2406 1674 2446 aut
1709 2414 1773 2447 ne

449 2495 594 2526 sanus
619 2477 819 2541 quidem
836 2475 1106 2540 judicetur.
1180 2475 1322 2524 Haec
1348 2492 1479 2533 vero,
1507 2492 1632 2541 quae
1658 2483 1773 2525 sunt

447 2558 500 2605 in
540 2555 866 2621 philosophia,
901 2555 1113 2619 ingeniis
1155 2562 1395 2603 eruuntur
1429 2555 1492 2604 ad
1527 2555 1598 2614 id,
1639 2554 1774 2620 quod

447 2636 500 2684 in
525 2652 721 2700 quoque
744 2633 1007 2683 verisimile
1032 2641 1124 2693 est,
1160 2632 1478 2693 eliciendum,
1514 2633 1672 2682 acutis
1703 2639 1774 2682 at-

449 2730 543 2778 que
579 2714 791 2773 acribus,
833 2729 988 2777 eaque
1024 2711 1295 2762 exercitata
1329 2713 1550 2761 oratione
1584 2710 1774 2777 poliun-

447 2798 545 2841 tur.
618 2792 719 2841 Hic
751 2799 918 2841 noster
951 2791 1165 2857 vulgaris
1199 2798 1381 2850 orator,
1417 2791 1457 2839 si
1490 2790 1651 2840 minus
1680 2788 1774 2838 erit

445 2869 645 2932 doctuS,
680 2879 900 2923 attamen
922 2870 975 2920 in
999 2869 1212 2923 dicendo
1236 2869 1551 2928 exercitatUS,
1584 2868 1677 2918 hac
1701 2867 1771 2933 ip-
