2071 3508
535 852 1242 914 ANNOTATIONES

863 1058 911 1085 'IN

320 1223 602 1274 LIBRUM
639 1223 938 1273 PRIMUM
974 1224 1069 1273 DE
1106 1224 1472 1278 ORATORE.

286 1673 378 1725 Pag.
403 1676 437 1711 1.
465 1673 532 1710 lin.
553 1674 589 1714 7.
648 1673 705 1711 Ac
705 1673 798 1725 fuit
816 1673 1001 1726 quidem]
1064 1673 1128 1713 Sic
1144 1687 1214 1726 pro
1233 1675 1403 1727 vulgato,
1423 1678 1558 1729 ctcsuit

229 1745 371 1792 tempus
391 1738 499 1787 illud,
530 1739 718 1778 Ernestus
746 1740 943 1792 rescripsit
957 1754 979 1779 e
997 1741 1168 1793 vestigiis
1187 1742 1371 1781 librorum
1397 1743 1557 1796 scripto-

228 1819 315 1844 rum
334 1814 375 1844 et
389 1806 601 1844 editionum
618 1814 815 1851 veterum;
846 1807 995 1845 Pearcii
1015 1807 1134 1846 MSS.
1147 1821 1281 1847 omnes
1296 1821 1456 1848 caruere
1470 1823 1558 1861 pro-

228 1872 384 1910 nomine
403 1872 512 1918 illud,
541 1873 715 1924 plerique
736 1873 851 1911 etiam
884 1880 1037 1925 tempus.
1094 1874 1210 1916 Quod
1239 1875 1424 1914 Ernestus
1450 1878 1559 1916 resti-

229 1939 305 1977 tuit
324 1945 382 1976 est
401 1938 642 1990 exquisitius,
663 1945 704 1976 et
723 1939 875 1990 optimis
894 1940 1144 1990 scriptoribus
1165 1941 1358 1981 usitatum.

287 2005 382 2056 Pag.
409 2009 446 2042 2.
476 2004 541 2042 lin.
565 2007 630 2046 27.
686 2019 730 2042 ex
762 2005 1076 2044 commentariolis
1107 2008 1280 2057 nostris]
1342 2009 1480 2049 Libros
1508 2011 1558 2050 de

230 2071 459 2110 Inventione
491 2071 702 2110 Rhetorica
730 2072 801 2110 sub
829 2084 972 2110 annum
1006 2073 1142 2111 aetatis
1169 2073 1392 2113 vicesimum
1419 2077 1558 2116 Cicero

227 2138 449 2190 scripserat,
469 2138 584 2176 rudes
600 2146 640 2177 et
655 2138 862 2190 impolitos,
883 2139 915 2177 si
935 2152 1023 2178 cum
1043 2140 1102 2178 his
1118 2140 1377 2181 conferantur.
1426 2143 1558 2183 PRUS-

229 2218 347 2245 Teos,

284 2273 378 2326 Pag.
399 2277 436 2312 6.
465 2273 530 2311 lin.
554 2278 614 2311 12.
670 2272 840 2312 ssffultum
861 2275 992 2314 ceteris
1012 2276 1173 2315 omnium
1193 2277 1401 2330 gentium]
1463 2279 1499 2316 V
1502 2280 1557 2318 ul-

228 2340 308 2393 gati
327 2348 418 2379 ante
438 2340 599 2378 omnium
621 2340 766 2380 habent
784 2341 1007 2390 hominibus,
1029 2344 1132 2394 quod
1152 2345 1265 2396 plane
1285 2346 1455 2397 spurium
1476 2355 1557 2386 est:

227 2415 478 2460 opponuntur
497 2407 599 2446 enim
632 2407 788 2460 ingenia
810 2409 1073 2448 Rornanorum
1107 2419 1147 2450 et
1175 2412 1373 2451 hominum
1399 2413 1558 2453 aliarum

227 2474 414 2526 gentium.
472 2474 622 2526 Itaque,
643 2474 809 2514 Ernesto
829 2476 1076 2524 admonente,
1106 2480 1236 2529 rejeci.

285 2541 378 2593 Pag.
403 2545 463 2580 14.
492 2542 557 2580 lin.
578 2547 643 2581 23.
698 2543 896 2583 interdicto
925 2550 1041 2583 tecum
1070 2546 1375 2597 contenderent]
1432 2548 1556 2587 Inter-

226 2609 375 2647 dictum
395 2610 583 2660 praetoris
603 2617 661 2648 est
681 2610 867 2656 edictum,
896 2624 972 2662 quo
996 2613 1111 2662 jubet
1130 2613 1273 2664 aliquid
1292 2614 1352 2652 vel
1371 2613 1466 2660 fieri,
1495 2617 1556 2654 vel

226 2676 364 2715 omitti.
423 2677 625 2715 Sententia
644 2685 724 2721 est:
756 2678 874 2716 Multi
894 2679 1000 2717 litem
1021 2680 1088 2717 tibi
1106 2680 1365 2728 intenderent,
1395 2690 1436 2720 et
1455 2683 1555 2735 lege,

224 2756 272 2782 ac
290 2744 478 2795 praetoris
498 2743 628 2783 edicto
648 2752 777 2783 tecum
797 2753 972 2797 agerent,
996 2747 1099 2797 quod
1119 2760 1204 2786 eam
1225 2762 1320 2795 rem,
1351 2763 1449 2800 quae
1468 2763 1554 2801 per-

224 2811 324 2850 tinet
342 2811 391 2850 ad
406 2811 498 2850 alias
513 2819 628 2859 artes,
649 2811 829 2850 nimirum
848 2811 888 2850 in
903 2813 1007 2851 omni
1023 2814 1283 2866 disputatione
1299 2817 1455 2867 copiose
1469 2830 1552 2857 ver-

223 2879 312 2926 sari,
332 2886 517 2932 tanquam
537 2880 679 2920 oratori
699 2879 870 2919 vindices
890 2880 958 2928 ini,
983 2894 1030 2920 ac
1050 2883 1207 2922 tribuas.
1265 2883 1497 2923 Pnusnzus.
