2071 3508
772 427 939 466 LIBER
970 427 1197 467 PRIMUS.
1472 474 1475 476 ,
1608 432 1656 467 13

322 539 571 597 vitatibus,
618 553 718 585 non
765 554 794 584 a
840 536 1143 602 sapientibus
1182 543 1233 584 et
1272 534 1483 583 fortibus
1523 535 1656 594 viris,

322 618 408 666 sed
433 635 460 665 a
486 616 678 665 disertis
704 623 754 664 et
779 623 951 664 ornate
972 614 1269 671 dicentibus,
1293 631 1397 663 esse
1418 615 1656 662 constitu-

321 697 430 746 tas?
509 696 593 744 An
618 712 735 744 vero
759 695 849 744 tibi
877 693 1121 742 Romulus
1146 694 1227 742 ille
1252 703 1338 742 aut
1361 702 1582 758 pastores
1608 702 1658 741 et
1688 699 1766 743 37.

324 791 571 824 convenas
596 790 941 838 congregasse,
978 781 1064 820 aut
1094 773 1384 821 Sabinorum
1410 773 1659 821 connubia

325 853 659 918 conjunxisse,
679 860 765 901 aut
778 852 1100 900 finitimorum
1124 852 1223 898 vim
1251 851 1535 916 repressisse
1561 850 1659 899 elo-

325 933 529 998 quentia
551 932 767 990 videtur,
797 948 896 979 non
923 931 1129 979 consilio
1155 939 1206 978 et
1230 931 1471 995 sapientia
1495 930 1661 994 singu-

323 1011 412 1059 lari
433 1011 449 1059 ?
487 1010 624 1068 Quid
649 1009 816 1058 enim?
849 1010 899 1056 in
925 1009 1093 1057 Numa
1119 1009 1395 1074 Pompilio?
1421 1009 1574 1074 quid?
1611 1010 1661 1056 in

326 1090 429 1138 Ser.
456 1088 657 1136 Tullio?
695 1088 848 1152 quid?
885 1088 935 1134 in
962 1087 1169 1135 caeteris
1200 1087 1415 1152 regibus,
1451 1104 1662 1152 quorum

328 1168 485 1217 multa
519 1175 635 1216 sunt
670 1167 852 1216 eximia
883 1166 947 1214 ad
972 1166 1374 1214 constituendam
1399 1167 1664 1231 rempubli-

329 1265 456 1307 cam,
493 1247 750 1312 numquod
786 1245 1099 1310 eloquentiae
1123 1245 1387 1308 vestigium
1422 1247 1662 1310 apparet?

335 1327 499 1384 Quid?
537 1327 724 1375 exactis
757 1326 974 1390 regibus,
1001 1326 1221 1389 (tametsi
1258 1326 1412 1389 ipsam
1447 1328 1663 1374 exactio-

332 1422 446 1453 nem
466 1413 652 1464 mente,
678 1421 777 1453 non
802 1404 985 1467 lingua,
1011 1403 1286 1467 perfectam
1314 1403 1372 1450 L.
1393 1404 1534 1451 Bruti
1561 1420 1665 1451 esse

334 1484 604 1544 cernimus)
644 1484 731 1531 sed
777 1483 1015 1547 deinceps
1056 1481 1239 1539 01111113,
1298 1498 1464 1529 11011110
1518 1481 1667 1546 plena

333 1562 668 1620 consiliorum,
709 1562 876 1609 inania
908 1562 1191 1619 verborum,
1227 1561 1486 1610 videmus?
1558 1562 1667 1627 Ego
1698 1570 1776 1610 38.

332 1656 467 1698 vero,
504 1639 543 1686 si
577 1638 725 1687 velim
752 1647 804 1686 et
839 1647 1035 1686 nostrae
1072 1639 1286 1687 civitatis
1312 1640 1550 1705 exemplis
1576 1642 1668 1700 uti,

332 1726 385 1767 et
422 1718 642 1774 aliarum,
694 1717 837 1782 plura
885 1716 1106 1782 proferre
1146 1719 1329 1782 possim
1372 1719 1672 1769 detrimenta

331 1797 541 1862 publicis
580 1798 741 1854 rebus,
783 1813 930 1861 quam
973 1796 1273 1861 adjumenta,
1317 1815 1406 1863 per
1446 1799 1671 1848 homines

334 1876 762 1940 eloquentissimos
781 1876 1078 1940 importata:
1118 1878 1220 1933 sed,
1248 1886 1305 1926 ut
1329 1877 1516 1945 reliqua
1534 1896 1672 1944 prae-

334 1956 625 2014 termittam,
636 1955 858 2003 omnium
878 1955 999 2003 mihi
1014 1956 1200 2012 videor,
1224 1958 1465 2023 exceptis,
1479 1959 1674 2019 Crasse,

334 2034 473 2082 vobis
498 2034 709 2093 duobus,
745 2033 1171 2098 eloquentissimos
1207 2035 1400 2084 audisse
1427 2036 1507 2084 Ti.
1538 2046 1589 2086 et
1614 2039 1671 2087 C.

337 2114 689 2178 Semproni053
746 2131 954 2178 quorum
990 2123 1149 2178 pater,
1186 2115 1334 2164 homo
1369 2117 1587 2181 prudens
1625 2128 1675 2167 et

335 2193 512 2257 gravis,
540 2193 919 2258 haudquaquam
947 2193 1201 2258 eloquens,
1227 2204 1277 2243 et
1302 2211 1448 2260 saepe
1468 2196 1604 2255 aliaS,
1625 2207 1676 2246 ct

338 2272 552 2321 maxime
574 2288 766 2331 censor,
792 2272 935 2320 saluti
956 2273 1258 2337 reipublicae
1277 2273 1403 2334 fuit3
1443 2284 1591 2340 atque
1615 2277 1672 2334 is,

338 2368 438 2400 non
474 2361 707 2400 accurata
730 2352 944 2415 quadam
980 2353 1215 2400 orationis
1241 2355 1400 2419 copia,
1434 2356 1521 2404 sed
1550 2365 1677 2405 nutu

338 2441 487 2496 atque
507 2433 676 2490 verbo,
700 2431 955 2480 libertinos
980 2431 1031 2479 i1'1
1058 2434 1266 2481 urbanas
1287 2435 1442 2482 tribus
1462 2444 1676 2484 transtu-

340 2509 428 2570 lit3
468 2510 603 2574 quod
622 2510 713 2557 nisi
733 2509 946 2566 fecisset,
975 2512 1350 2576 rempublicam,
1377 2531 1523 2577 quam
1540 2531 1675 2564 nunc

341 2590 424 2636 vix
465 2597 712 2648 tenemus,
746 2589 850 2654 jam
896 2589 981 2637 diu
1011 2591 1196 2638 nullam
1221 2592 1529 2641 haberemus.
1603 2594 1677 2643 At

341 2685 460 2716 vero
485 2667 588 2732 ejus
611 2667 697 2715 filii
722 2668 908 2727 diserti,
943 2677 993 2716 et
1018 2671 1245 2717 omnibus
1270 2671 1347 2719 vel
1375 2680 1579 2720 naturae
1597 2674 1678 2722 vel

344 2748 599 2796 doctrinae
635 2747 889 2812 praesidiis
927 2748 990 2796 ad
1032 2749 1301 2797 dicendum
1343 2752 1515 2815 parati,
1560 2770 1675 2801 cum

346 2825 619 2885 civitatem,
650 2826 730 2874 vel
754 2835 961 2891 paterno
987 2827 1210 2887 consilio,
1243 2829 1322 2876 vel
1346 2830 1488 2878 avitis
1513 2832 1674 2889 armis,

344 2905 740 2955 florentissimam
765 2907 1091 2972 accepissent,
1116 2906 1209 2956 ista
1231 2907 1483 2972 praeclara
1501 2911 1680 2974 guber-
