2071 3508
442 416 523 453 356
640 427 642 430 ·
954 407 1032 447 DE
1060 406 1262 446 CLARIS

444 522 598 572 latine
632 518 868 584 loquendi
904 524 1154 576 accurata,
1192 523 1243 564 et
1278 515 1382 564 sine
1419 514 1644 563 molestia
1667 513 1775 561 dili-

447 616 570 666 gens
595 598 870 663 elegantia:
909 597 962 645 in
1001 594 1286 645 disserendo
1321 594 1443 642 mira
1478 592 1775 657 explicatio:

450 695 564 727 cum
590 678 651 727 de
678 677 791 742 jure
827 676 978 735 civili,
1019 692 1132 724 cum
1169 674 1230 722 de
1272 690 1430 738 aequo
1454 681 1504 721 et
1525 673 1658 721 bono
1683 671 1779 720 dis-

450 765 726 823 putaretur,
762 763 1165 821 argumentorum
1202 762 1253 802 et
1286 753 1663 802 similitudinum
1699 766 1780 799 co-

450 837 547 902 pia.

310 898 415 962 ‹⁶9³9-
518 917 666 971 Nam,
708 922 765 962 ut
807 914 1058 962 Antonius
1083 911 1369 977 conjectura
1392 910 1654 968 movenda,
1696 915 1782 956 aut

453 993 671 1043 sedanda
694 993 987 1057 suspicione,
1015 1000 1100 1040 aut
1124 991 1406 1050 excitanda,
1442 987 1783 1038 incredibilem

452 1073 552 1121 vim
576 1072 820 1130 habebat3
859 1072 928 1118 sic
964 1071 1017 1117 in
1040 1070 1426 1134 interpretando,
1463 1070 1515 1116 in
1551 1067 1786 1116 definien-

458 1151 538 1207 do,
577 1151 628 1197 in
671 1148 965 1214 explicanda
1003 1148 1268 1212 aequitate,
1307 1147 1429 1194 nihil
1469 1155 1575 1196 erat
1611 1146 1788 1194 Crasso

457 1229 736 1294 copiosius:
791 1229 941 1292 idque
983 1245 1096 1276 cum
1136 1243 1281 1291 saepe
1323 1226 1457 1284 alias,
1509 1233 1618 1273 tum
1655 1223 1789 1287 apud

457 1308 791 1356 centumviros
831 1306 881 1352 in
920 1305 1016 1353 Μ’.
1053 1305 1190 1353 Curii
1226 1321 1372 1353 causa
1407 1303 1662 1368 cognitum
1699 1308 1790 1350 est.

459 1386 539 1434 Ita
563 1386 695 1434 enim
730 1384 886 1432 multa
908 1393 1014 1432 tum
1052 1392 1225 1432 contra
1248 1383 1483 1448 scriptum
1519 1398 1608 1446 pro
1633 1395 1793 1445 aequo

460 1471 512 1513 et
555 1465 688 1512 bono
731 1463 875 1522 dixit,
925 1470 982 1510 ut
1023 1463 1273 1510 hominem
1316 1460 1672 1518 acutissimum,
1726 1457 1791 1515 Q.

461 1542 768 1601 Scaevolam,
804 1550 854 1590 et
891 1543 941 1589 in
973 1541 1106 1606 jure,
1141 1543 1192 1588 in
1229 1558 1326 1605 quo
1360 1540 1442 1588 illa
1467 1555 1613 1588 causa
1637 1544 1796 1586 verte-

459 1621 621 1676 batur,
675 1619 1051 1683 paratissimum,
1114 1620 1345 1667 obrueret
1391 1611 1795 1682 argumentorum

462 1697 902 1762 exemplorumque
941 1697 1082 1761 copia
1104 1715 1118 1744 t
1172 1705 1320 1761 atque
1360 1697 1431 1744 ita
1469 1704 1577 1744 tum
1618 1696 1678 1743 ab
1719 1695 1795 1742 his

462 1776 682 1842 patronis
723 1775 1023 1839 aequalibuS,
1067 1776 1215 1823 etiam
1255 1775 1609 1832 consularibus,
1651 1790 1798 1822 causa

464 1855 549 1903 illa
590 1854 724 1902 dicta
759 1863 851 1912 est,
888 1870 1003 1901 cum
1038 1862 1247 1918 uterque
1284 1843 1359 1902 ex⁷
1382 1854 1626 1902 contraria
1659 1860 1799 1917 parte

458 1934 541 1999 jus
582 1932 726 1981 civile
763 1930 1074 1991 defenderet,
1114 1940 1171 1980 ut
1196 1932 1532 1998 eloquentium
1548 1931 1799 1997 jurisperi-

467 2013 682 2061 tissimus
709 2011 929 2070 CraSSUS,
953 2011 1348 2076 jurisperitorum
1374 2011 1801 2076 eloquentissimus

471 2091 707 2140 Scaevola
729 2098 1016 2156 putaretur:
1055 2092 1138 2155 qui
1163 2092 1363 2155 quidem
1389 2110 1502 2140 cum
1537 2100 1802 2157 peracutus

472 2178 601 2218 esset
624 2169 688 2217 ad
713 2169 1115 2233 excogitandum,
1154 2170 1273 2234 quid
1296 2172 1346 2218 in
1362 2169 1495 2235 jure,
1530 2178 1617 2219 aut
1639 2171 1690 2218 in
1725 2187 1802 2219 ae-

474 2264 573 2312 quo
595 2265 768 2296 verum
805 2257 890 2297 aut
915 2258 1060 2308 esset,
1096 2258 1182 2297 aut
1206 2265 1306 2297 non
1332 2259 1474 2306 esset,
1511 2258 1619 2298 tum
1642 2251 1805 2300 verbis

473 2334 581 2375 erat
621 2326 685 2374 ad
719 2343 822 2374 rem
860 2344 973 2374 cum
1010 2344 1199 2375 summa
1231 2328 1473 2376 brevitate
1519 2329 1806 2378 mirabiliter

475 2414 634 2469 aptus.
707 2405 873 2462 Quare
899 2406 960 2454 sit
994 2406 1135 2454 nobis
1170 2414 1333 2454 orator
1366 2408 1417 2454 in
1449 2407 1544 2456 hoc
1569 2408 1806 2472 interpre-

475 2483 634 2541 tandi,
671 2483 1085 2549 explanandique,
1121 2492 1172 2533 et
1208 2486 1478 2534 disserendi
1512 2503 1696 2550 genere
1720 2488 1808 2536 mi-

478 2561 661 2620 rabilis,
697 2562 766 2610 sic
792 2571 848 2610 ut
871 2562 1027 2611 simile
1052 2563 1173 2611 nihil
1207 2565 1413 2613 viderim
1435 2584 1446 2613 :
1484 2566 1535 2613 in
1560 2567 1808 2631 augendo,

478 2641 531 2688 in
555 2642 795 2701 ornando,
830 2643 882 2689 in
906 2641 1177 2691 refellendo
1202 2644 1356 2709 magis
1381 2645 1687 2695 existimator
1708 2663 1810 2696 me-

479 2720 715 2780 tuendus,
754 2737 900 2785 quam
925 2721 1240 2771 admirandus
1274 2731 1452 2773 orator.
1522 2724 1712 2775 Verum
1745 2725 1811 2774 ad

483 2797 714 2849 Crassum
736 2808 1056 2851 revertamur.
