<?xml version="1.0" encoding="UTF-8"?>
<!DOCTYPE html PUBLIC "-//W3C//DTD XHTML 1.0 Transitional//EN"
    "http://www.w3.org/TR/xhtml1/DTD/xhtml1-transitional.dtd">
<html xmlns="http://www.w3.org/1999/xhtml" xml:lang="en" lang="en">
 <head>
  <title>
</title>
<meta http-equiv="Content-Type" content="text/html;charset=utf-8" />
  <meta name='ocr-system' content='tesseract 3.04.00' />
  <meta name='ocr-capabilities' content='ocr_page ocr_carea ocr_par ocr_line ocrx_word'/>
</head>
<body>
  <div class='ocr_page' id='page_1' title='image "./deoratorelibrit00ciceuoft_0455.png"; bbox 0 0 2071 3508; ppageno 0'>
   <div class='ocr_carea' id='block_1_1' title="bbox 0 2018 34 3196">
    <p class='ocr_par' dir='ltr' id='par_1_1' title="bbox 0 2018 34 3196">
     <span class='ocr_line' id='line_1_1' title="bbox 0 2018 34 3196; baseline 0 0"><span class='ocrx_word' id='word_1_1' title='bbox 0 2018 34 3196; x_wconf 95' lang='lat' dir='ltr'> </span> 
     </span>
    </p>
   </div>
   <div class='ocr_carea' id='block_1_2' title="bbox 748 392 1616 441">
    <p class='ocr_par' dir='ltr' id='par_1_2' title="bbox 748 392 1616 441">
     <span class='ocr_line' id='line_1_2' title="bbox 748 392 1616 441; baseline 0.008 -10"><span class='ocrx_word' id='word_1_2' title='bbox 748 392 1143 432; x_wconf 83' lang='lat' dir='ltr'><strong>⁴PART1T10NES.</strong></span> <span class='ocrx_word' id='word_1_3' title='bbox 1537 401 1616 441; x_wconf 75' lang='lat'>447</span> 
     </span>
    </p>
   </div>
   <div class='ocr_carea' id='block_1_3' title="bbox 275 502 1768 2961">
    <p class='ocr_par' dir='ltr' id='par_1_3' title="bbox 275 502 1768 2639">
     <span class='ocr_line' id='line_1_3' title="bbox 281 502 1619 567; baseline 0 -12"><span class='ocrx_word' id='word_1_4' title='bbox 281 514 369 555; x_wconf 85' lang='lat' dir='ltr'>aut</span> <span class='ocrx_word' id='word_1_5' title='bbox 392 502 667 554; x_wconf 79' lang='lat' dir='ltr'>ulciscendi</span> <span class='ocrx_word' id='word_1_6' title='bbox 703 502 884 549; x_wconf 86' lang='lat' dir='ltr'>doloris</span> <span class='ocrx_word' id='word_1_7' title='bbox 925 502 1103 565; x_wconf 85' lang='lat' dir='ltr'>gratia,</span> <span class='ocrx_word' id='word_1_8' title='bbox 1146 509 1232 549; x_wconf 84' lang='lat' dir='ltr'>aut</span> <span class='ocrx_word' id='word_1_9' title='bbox 1273 503 1486 567; x_wconf 86' lang='lat' dir='ltr'>pietatis,</span> <span class='ocrx_word' id='word_1_10' title='bbox 1533 516 1619 555; x_wconf 82' lang='lat' dir='ltr'>aut</span> 
     </span>
     <span class='ocr_line' id='line_1_4' title="bbox 280 579 1617 650; baseline -0.001 -17"><span class='ocrx_word' id='word_1_11' title='bbox 280 584 572 650; x_wconf 88' lang='lat' dir='ltr'>pudicitiae,</span> <span class='ocrx_word' id='word_1_12' title='bbox 609 587 695 629; x_wconf 86' lang='lat' dir='ltr'>aut</span> <span class='ocrx_word' id='word_1_13' title='bbox 733 579 1003 644; x_wconf 75' lang='lat' dir='ltr'>religioniS,</span> <span class='ocrx_word' id='word_1_14' title='bbox 1040 589 1126 628; x_wconf 86' lang='lat' dir='ltr'>aut</span> <span class='ocrx_word' id='word_1_15' title='bbox 1166 581 1354 645; x_wconf 84' lang='lat' dir='ltr'>patriae</span> <span class='ocrx_word' id='word_1_16' title='bbox 1397 585 1617 644; x_wconf 84' lang='lat' dir='ltr'>nomine,</span> 
     </span>
     <span class='ocr_line' id='line_1_5' title="bbox 281 661 1617 726; baseline -0.001 -12"><span class='ocrx_word' id='word_1_17' title='bbox 281 676 368 714; x_wconf 87' lang='lat' dir='ltr'>aut</span> <span class='ocrx_word' id='word_1_18' title='bbox 409 663 622 726; x_wconf 91' lang='lat' dir='ltr'>denique</span> <span class='ocrx_word' id='word_1_19' title='bbox 663 661 980 719; x_wconf 80' lang='lat' dir='ltr'>necessitate,</span> <span class='ocrx_word' id='word_1_20' title='bbox 1017 661 1230 721; x_wconf 81' lang='lat' dir='ltr'>inscitia,</span> <span class='ocrx_word' id='word_1_21' title='bbox 1267 679 1400 710; x_wconf 85' lang='lat' dir='ltr'>casu.</span> <span class='ocrx_word' id='word_1_22' title='bbox 1486 665 1617 713; x_wconf 82' lang='lat' dir='ltr'>Nam</span> 
     </span>
     <span class='ocr_line' id='line_1_6' title="bbox 279 739 1617 807; baseline 0.001 -16"><span class='ocrx_word' id='word_1_23' title='bbox 279 758 406 807; x_wconf 88' lang='lat' dir='ltr'>quae</span> <span class='ocrx_word' id='word_1_24' title='bbox 447 748 588 789; x_wconf 85' lang='lat' dir='ltr'>motu</span> <span class='ocrx_word' id='word_1_25' title='bbox 629 739 780 788; x_wconf 88' lang='lat' dir='ltr'>animi</span> <span class='ocrx_word' id='word_1_26' title='bbox 825 747 875 788; x_wconf 92' lang='lat' dir='ltr'>et</span> <span class='ocrx_word' id='word_1_27' title='bbox 915 741 1288 805; x_wconf 84' lang='lat' dir='ltr'>perturbatione</span> <span class='ocrx_word' id='word_1_28' title='bbox 1335 741 1470 790; x_wconf 84' lang='lat' dir='ltr'>facta</span> <span class='ocrx_word' id='word_1_29' title='bbox 1512 744 1617 793; x_wconf 88' lang='lat' dir='ltr'>sine</span> 
     </span>
     <span class='ocr_line' id='line_1_7' title="bbox 277 819 1618 877; baseline 0.004 -9"><span class='ocrx_word' id='word_1_30' title='bbox 277 822 469 870; x_wconf 86' lang='lat' dir='ltr'>ratione</span> <span class='ocrx_word' id='word_1_31' title='bbox 508 828 638 877; x_wconf 88' lang='lat' dir='ltr'>sunt,</span> <span class='ocrx_word' id='word_1_32' title='bbox 678 837 737 868; x_wconf 88' lang='lat' dir='ltr'>ea</span> <span class='ocrx_word' id='word_1_33' title='bbox 768 819 1110 869; x_wconf 82' lang='lat' dir='ltr'>defensionem</span> <span class='ocrx_word' id='word_1_34' title='bbox 1141 829 1315 870; x_wconf 86' lang='lat' dir='ltr'>contra</span> <span class='ocrx_word' id='word_1_35' title='bbox 1340 823 1530 871; x_wconf 81' lang='lat' dir='ltr'>crimen</span> <span class='ocrx_word' id='word_1_36' title='bbox 1565 824 1618 873; x_wconf 91' lang='lat' dir='ltr'>in</span> 
     </span>
     <span class='ocr_line' id='line_1_8' title="bbox 275 899 1617 969; baseline 0.002 -21"><span class='ocrx_word' id='word_1_37' title='bbox 275 899 512 965; x_wconf 86' lang='lat' dir='ltr'>legitimis</span> <span class='ocrx_word' id='word_1_38' title='bbox 545 899 750 965; x_wconf 84' lang='lat' dir='ltr'>judiciis</span> <span class='ocrx_word' id='word_1_39' title='bbox 777 917 876 948; x_wconf 92' lang='lat' dir='ltr'>non</span> <span class='ocrx_word' id='word_1_40' title='bbox 906 900 1111 960; x_wconf 87' lang='lat' dir='ltr'>habent,</span> <span class='ocrx_word' id='word_1_41' title='bbox 1152 901 1203 948; x_wconf 91' lang='lat' dir='ltr'>in</span> <span class='ocrx_word' id='word_1_42' title='bbox 1234 901 1399 951; x_wconf 85' lang='lat' dir='ltr'>liberis</span> <span class='ocrx_word' id='word_1_43' title='bbox 1425 902 1617 969; x_wconf 81' lang='lat' dir='ltr'>discep-</span> 
     </span>
     <span class='ocr_line' id='line_1_9' title="bbox 277 979 1618 1045; baseline 0.003 -18"><span class='ocrx_word' id='word_1_44' title='bbox 277 979 550 1028; x_wconf 84' lang='lat' dir='ltr'>tationibus</span> <span class='ocrx_word' id='word_1_45' title='bbox 586 980 768 1028; x_wconf 87' lang='lat' dir='ltr'>habere</span> <span class='ocrx_word' id='word_1_46' title='bbox 804 989 1026 1044; x_wconf 90' lang='lat' dir='ltr'>possunt.</span> <span class='ocrx_word' id='word_1_47' title='bbox 1101 981 1217 1028; x_wconf 93' lang='lat' dir='ltr'>Hoc</span> <span class='ocrx_word' id='word_1_48' title='bbox 1250 981 1300 1027; x_wconf 91' lang='lat' dir='ltr'>in</span> <span class='ocrx_word' id='word_1_49' title='bbox 1325 997 1530 1045; x_wconf 81' lang='lat' dir='ltr'>genere,</span> <span class='ocrx_word' id='word_1_50' title='bbox 1566 983 1618 1031; x_wconf 89' lang='lat' dir='ltr'>in</span> 
     </span>
     <span class='ocr_line' id='line_1_10' title="bbox 279 1059 1622 1126; baseline 0.003 -20"><span class='ocrx_word' id='word_1_51' title='bbox 279 1075 398 1123; x_wconf 92' lang='lat' dir='ltr'>quo,</span> <span class='ocrx_word' id='word_1_52' title='bbox 435 1059 580 1125; x_wconf 84' lang='lat' dir='ltr'>quale</span> <span class='ocrx_word' id='word_1_53' title='bbox 607 1061 686 1119; x_wconf 83' lang='lat' dir='ltr'>sit,</span> <span class='ocrx_word' id='word_1_54' title='bbox 713 1061 984 1124; x_wconf 85' lang='lat' dir='ltr'>quaeritur,</span> <span class='ocrx_word' id='word_1_55' title='bbox 1016 1077 1077 1108; x_wconf 82' lang='lat' dir='ltr'>ex</span> <span class='ocrx_word' id='word_1_56' title='bbox 1105 1061 1459 1120; x_wconf 88' lang='lat' dir='ltr'>controversia,</span> <span class='ocrx_word' id='word_1_57' title='bbox 1487 1061 1622 1126; x_wconf 86' lang='lat' dir='ltr'>jure,</span> 
     </span>
     <span class='ocr_line' id='line_1_11' title="bbox 280 1138 1622 1204; baseline 0.003 -18"><span class='ocrx_word' id='word_1_58' title='bbox 280 1145 333 1186; x_wconf 89' lang='lat' dir='ltr'>et</span> <span class='ocrx_word' id='word_1_59' title='bbox 358 1147 561 1187; x_wconf 86' lang='lat' dir='ltr'>rectene</span> <span class='ocrx_word' id='word_1_60' title='bbox 588 1146 757 1187; x_wconf 89' lang='lat' dir='ltr'>actum</span> <span class='ocrx_word' id='word_1_61' title='bbox 784 1138 864 1197; x_wconf 87' lang='lat' dir='ltr'>sit,</span> <span class='ocrx_word' id='word_1_62' title='bbox 901 1140 1070 1203; x_wconf 87' lang='lat' dir='ltr'>quaeri</span> <span class='ocrx_word' id='word_1_63' title='bbox 1097 1138 1252 1187; x_wconf 82' lang='lat' dir='ltr'>solet:</span> <span class='ocrx_word' id='word_1_64' title='bbox 1292 1157 1501 1204; x_wconf 79' lang='lat' dir='ltr'>quorum</span> <span class='ocrx_word' id='word_1_65' title='bbox 1528 1142 1622 1190; x_wconf 89' lang='lat' dir='ltr'>dis-</span> 
     </span>
     <span class='ocr_line' id='line_1_12' title="bbox 279 1218 1620 1284; baseline 0.003 -18"><span class='ocrx_word' id='word_1_66' title='bbox 279 1219 476 1283; x_wconf 88' lang='lat' dir='ltr'>putatio</span> <span class='ocrx_word' id='word_1_67' title='bbox 515 1236 577 1267; x_wconf 80' lang='lat' dir='ltr'>ex</span> <span class='ocrx_word' id='word_1_68' title='bbox 616 1218 840 1267; x_wconf 91' lang='lat' dir='ltr'>locorum</span> <span class='ocrx_word' id='word_1_69' title='bbox 883 1219 1218 1284; x_wconf 87' lang='lat' dir='ltr'>descriptione</span> <span class='ocrx_word' id='word_1_70' title='bbox 1258 1220 1499 1268; x_wconf 85' lang='lat' dir='ltr'>sumenda</span> <span class='ocrx_word' id='word_1_71' title='bbox 1529 1229 1620 1270; x_wconf 88' lang='lat' dir='ltr'>est.</span> 
     </span>
     <span class='ocr_line' id='line_1_13' title="bbox 282 1296 1623 1362; baseline 0.002 -17"><span class='ocrx_word' id='word_1_72' title='bbox 282 1296 477 1346; x_wconf 81' lang='lat' dir='ltr'>FILIUS.</span> <span class='ocrx_word' id='word_1_73' title='bbox 530 1298 710 1362; x_wconf 82' lang='lat' dir='ltr'>Agesis</span> <span class='ocrx_word' id='word_1_74' title='bbox 753 1314 892 1362; x_wconf 82' lang='lat' dir='ltr'>ergo,</span> <span class='ocrx_word' id='word_1_75' title='bbox 929 1298 1164 1362; x_wconf 88' lang='lat' dir='ltr'>quoniam</span> <span class='ocrx_word' id='word_1_76' title='bbox 1203 1299 1253 1345; x_wconf 91' lang='lat' dir='ltr'>in</span> <span class='ocrx_word' id='word_1_77' title='bbox 1294 1299 1623 1349; x_wconf 86' lang='lat' dir='ltr'>confirmatio-</span> 
     </span>
     <span class='ocr_line' id='line_1_14' title="bbox 281 1380 1623 1445; baseline 0.004 -21"><span class='ocrx_word' id='word_1_78' title='bbox 281 1392 396 1425; x_wconf 90' lang='lat' dir='ltr'>nem</span> <span class='ocrx_word' id='word_1_79' title='bbox 420 1388 470 1428; x_wconf 85' lang='lat' dir='ltr'>et</span> <span class='ocrx_word' id='word_1_80' title='bbox 489 1381 926 1445; x_wconf 88' lang='lat' dir='ltr'>reprehensionem</span> <span class='ocrx_word' id='word_1_81' title='bbox 946 1380 1180 1429; x_wconf 84' lang='lat' dir='ltr'>diviseras</span> <span class='ocrx_word' id='word_1_82' title='bbox 1200 1381 1435 1429; x_wconf 87' lang='lat' dir='ltr'>orationis</span> <span class='ocrx_word' id='word_1_83' title='bbox 1454 1381 1623 1443; x_wconf 81' lang='lat' dir='ltr'>fidem,</span> 
     </span>
     <span class='ocr_line' id='line_1_15' title="bbox 281 1458 1624 1526; baseline 0.004 -22"><span class='ocrx_word' id='word_1_84' title='bbox 281 1465 333 1504; x_wconf 88' lang='lat' dir='ltr'>et</span> <span class='ocrx_word' id='word_1_85' title='bbox 359 1458 550 1506; x_wconf 84' lang='lat' dir='ltr'>dictum</span> <span class='ocrx_word' id='word_1_86' title='bbox 577 1460 638 1507; x_wconf 92' lang='lat' dir='ltr'>de</span> <span class='ocrx_word' id='word_1_87' title='bbox 664 1460 820 1508; x_wconf 83' lang='lat' dir='ltr'>altero</span> <span class='ocrx_word' id='word_1_88' title='bbox 846 1469 950 1509; x_wconf 89' lang='lat' dir='ltr'>est:</span> <span class='ocrx_word' id='word_1_89' title='bbox 991 1477 1185 1525; x_wconf 78' lang='lat' dir='ltr'>expone</span> <span class='ocrx_word' id='word_1_90' title='bbox 1211 1477 1346 1508; x_wconf 91' lang='lat' dir='ltr'>nunc</span> <span class='ocrx_word' id='word_1_91' title='bbox 1373 1460 1433 1508; x_wconf 89' lang='lat' dir='ltr'>de</span> <span class='ocrx_word' id='word_1_92' title='bbox 1459 1478 1624 1526; x_wconf 87' lang='lat' dir='ltr'>repre-</span> 
     </span>
     <span class='ocr_line' id='line_1_16' title="bbox 278 1536 1621 1604; baseline 0.003 -20"><span class='ocrx_word' id='word_1_93' title='bbox 278 1536 565 1587; x_wconf 88' lang='lat' dir='ltr'>hendendo.</span> <span class='ocrx_word' id='word_1_94' title='bbox 638 1540 829 1588; x_wconf 80' lang='lat' dir='ltr'><strong>PATER.</strong></span> <span class='ocrx_word' id='word_1_95' title='bbox 887 1540 996 1589; x_wconf 89' lang='lat' dir='ltr'>Aut</span> <span class='ocrx_word' id='word_1_96' title='bbox 1020 1548 1185 1588; x_wconf 89' lang='lat' dir='ltr'>totum</span> <span class='ocrx_word' id='word_1_97' title='bbox 1214 1548 1288 1588; x_wconf 90' lang='lat' dir='ltr'>est</span> <span class='ocrx_word' id='word_1_98' title='bbox 1313 1541 1621 1604; x_wconf 85' lang='lat' dir='ltr'>negandum,</span> 
     </span>
     <span class='ocr_line' id='line_1_17' title="bbox 279 1619 1622 1685; baseline 0.003 -20"><span class='ocrx_word' id='word_1_99' title='bbox 279 1619 418 1681; x_wconf 91' lang='lat' dir='ltr'>quod</span> <span class='ocrx_word' id='word_1_100' title='bbox 454 1619 504 1666; x_wconf 92' lang='lat' dir='ltr'>in</span> <span class='ocrx_word' id='word_1_101' title='bbox 545 1621 978 1684; x_wconf 81' lang='lat' dir='ltr'>argumentatione</span> <span class='ocrx_word' id='word_1_102' title='bbox 1005 1621 1311 1681; x_wconf 82' lang='lat' dir='ltr'>adversarius</span> <span class='ocrx_word' id='word_1_103' title='bbox 1338 1622 1622 1685; x_wconf 86' lang='lat' dir='ltr'>sumpserit,</span> 
     </span>
     <span class='ocr_line' id='line_1_18' title="bbox 280 1697 1621 1765; baseline 0.003 -21"><span class='ocrx_word' id='word_1_104' title='bbox 280 1697 320 1744; x_wconf 87' lang='lat' dir='ltr'>si</span> <span class='ocrx_word' id='word_1_105' title='bbox 358 1697 530 1746; x_wconf 85' lang='lat' dir='ltr'>fictum</span> <span class='ocrx_word' id='word_1_106' title='bbox 568 1708 654 1748; x_wconf 86' lang='lat' dir='ltr'>aut</span> <span class='ocrx_word' id='word_1_107' title='bbox 692 1699 871 1748; x_wconf 87' lang='lat' dir='ltr'>falsum</span> <span class='ocrx_word' id='word_1_108' title='bbox 915 1716 1021 1748; x_wconf 89' lang='lat' dir='ltr'>esse</span> <span class='ocrx_word' id='word_1_109' title='bbox 1063 1700 1219 1765; x_wconf 87' lang='lat' dir='ltr'>possis</span> <span class='ocrx_word' id='word_1_110' title='bbox 1263 1700 1443 1748; x_wconf 88' lang='lat' dir='ltr'>docere</span> <span class='ocrx_word' id='word_1_111' title='bbox 1465 1721 1479 1760; x_wconf 89' lang='lat'>;</span> <span class='ocrx_word' id='word_1_112' title='bbox 1536 1709 1621 1749; x_wconf 89' lang='lat' dir='ltr'>aut</span> 
     </span>
     <span class='ocr_line' id='line_1_19' title="bbox 279 1778 1623 1845; baseline 0.003 -21"><span class='ocrx_word' id='word_1_113' title='bbox 279 1778 628 1843; x_wconf 80' lang='lat' dir='ltr'>redarguenda</span> <span class='ocrx_word' id='word_1_114' title='bbox 653 1797 729 1839; x_wconf 84' lang='lat' dir='ltr'>ea,</span> <span class='ocrx_word' id='word_1_115' title='bbox 767 1797 893 1844; x_wconf 89' lang='lat' dir='ltr'>quae</span> <span class='ocrx_word' id='word_1_116' title='bbox 930 1796 1019 1844; x_wconf 88' lang='lat' dir='ltr'>pro</span> <span class='ocrx_word' id='word_1_117' title='bbox 1044 1779 1391 1827; x_wconf 87' lang='lat' dir='ltr'>verisimilibus</span> <span class='ocrx_word' id='word_1_118' title='bbox 1426 1788 1623 1845; x_wconf 86' lang='lat' dir='ltr'>sumpta</span> 
     </span>
     <span class='ocr_line' id='line_1_20' title="bbox 280 1857 1620 1923; baseline 0.004 -19"><span class='ocrx_word' id='word_1_119' title='bbox 280 1857 411 1906; x_wconf 87' lang='lat' dir='ltr'>sint:</span> <span class='ocrx_word' id='word_1_120' title='bbox 467 1861 682 1923; x_wconf 89' lang='lat' dir='ltr'>primum</span> <span class='ocrx_word' id='word_1_121' title='bbox 726 1859 876 1906; x_wconf 87' lang='lat' dir='ltr'>dubia</span> <span class='ocrx_word' id='word_1_122' title='bbox 919 1865 1116 1923; x_wconf 79' lang='lat' dir='ltr'>sumpta</span> <span class='ocrx_word' id='word_1_123' title='bbox 1158 1876 1263 1907; x_wconf 83' lang='lat' dir='ltr'>esse</span> <span class='ocrx_word' id='word_1_124' title='bbox 1308 1876 1398 1923; x_wconf 84' lang='lat' dir='ltr'>pro</span> <span class='ocrx_word' id='word_1_125' title='bbox 1441 1860 1620 1909; x_wconf 89' lang='lat' dir='ltr'>certis:</span> 
     </span>
     <span class='ocr_line' id='line_1_21' title="bbox 282 1935 1624 2003; baseline 0.002 -19"><span class='ocrx_word' id='word_1_126' title='bbox 282 1935 466 1986; x_wconf 89' lang='lat' dir='ltr'>deinde</span> <span class='ocrx_word' id='word_1_127' title='bbox 509 1939 659 1987; x_wconf 88' lang='lat' dir='ltr'>etiam</span> <span class='ocrx_word' id='word_1_128' title='bbox 700 1939 751 1985; x_wconf 87' lang='lat' dir='ltr'>in</span> <span class='ocrx_word' id='word_1_129' title='bbox 789 1939 1050 2003; x_wconf 89' lang='lat' dir='ltr'>perspicue</span> <span class='ocrx_word' id='word_1_130' title='bbox 1091 1937 1225 1986; x_wconf 85' lang='lat' dir='ltr'>falsis</span> <span class='ocrx_word' id='word_1_131' title='bbox 1267 1938 1441 1986; x_wconf 88' lang='lat' dir='ltr'>eadem</span> <span class='ocrx_word' id='word_1_132' title='bbox 1480 1955 1624 2003; x_wconf 89' lang='lat' dir='ltr'>posse</span> 
     </span>
     <span class='ocr_line' id='line_1_22' title="bbox 285 2014 1625 2081; baseline 0.004 -19"><span class='ocrx_word' id='word_1_133' title='bbox 285 2014 417 2064; x_wconf 90' lang='lat' dir='ltr'>dici:</span> <span class='ocrx_word' id='word_1_134' title='bbox 469 2026 576 2065; x_wconf 91' lang='lat' dir='ltr'>tum</span> <span class='ocrx_word' id='word_1_135' title='bbox 620 2033 682 2065; x_wconf 86' lang='lat' dir='ltr'>ex</span> <span class='ocrx_word' id='word_1_136' title='bbox 724 2017 800 2075; x_wconf 90' lang='lat' dir='ltr'>iis,</span> <span class='ocrx_word' id='word_1_137' title='bbox 854 2033 980 2080; x_wconf 87' lang='lat' dir='ltr'>quae</span> <span class='ocrx_word' id='word_1_138' title='bbox 1020 2017 1299 2081; x_wconf 84' lang='lat' dir='ltr'>sumpserit,</span> <span class='ocrx_word' id='word_1_139' title='bbox 1337 2033 1438 2065; x_wconf 90' lang='lat' dir='ltr'>non</span> <span class='ocrx_word' id='word_1_140' title='bbox 1478 2017 1625 2078; x_wconf 86' lang='lat' dir='ltr'>effici,</span> 
     </span>
     <span class='ocr_line' id='line_1_23' title="bbox 285 2096 1625 2161; baseline 0.001 -18"><span class='ocrx_word' id='word_1_141' title='bbox 285 2113 411 2160; x_wconf 88' lang='lat' dir='ltr'>quae</span> <span class='ocrx_word' id='word_1_142' title='bbox 453 2096 588 2145; x_wconf 84' lang='lat' dir='ltr'>velit.</span> <span class='ocrx_word' id='word_1_143' title='bbox 680 2096 943 2144; x_wconf 84' lang='lat' dir='ltr'>Accedere</span> <span class='ocrx_word' id='word_1_144' title='bbox 977 2105 1145 2144; x_wconf 88' lang='lat' dir='ltr'>autem</span> <span class='ocrx_word' id='word_1_145' title='bbox 1187 2104 1386 2161; x_wconf 87' lang='lat' dir='ltr'>oportet</span> <span class='ocrx_word' id='word_1_146' title='bbox 1428 2098 1492 2145; x_wconf 93' lang='lat' dir='ltr'>ad</span> <span class='ocrx_word' id='word_1_147' title='bbox 1530 2098 1625 2146; x_wconf 94' lang='lat' dir='ltr'>sin-</span> 
     </span>
     <span class='ocr_line' id='line_1_24' title="bbox 281 2172 1625 2240; baseline 0.002 -18"><span class='ocrx_word' id='word_1_148' title='bbox 281 2175 431 2240; x_wconf 86' lang='lat' dir='ltr'>gula:</span> <span class='ocrx_word' id='word_1_149' title='bbox 470 2176 540 2224; x_wconf 90' lang='lat' dir='ltr'>sic</span> <span class='ocrx_word' id='word_1_150' title='bbox 567 2172 797 2224; x_wconf 82' lang='lat' dir='ltr'>universa</span> <span class='ocrx_word' id='word_1_151' title='bbox 836 2173 1148 2239; x_wconf 62' lang='lat' dir='ltr'>frangentur.</span> <span class='ocrx_word' id='word_1_152' title='bbox 1221 2175 1625 2225; x_wconf 90' lang='lat' dir='ltr'>Commemoran-</span> 
     </span>
     <span class='ocr_line' id='line_1_25' title="bbox 285 2254 1625 2322; baseline 0.001 -19"><span class='ocrx_word' id='word_1_153' title='bbox 285 2255 349 2304; x_wconf 89' lang='lat' dir='ltr'>da</span> <span class='ocrx_word' id='word_1_154' title='bbox 373 2265 490 2304; x_wconf 90' lang='lat' dir='ltr'>sunt</span> <span class='ocrx_word' id='word_1_155' title='bbox 514 2256 663 2305; x_wconf 86' lang='lat' dir='ltr'>etiam</span> <span class='ocrx_word' id='word_1_156' title='bbox 701 2254 944 2320; x_wconf 79' lang='lat' dir='ltr'>exempla,</span> <span class='ocrx_word' id='word_1_157' title='bbox 985 2256 1164 2320; x_wconf 87' lang='lat' dir='ltr'>quibus</span> <span class='ocrx_word' id='word_1_158' title='bbox 1200 2255 1346 2303; x_wconf 88' lang='lat' dir='ltr'>simili</span> <span class='ocrx_word' id='word_1_159' title='bbox 1382 2256 1434 2304; x_wconf 89' lang='lat' dir='ltr'>in</span> <span class='ocrx_word' id='word_1_160' title='bbox 1460 2257 1625 2322; x_wconf 89' lang='lat' dir='ltr'>dispu-</span> 
     </span>
     <span class='ocr_line' id='line_1_26' title="bbox 283 2335 1623 2399; baseline 0 -15"><span class='ocrx_word' id='word_1_161' title='bbox 283 2335 474 2384; x_wconf 83' lang='lat' dir='ltr'>tatione</span> <span class='ocrx_word' id='word_1_162' title='bbox 518 2336 765 2384; x_wconf 88' lang='lat' dir='ltr'>creditum</span> <span class='ocrx_word' id='word_1_163' title='bbox 807 2351 907 2383; x_wconf 92' lang='lat' dir='ltr'>non</span> <span class='ocrx_word' id='word_1_164' title='bbox 940 2336 1033 2383; x_wconf 88' lang='lat' dir='ltr'>sit:</span> <span class='ocrx_word' id='word_1_165' title='bbox 1073 2335 1427 2399; x_wconf 86' lang='lat' dir='ltr'>conquerenda</span> <span class='ocrx_word' id='word_1_166' title='bbox 1452 2337 1623 2384; x_wconf 90' lang='lat' dir='ltr'>condi-</span> 
     </span>
     <span class='ocr_line' id='line_1_27' title="bbox 283 2413 1627 2480; baseline 0.001 -18"><span class='ocrx_word' id='word_1_167' title='bbox 283 2415 356 2464; x_wconf 83' lang='lat' dir='ltr'>tio</span> <span class='ocrx_word' id='word_1_168' title='bbox 382 2416 659 2465; x_wconf 89' lang='lat' dir='ltr'>communis</span> <span class='ocrx_word' id='word_1_169' title='bbox 683 2413 911 2480; x_wconf 88' lang='lat' dir='ltr'>periculi,</span> <span class='ocrx_word' id='word_1_170' title='bbox 947 2415 987 2462; x_wconf 91' lang='lat' dir='ltr'>si</span> <span class='ocrx_word' id='word_1_171' title='bbox 1012 2414 1225 2479; x_wconf 85' lang='lat' dir='ltr'>ingeniis</span> <span class='ocrx_word' id='word_1_172' title='bbox 1251 2415 1509 2463; x_wconf 89' lang='lat' dir='ltr'>hominum</span> <span class='ocrx_word' id='word_1_173' title='bbox 1536 2417 1627 2465; x_wconf 91' lang='lat' dir='ltr'>cri-</span> 
     </span>
     <span class='ocr_line' id='line_1_28' title="bbox 285 2495 1441 2560; baseline -0.002 -16"><span class='ocrx_word' id='word_1_174' title='bbox 285 2496 590 2544; x_wconf 88' lang='lat' dir='ltr'>minosorum</span> <span class='ocrx_word' id='word_1_175' title='bbox 616 2496 678 2543; x_wconf 86' lang='lat' dir='ltr'>sit</span> <span class='ocrx_word' id='word_1_176' title='bbox 703 2495 928 2560; x_wconf 84' lang='lat' dir='ltr'>exposita</span> <span class='ocrx_word' id='word_1_177' title='bbox 951 2495 1054 2542; x_wconf 87' lang='lat' dir='ltr'>vita</span> <span class='ocrx_word' id='word_1_178' title='bbox 1078 2495 1441 2542; x_wconf 86' lang='lat' dir='ltr'>innocentium.</span> 
     </span>
     <span class='ocr_line' id='line_1_29' title="bbox 354 2571 1768 2639; baseline 0.002 -17"><span class='ocrx_word' id='word_1_179' title='bbox 354 2575 549 2624; x_wconf 82' lang='lat' dir='ltr'>F1L1us.</span> <span class='ocrx_word' id='word_1_180' title='bbox 589 2576 841 2632; x_wconf 83' lang='lat' dir='ltr'>Quoniam</span> <span class='ocrx_word' id='word_1_181' title='bbox 857 2575 990 2623; x_wconf 88' lang='lat' dir='ltr'>unde</span> <span class='ocrx_word' id='word_1_182' title='bbox 1011 2576 1334 2623; x_wconf 81' lang='lat' dir='ltr'>inveniuntur</span> <span class='ocrx_word' id='word_1_183' title='bbox 1351 2592 1476 2639; x_wconf 88' lang='lat' dir='ltr'>quae</span> <span class='ocrx_word' id='word_1_184' title='bbox 1497 2576 1560 2624; x_wconf 87' lang='lat' dir='ltr'>ad</span> <span class='ocrx_word' id='word_1_185' title='bbox 1575 2576 1626 2624; x_wconf 87' lang='lat' dir='ltr'>fi-</span> <span class='ocrx_word' id='word_1_186' title='bbox 1667 2571 1768 2633; x_wconf 62' lang='lat'>1²53,</span> 
     </span>
    </p>

    <p class='ocr_par' dir='ltr' id='par_1_4' title="bbox 288 2654 1628 2961">
     <span class='ocr_line' id='line_1_30' title="bbox 288 2654 1627 2719; baseline 0.001 -17"><span class='ocrx_word' id='word_1_187' title='bbox 288 2654 403 2703; x_wconf 89' lang='lat' dir='ltr'>dem</span> <span class='ocrx_word' id='word_1_188' title='bbox 427 2656 700 2719; x_wconf 87' lang='lat' dir='ltr'>pertinent,</span> <span class='ocrx_word' id='word_1_189' title='bbox 730 2654 909 2714; x_wconf 85' lang='lat' dir='ltr'>habeo,</span> <span class='ocrx_word' id='word_1_190' title='bbox 935 2654 1356 2718; x_wconf 85' lang='lat' dir='ltr'>quemadmodum</span> <span class='ocrx_word' id='word_1_191' title='bbox 1382 2655 1432 2702; x_wconf 92' lang='lat' dir='ltr'>in</span> <span class='ocrx_word' id='word_1_192' title='bbox 1459 2655 1627 2703; x_wconf 90' lang='lat' dir='ltr'>dicen-</span> 
     </span>
     <span class='ocr_line' id='line_1_31' title="bbox 288 2733 1627 2799; baseline -0.001 -16"><span class='ocrx_word' id='word_1_193' title='bbox 288 2734 354 2783; x_wconf 92' lang='lat' dir='ltr'>do</span> <span class='ocrx_word' id='word_1_194' title='bbox 391 2733 585 2799; x_wconf 82' lang='lat' dir='ltr'>singula</span> <span class='ocrx_word' id='word_1_195' title='bbox 619 2742 917 2794; x_wconf 90' lang='lat' dir='ltr'>tractentur,</span> <span class='ocrx_word' id='word_1_196' title='bbox 959 2742 1211 2799; x_wconf 86' lang='lat' dir='ltr'>exspecto.</span> <span class='ocrx_word' id='word_1_197' title='bbox 1286 2734 1475 2782; x_wconf 83' lang='lat' dir='ltr'><strong>PATER.</strong></span> <span class='ocrx_word' id='word_1_198' title='bbox 1532 2734 1627 2783; x_wconf 90' lang='lat' dir='ltr'>Ar-</span> 
     </span>
     <span class='ocr_line' id='line_1_32' title="bbox 288 2814 1627 2879; baseline 0 -17"><span class='ocrx_word' id='word_1_199' title='bbox 288 2815 719 2879; x_wconf 84' lang='lat' dir='ltr'>gumentationem</span> <span class='ocrx_word' id='word_1_200' title='bbox 745 2830 981 2879; x_wconf 87' lang='lat' dir='ltr'>quaerere</span> <span class='ocrx_word' id='word_1_201' title='bbox 1006 2814 1206 2874; x_wconf 83' lang='lat' dir='ltr'>videris,</span> <span class='ocrx_word' id='word_1_202' title='bbox 1232 2831 1358 2879; x_wconf 89' lang='lat' dir='ltr'>quae</span> <span class='ocrx_word' id='word_1_203' title='bbox 1385 2821 1460 2863; x_wconf 87' lang='lat' dir='ltr'>est</span> <span class='ocrx_word' id='word_1_204' title='bbox 1483 2830 1627 2879; x_wconf 85' lang='lat' dir='ltr'>argu-</span> 
     </span>
     <span class='ocr_line' id='line_1_33' title="bbox 290 2894 1628 2961; baseline 0.001 -18"><span class='ocrx_word' id='word_1_205' title='bbox 290 2894 448 2943; x_wconf 87' lang='lat' dir='ltr'>menti</span> <span class='ocrx_word' id='word_1_206' title='bbox 474 2894 774 2961; x_wconf 76' lang='lat' dir='ltr'>explicatio:</span> <span class='ocrx_word' id='word_1_207' title='bbox 814 2911 940 2961; x_wconf 87' lang='lat' dir='ltr'>quae</span> <span class='ocrx_word' id='word_1_208' title='bbox 965 2903 1162 2961; x_wconf 85' lang='lat' dir='ltr'>sumpta</span> <span class='ocrx_word' id='word_1_209' title='bbox 1197 2911 1260 2944; x_wconf 85' lang='lat' dir='ltr'>ex</span> <span class='ocrx_word' id='word_1_210' title='bbox 1283 2894 1342 2943; x_wconf 87' lang='lat' dir='ltr'>iis</span> <span class='ocrx_word' id='word_1_211' title='bbox 1365 2894 1506 2955; x_wconf 80' lang='lat' dir='ltr'>lociS,</span> <span class='ocrx_word' id='word_1_212' title='bbox 1543 2895 1628 2961; x_wconf 91' lang='lat' dir='ltr'>qui</span> 
     </span>
    </p>
   </div>
  </div>
 </body>
</html>
