2071 3508
820 412 1191 453 ORATOBIBUS.
1584 415 1662 454 407

331 521 556 580 hemum,
584 536 787 585 seseque
813 521 1159 584 chirographa,
1179 519 1568 579 testificationes,
1593 521 1664 568 in-

333 602 477 659 dicia,
522 600 851 665 quaestioneS,
888 597 1202 646 manifestam
1244 614 1348 646 rem
1374 597 1568 646 deferre
1595 599 1665 646 di-

332 689 486 740 ceret,
523 680 684 743 deque
728 695 786 726 eo
827 677 1032 725 crimine
1058 685 1290 726 accurate
1333 685 1383 726 et
1422 677 1665 741 exquisite

330 758 711 824 disputavisset:
751 773 831 804 me
867 756 919 803 in
943 756 1311 821 respondendo,
1349 772 1462 803 cum
1508 772 1667 805 essem

329 844 724 902 argumentatus,
754 843 995 901 qua-ntum
1021 853 1098 884 res
1121 836 1345 894 ferebat3
1384 833 1481 883 hoc
1506 834 1667 899 ipsum

330 916 480 964 etiam
504 916 725 986 posuisse
766 933 856 981 pro
898 924 1214 980 argumento,
1256 913 1390 979 quod
1413 913 1514 973 ille,
1552 930 1667 962 cum

328 1003 520 1060 pestem
547 996 723 1060 capitis
748 996 842 1055 sui,
876 1013 994 1044 cum
1019 995 1204 1043 indicia
1239 994 1410 1042 mortis
1446 1010 1497 1041 se
1535 1009 1667 1041 com-

327 1076 512 1140 perisse
554 1074 818 1124 manifesto
857 1083 909 1123 et
943 1091 1093 1123 manu
1118 1082 1291 1123 tenere
1314 1074 1526 1133 diceret,
1563 1081 1667 1122 tam

329 1154 490 1204 solute
510 1155 710 1219 egisset,
736 1163 839 1203 tam
856 1154 1050 1211 leniter,
1078 1166 1180 1202 tam
1197 1153 1482 1202 oscitanter.
1543 1157 1557 1183 ⁶
1586 1152 1668 1201 Tu

330 1246 345 1268 ‘
381 1241 528 1299 istuc,
580 1242 655 1291 M.
695 1242 871 1299 Calidi,
921 1242 1014 1290 nisi
1060 1241 1291 1306 fingeres,
1339 1241 1409 1289 sie
1458 1239 1667 1304 ageres?

334 1328 347 1348 ‘
382 1321 671 1386 praesertim
699 1336 813 1369 cum
839 1320 932 1368 ista
957 1319 1259 1384 eloquentia,
1286 1318 1560 1367 alie-norum
1584 1317 1669 1365 ho-

333 1406 347 1427 ‘
386 1401 576 1449 minum
618 1398 840 1465 pericula
887 1397 1156 1447 defendere
1196 1397 1433 1446 acerrime
1476 1396 1667 1456 soleas3

333 1483 347 1505 ‘
385 1486 528 1526 tuum
554 1478 871 1543 negligeres?
921 1478 1006 1525 ubi
1033 1477 1210 1525 dolor?
1264 1476 1349 1524 ubi
1388 1476 1532 1523 ardor
1571 1475 1671 1522 ani—

335 1563 349 1584 ‘
386 1559 474 1618 mi,
511 1559 595 1623 qui
632 1558 782 1605 etiam
825 1574 888 1605 ex
929 1556 1194 1604 infantium
1231 1555 1450 1618 ingeniis
1492 1554 1671 1602 elicere

335 1653 346 1664 ·
385 1653 551 1695 voces,
577 1644 628 1685 et
653 1635 877 1700 querelas
897 1634 1056 1684 solet?
1092 1634 1228 1682 nulla
1241 1633 1553 1698 perturbatio
1573 1634 1674 1681 ani-

334 1721 348 1743 ί
385 1716 472 1775 mi,
509 1715 645 1763 nulla
687 1716 919 1781 corporis,
965 1714 1101 1765 frons
1143 1731 1244 1762 non
1285 1730 1533 1778 percussa,
1573 1730 1673 1762 non

334 1800 349 1822 ‘
386 1794 584 1856 femur3
622 1795 763 1861 pedis
797 1795 958 1860 (quod
982 1794 1241 1841 minimum
1266 1793 1367 1854 est)
1404 1793 1539 1841 nulla
1563 1810 1673 1858 sup-

337 1883 350 1903 ‘
385 1875 559 1940 plosio.
633 1876 810 1939 Itaque
835 1883 1031 1923 tantum
1051 1873 1224 1929 abfuit,
1264 1880 1320 1920 ut
1344 1872 1672 1921 inflammares

336 1958 351 1980 ‘
387 1962 580 2002 nostros
623 1954 845 2014 animos3
886 1969 1114 2002 somnum
1158 1952 1249 2000 isto
1290 1951 1403 1999 loco
1427 1951 1510 1998 vix
1535 1960 1673 2000 tene-

336 2038 351 2059 ‘
386 2034 595 2082 bamus.'
669 2034 749 2081 Sic
775 2050 865 2081 nos
890 2033 1067 2081 summi
1107 2032 1314 2080 oratoris
1338 2030 1418 2080 vel
1443 2031 1672 2089 sanitate,

336 2112 416 2162 vel
439 2113 580 2172 vitio,
614 2130 705 2178 pro
747 2120 1042 2178 argumento
1063 2111 1131 2161 -ad
1155 2111 1445 2159 diluendum
1483 2111 1672 2158 crimen

335 2193 410 2240 usi
437 2209 619 2241 sumus.
693 2192 826 2240 Tum
853 2192 1055 2250 Brutus,
1083 2190 1242 2255 Atqui
1274 2190 1577 2248 dubitamus,
1601 2190 1673 2236 in-

338 2272 464 2336 quit,
501 2280 669 2320 utrum
693 2272 788 2320 ista
812 2270 992 2319 sanitas
1016 2268 1186 2329 fuerit,
1214 2286 1276 2317 an
1299 2268 1510 2316 vitium?
1550 2267 1675 2324 Quis

340 2351 471 2399 enim
513 2366 615 2398 non
655 2349 891 2407 fateatur,
941 2364 1055 2396 cum
1099 2365 1160 2396 ex
1203 2347 1431 2396 omnibus
1469 2346 1676 2402 oratoris

337 2429 566 2479 laudibus
590 2429 739 2495 longe
765 2430 858 2477 ista
881 2428 946 2476 sit
970 2427 1204 2486 maxima,
1246 2426 1550 2474 inflammare
1576 2426 1675 2472 ani-

339 2525 446 2557 mos
493 2509 822 2568 audientium,
870 2515 940 2567 et,
981 2522 1298 2572 quocumque
1346 2521 1422 2552 res
1459 2503 1678 2568 postulet

340 2588 510 2648 modo,
545 2588 767 2648 flectere,
803 2588 888 2653 qui
917 2588 1011 2635 hac
1037 2585 1220 2633 virtute
1258 2584 1490 2642 caruerit,
1526 2583 1579 2630 id
1614 2583 1677 2642 ei,

342 2667 477 2732 quod
501 2667 772 2718 maximum
796 2666 966 2724 fuerit,
1004 2663 1255 2713 defuisse?

410 2747 484 2796 Sit
508 2763 625 2795 sane
649 2746 734 2804 ita,
771 2746 1004 2811 inquam:
1043 2744 1132 2792 sed
1155 2743 1417 2791 redeamus
1458 2741 1522 2789 ad
1547 2757 1680 2801 eum,
1716 2744 1819 2803 81·

343 2826 428 2891 qui
459 2825 565 2892 jam
604 2842 732 2875 unus
767 2833 939 2884 restat,
977 2823 1337 2873 Hortensium:
1375 2830 1483 2871 tum
1509 2822 1571 2870 de
1596 2838 1683 2869 no-

343 2906 662 2973 bismetipsiS,
698 2905 931 2972 quoniam
955 2904 1009 2954 id
1034 2904 1199 2962 etiam,
1240 2903 1414 2962 Brute,
1444 2900 1681 2969 postulas),

1199 3000 1225 3033 c
1254 2999 1281 3032 c
1316 2992 1349 3031 4
