2071 3508
428 431 508 468 :346
931 427 1008 467 DE
1039 427 1239 467 CLARIS

427 554 480 586 se
504 526 720 602 ipsorum
761 536 942 601 opinio,
985 538 1122 584 firma
1157 537 1210 584 in
1244 535 1339 583 hoc
1362 534 1468 582 viro
1492 544 1544 583 et
1567 534 1750 583 stabilis

427 616 630 666 inventa
655 624 727 665 est
749 635 760 664 :
799 617 884 680 qui
910 633 1023 665 cum
1047 615 1477 664 innocentissimus
1502 614 1551 661 in
1568 613 1752 678 judici-

430 713 514 744 um
537 705 743 744 vocatus
769 705 914 755 esset,
951 699 1074 760 (quo
1090 695 1283 760 judicio
1309 693 1591 743 convulsam
1615 693 1753 758 peni-

431 783 510 824 tus
557 775 737 823 scimus
776 792 879 822 esse
921 773 1299 838 rempublicam)
1343 791 1457 822 cum
1495 781 1658 821 essent
1693 789 1754 820 eo

428 861 650 919 tempore
688 852 1074 917 eloquentissimi
1108 852 1198 899 viri
1235 852 1293 899 L.
1333 853 1552 910 Crassus,
1595 859 1645 899 et
1677 851 1752 898 M.

432 932 682 981 Antonius
719 932 1012 988 consulares,
1049 948 1218 979 eorum
1247 931 1487 983 ‘adhibere
1523 938 1755 978 neutrum

429 1012 601 1059 voluit.
672 1011 817 1058 Dixit
840 1011 943 1074 ipse
966 1027 1056 1073 pro
1081 1026 1185 1057 sese
1207 1030 1220 1068 3
1255 1017 1305 1057 et
1327 1026 1487 1073 pauca
1511 1009 1568 1056 C.
1588 1009 1756 1066 Cotta,

431 1090 565 1155 quod
589 1089 763 1137 sororis
789 1096 894 1136 erat
923 1088 1066 1146 filius,
1108 1096 1159 1135 et
1190 1088 1229 1134 is
1268 1088 1468 1151 quidem
1502 1095 1670 1135 tamen
1699 1095 1756 1135 ut

431 1178 628 1227 orator3
678 1183 958 1231 quanquam
1001 1174 1105 1213 erat
1151 1166 1418 1212 admodum
1454 1167 1755 1215 adolescens.

431 1249 530 1297 Sed
557 1248 619 1304 Q.
648 1245 850 1293 Mucius
877 1244 1135 1291 enucleate
1161 1243 1242 1291 ille
1267 1244 1482 1307 quidem,
1511 1254 1561 1292 et
1583 1245 1757 1309 polite,

430 1334 488 1375 ut
512 1325 732 1383 solebat3
772 1340 1083 1387 nequaquam
1125 1330 1290 1370 autem
1328 1339 1386 1370 ea
1420 1323 1468 1369 vi
1505 1332 1652 1387 atque
1678 1342 1758 1373 co-

429 1406 528 1470 pia,
582 1420 728 1468 quam
773 1419 932 1467 genus
990 1401 1113 1449 illud
1150 1400 1329 1464 judicii
1377 1410 1428 1449 et
1467 1403 1761 1467 magnitudo

433 1500 607 1532 causae
644 1481 940 1547 postulabat.
1014 1480 1269 1528 Habemus
1307 1479 1459 1544 igitur
1493 1481 1544 1528 in
1583 1481 1759 1531 Stoicis

432 1563 706 1612 oratoribus
751 1560 1012 1616 Rutilium,
1052 1560 1289 1608 Scaurum
1326 1560 1375 1606 in
1413 1561 1655 1625 antiquis:
1704 1580 1759 1611 u-

432 1653 663 1707 trumque
687 1649 854 1689 tamen
877 1640 1152 1697 laudemUS,
1192 1639 1422 1703 quoniam
1452 1657 1541 1704 per
1564 1641 1671 1689 illos
1695 1658 1758 1690 ne

434 1723 557 1770 haec
605 1720 806 1785 quidem
852 1720 903 1766 in
952 1718 1151 1766 civitate
1197 1734 1382 1781 genera
1416 1718 1508 1766 hac
1548 1721 1759 1768 oratoria

432 1801 579 1850 laude
605 1807 884 1848 caruerunt.
955 1797 1084 1846 Volo
1111 1797 1256 1852 enim,
1297 1805 1353 1844 ut
1389 1797 1441 1843 in
1482 1814 1648 1857 scena,
1689 1799 1758 1848 sic

434 1882 582 1930 etiam
606 1880 658 1926 in
681 1878 807 1937 foro,
844 1893 943 1925 non
980 1893 1062 1924 eos
1099 1876 1246 1924 modo
1269 1876 1474 1931 laudari,
1501 1877 1583 1940 qui
1609 1877 1757 1926 celeri

425 1968 573 2026 *motu
611 1966 662 2007 et
703 1956 887 2006 difficili
930 1964 1150 2015 utantur,
1190 1955 1276 2004 sed
1315 1972 1397 2003 eos
1434 1956 1601 2014 etiam,
1637 1974 1757 2021 quos

434 2039 657 2088 statarios
696 2036 964 2102 appellant,
1007 2052 1215 2100 quorum
1251 2035 1313 2083 sit
1347 2034 1430 2082 illa
1466 2035 1673 2099 simplex
1706 2037 1758 2085 in

433 2119 628 2185 agendo
652 2118 850 2175 veritas,
875 2132 974 2164 non
994 2115 1214 2163 molesta.

499 2198 565 2245 Et
589 2196 821 2259 quoniam
858 2194 1135 2241 Stoicorum
1177 2201 1251 2241 est
1284 2193 1418 2241 facta
1451 2195 1656 2254 mentio,
1693 2197 1757 2254 Q.

437 2275 610 2324 Aelius
635 2273 837 2320 Tubero
860 2271 955 2318 fuit
974 2270 1058 2317 illo
1077 2279 1318 2334 tempore,
1343 2271 1401 2318 L.
1425 2273 1563 2320 Pauli
1587 2290 1758 2338 nepos,

433 2353 569 2402 nullo
594 2353 645 2399 in
669 2358 918 2399 oratorum
948 2365 1170 2404 numero,
1215 2349 1303 2396 sed
1339 2350 1440 2396 vita
1476 2367 1675 2399 severus
1707 2361 1758 2400 et

435 2446 713 2496 congruens
756 2444 869 2477 cum
911 2444 969 2475 ea
1011 2427 1286 2491 disciplina,
1335 2445 1480 2491 quam
1528 2429 1754 2478 colebat:

433 2508 581 2575 paulo
608 2507 755 2556 etiam
783 2507 979 2554 durior:
1019 2506 1102 2570 qui
1128 2506 1326 2570 quidem
1361 2506 1413 2552 in
1447 2507 1758 2557 triumviratu

425 2587 726 2654 judicaverit
751 2594 923 2634 contra
948 2586 1001 2633 P.
1026 2585 1271 2644 Africani,
1291 2586 1523 2633 avunculi
1547 2588 1640 2647 sui,
1663 2596 1759 2636 tes-

433 2666 713 2725 timonium,
751 2664 1061 2713 vacationem
1103 2680 1330 2727 augures,
1369 2681 1466 2728 quo
1503 2665 1663 2714 minus
1677 2666 1757 2731 ju-

434 2747 575 2794 diciis
613 2761 811 2809 operam
850 2744 1043 2801 darent,
1072 2759 1171 2791 non
1197 2743 1376 2791 habere
1398 2761 1410 2791 :
1448 2743 1535 2791 sed
1558 2752 1614 2792 ut
1637 2745 1755 2804 vita,

435 2826 504 2874 sic
540 2824 760 2872 oratione
798 2823 966 2882 durus,
1002 2822 1232 2878 incultus,
1269 2821 1510 2870 horridus.
1580 2823 1754 2886 Itaque

435 2904 699 2954 honoribus
722 2902 960 2967 majorum
985 2901 1281 2966 respondere
1296 2917 1396 2951 non
1411 2901 1588 2966 potuit.
1641 2901 1754 2950 Fuit
