2071 3508
454 370 676 412 LIBRUM
704 370 935 413 PRIMUM
963 373 1040 412 DE
1069 372 1350 413 ORATORE.
1478 373 1558 416 525

232 471 331 525 =iuris
351 474 464 515 facile
482 477 637 524 sentiat,
657 477 755 515 haec
770 489 853 516 esse
867 478 1012 529 inepta,
1027 485 1068 515 et
1087 490 1109 515 a
1128 478 1339 528 glossatore
1354 479 1559 532 adscripta,

241 541 308 592 qui
328 555 350 580 e
369 544 619 595 sequentibus
637 542 802 594 glossam
823 543 924 580 hanc
942 543 1088 581 sumsit.
1145 543 1383 583 Enszsws.

296 608 390 660 Pag.
410 613 474 649 56.
502 610 569 647 lin.
593 612 652 647 10.
697 608 947 660 intestatoque
965 615 1056 646 esset
1076 611 1281 659 mortuus]
1328 610 1406 648 Hic
1426 612 1564 650 lacuna

236 672 286 711 sit
300 687 459 712 necesse
475 682 547 718 est,
563 686 677 725 quam
698 674 891 713 neminem
912 674 1037 726 reperi
1056 674 1367 726 deprehendisse.
1413 676 1563 728 Nempe

238 737 479 790 'consequens
497 737 621 785 deest,
655 751 732 790 quo
759 752 884 789 genus
904 752 1042 776 causae
1061 748 1101 776 et
1121 741 1354 789 quaestionis
1377 741 1563 789 tradatur,

236 817 392 856 nempe,
424 817 473 843 an
504 804 699 843 hereditas
717 817 764 843 ea
783 805 831 842 ad
851 813 1055 857 patronum
1075 804 1182 842 illum
1202 805 1350 854 redeat,
1379 816 1422 846 ut
1450 808 1564 847 liber-

237 877 366 908 torum
385 883 524 918 necne,
543 871 630 910 &e.'
669 871 795 910 Imm.

293 936 389 988 Pag.
409 940 474 979 57.
502 937 568 976 lin.
584 942 649 977 24.
703 939 849 992 Capitis
869 939 1002 985 nostri,
1022 940 1117 990 δια]
1166 939 1294 979 Causa
1313 940 1448 992 capitis
1461 941 1567 992 apud

237 1002 436 1043 Romanos
455 1017 502 1043 ea
520 1004 735 1052 dicebatur,
762 1005 801 1043 in
821 1019 898 1057 qua
915 1006 1104 1058 agebatur
1123 1006 1172 1044 de
1190 1014 1313 1044 status
1336 1007 1566 1056 mutatione,

238 1068 319 1108 sive
339 1070 476 1122 capitis
506 1071 774 1111 diminutione.
831 1072 990 1124 Triplex
1011 1080 1069 1111 est
1088 1081 1219 1111 autem
1239 1073 1374 1124 capitis
1401 1074 1567 1112 diminu-

239 1135 319 1174 tio:
344 1138 526 1183 maxima,
558 1151 646 1176 cum
676 1139 813 1190 aliquis
841 1139 953 1177 simul
982 1146 1021 1177 et
1042 1138 1249 1184 civitatem,
1282 1147 1323 1177 et
1349 1140 1568 1179 libertatem

239 1203 406 1242 amittit:
434 1203 572 1250 minor,
606 1205 686 1244 sive
715 1205 856 1252 media,
890 1219 979 1244 cum
1013 1201 1147 1244 civitas
1178 1206 1334 1257 quidem
1364 1207 1566 1255 amittitur,

238 1268 395 1308 libertas
421 1283 513 1309 vero
545 1272 756 1310 retinetur:
786 1272 955 1318 minima,
988 1285 1076 1310 cum
1107 1280 1148 1310 et
1178 1273 1311 1311 civitas
1342 1282 1382 1312 et
1411 1274 1568 1313 libertas

238 1338 441 1385 retinetur,
461 1339 531 1377 sed
559 1347 682 1378 status
702 1339 866 1377 hominis
895 1347 1166 1378 commutatur.
1223 1340 1398 1378 Maxima
1416 1355 1570 1380 servum

237 1402 358 1449 facit;
384 1404 512 1443 media
528 1406 800 1457 peregrinum3
829 1406 986 1444 minima
1004 1406 1125 1443 filium
1143 1406 1319 1454 familias,
1340 1408 1399 1445 vel
1419 1416 1569 1459 patrem

239 1471 413 1511 familias.
467 1473 682 1511 Justinian.
701 1472 765 1510 lib.
783 1473 808 1511 ι’.
836 1473 1009 1511 Institut.
1026 1487 1108 1525 cap.
1130 1476 1195 1512 16.
1252 1474 1487 1514 Pau-snus.
1556 1499 1571 1510 .

296 1538 395 1577 Ibid.
423 1539 489 1576 lin.
510 1541 575 1578 28.
622 1541 951 1591 paterpatratus.]
1011 1539 1050 1577 Is
1077 1553 1173 1577 unus
1202 1552 1224 1577 e
1255 1539 1454 1580 feciahbus
1473 1551 1570 1591 erat,

240 1605 423 1643 sanctiori
443 1605 607 1657 quadam
630 1613 787 1642 ornatus
808 1604 997 1656 dignitate
1016 1614 1134 1656 atque
1159 1607 1403 1651 auctoritate,
1436 1609 1486 1646 ad
1504 1623 1571 1661 pa-

241 1671 435 1717 trandum,
463 1671 501 1708 h.
520 1685 554 1708 e.
580 1670 832 1708 sanciendum
861 1671 1017 1722 aliquod
1051 1671 1201 1717 foedus,
1236 1686 1296 1710 res
1325 1676 1571 1725 repetendas,

240 1738 385 1777 bellum
405 1736 654 1776 indicendum
674 1737 789 1783 hosti,
808 1740 878 1775 διε.
935 1737 1105 1776 Feciales
1124 1747 1255 1776 autem
1274 1739 1364 1777 fidei
1392 1741 1571 1792 publicae

241 1805 344 1844 inter
361 1805 524 1857 populos
544 1812 770 1856 praeerant;
798 1817 872 1842 nec
900 1804 1042 1842 licebat
1061 1805 1208 1843 bellum
1225 1806 1380 1854 inferre,
1410 1809 1480 1846 nisi
1501 1809 1572 1861 ipsi

237 1872 352 1923 justis
382 1872 432 1909 de
465 1870 589 1909 causis
619 1878 842 1922 susceptum
875 1870 1149 1917 declarassent,
1183 1880 1301 1923 atque
1331 1873 1572 1916 indixissent.

243 1938 394 1984 Livius,
413 1937 476 1976 lib.
501 1944 534 1975 l.
591 1937 715 1976 Imm.

301 2004 395 2056 Pag.
423 2007 488 2043 58.
528 2004 594 2042 lin.
630 2009 667 2043 5.
734 2003 875 2042 nullum
908 2018 985 2043 esse
1010 2003 1321 2057 postliminium]
1382 2007 1574 2048 Postlimi-

246 2070 367 2117 nium,
399 2069 564 2116 ἐπάνοδος,
598 2071 779 2116 reversio,
814 2070 971 2109 reditus.
1028 2071 1165 2122 Topic.
1194 2078 1232 2110 8.
1283 2073 1388 2117 Quae
1416 2089 1439 2112 α
1470 2075 1574 2116 nobis

243 2137 413 2176 alienata
432 2144 533 2182 sunt,
556 2151 637 2175 cum
656 2137 711 2174 ad
735 2137 875 2175 hostem
900 2139 1160 2190 pervenerint,
1193 2145 1229 2176 et
1243 2153 1289 2177 es
1302 2153 1370 2178 suo
1394 2147 1576 2194 tanquam

244 2203 375 2243 limine
403 2204 577 2250 exierint,
610 2218 691 2242 cum
726 2204 909 2242 redierint
927 2204 981 2242 ad
1003 2204 1098 2242 idem
1117 2203 1245 2252 limen,
1266 2206 1500 2258 postliminio
1518 2210 1576 2248 di·

245 2278 384 2310 cuntur
403 2271 539 2310 redire.
598 2271 675 2309 Sed
695 2279 801 2309 totus
824 2271 889 2309 ille
917 2271 1040 2318 locus,
1074 2279 1114 2310 et
1144 2272 1195 2310 ibi
1224 2272 1411 2324 Boethius
1442 2275 1575 2328 legen·

248 2339 334 2378 dus.
391 2337 537 2378 Confer
566 2336 633 2374 Or.
659 2342 692 2374 l.
714 2342 777 2376 40.
835 2337 945 2375 Balb.
967 2341 1029 2376 11.
1086 2338 1326 2377 Postliminio
1345 2339 1427 2379 fieri
1446 2351 1576 2393 potest

247 2404 412 2444 civitatis
432 2404 608 2443 mutatio.
627 2403 720 2442 ibid.
745 2406 807 2443 12.
835 2404 908 2442 civi
929 2405 1100 2444 Romano
1123 2403 1209 2444 licet
1229 2419 1307 2444 esse
1327 2407 1575 2456 Gaditanum,

246 2472 325 2511 sive
343 2470 487 2518 exsilio,
506 2472 585 2509 sive
595 2469 842 2524 postliminio,
870 2474 940 2509 ὅτε.
968 2472 1006 2509 Ιι.
1025 2485 1057 2510 e.
1085 2471 1116 2509 si
1145 2472 1302 2511 redierit
1332 2473 1476 2521 Gades,
1508 2472 1578 2515 'ubi

250 2546 342 2578 ante
363 2539 456 2577 civis
474 2538 614 2585 fuerat,
651 2551 766 2590 quam
797 2538 890 2577 civis
923 2538 1121 2577 Romanus
1150 2539 1276 2578 factus
1306 2549 1402 2586 erat,
1435 2550 1476 2580 et
1495 2545 1579 2594 ejus

254 2605 421 2644 civitatis
435 2607 500 2657 jus
521 2604 672 2656 recipit,
692 2604 848 2644 civitate
867 2605 1042 2644 Romana
1061 2610 1238 2658 accepta,
1257 2607 1449 2645 amissum.
1497 2607 1583 2646 En-

251 2683 406 2711 nea-res
426 2672 464 2710 in
490 2671 595 2710 Clav.

305 2741 372 2777 29.
429 2737 525 2776 Ibid.
553 2738 620 2776 lin.
647 2741 709 2778 19.
764 2738 830 2791 qm·
854 2738 998 2777 domini
1024 2738 1217 2778 voluntate
1241 2751 1371 2778 census
1389 2739 1452 2786 sit,
1479 2742 1575 2792 δια]

253 2805 399 2849 Quinto
419 2818 574 2858 quoque
593 2818 696 2845 auno
714 2818 738 2845 a
756 2806 980 2847 censoribus
1001 2806 1040 2845 in
1070 2806 1220 2846 tabulas
1246 2805 1512 2846 referebantur
1529 2808 1584 2847 ci-
