2071 3508
310 990 339 1029 [Q

343 990 373 1029 επ

303 2782 380 2827 27.

425 405 442 438 1
450 404 501 439 90
911 400 988 440 DE
1017 399 1285 439 ORATORE

423 508 604 557 scribes
628 525 771 557 unus.
843 510 978 567 Quid
996 510 1184 575 igitur?
1214 509 1444 573 inquam,
1474 510 1674 572 quando
1693 527 1741 558 a·

421 603 510 651 ges
550 587 804 651 negotium
845 588 1135 651 publicum?
1202 587 1398 651 quando
1436 587 1741 635 amicorum?

422 663 620 727 quando
644 667 812 713 tuum?
838 666 1034 729 quando
1054 666 1266 728 denique
1285 664 1571 729 nihilvages?
1610 665 1743 711 Tum

418 742 542 793 illud
565 746 752 804 addidi,
790 745 918 793 Mihi
954 747 1084 794 enim
1118 745 1241 792 liber
1265 761 1369 792 esse
1403 761 1505 792 non
1527 744 1742 803 videtur,

420 824 503 886 qui
528 840 627 871 non
652 824 914 888 aliquando
949 824 1070 872 nihil
1095 824 1225 887 agit:
1263 823 1314 869 in
1340 839 1435 886 qua
1456 839 1742 886 permaneo,

422 902 616 962 Catule,
653 904 896 952 sententia
916 924 928 962 ;
968 919 1164 966 meque,
1200 918 1313 950 cum
1348 901 1446 948 huc
1482 900 1613 958 veni,
1648 900 1744 948 hoc

377 1018 388 1029 .
421 980 580 1044 ipsum
621 982 742 1029 nihil
783 999 947 1046 agere,
989 990 1039 1030 et
1078 981 1223 1045 plane
1264 996 1471 1038 cessare,
1513 977 1745 1026 delectat.

421 1060 570 1118 Nam,
596 1061 728 1124 quod
752 1061 983 1109 addidisti
1007 1061 1227 1120 tertium,
1268 1060 1372 1108 Vos
1397 1075 1479 1107 eos
1504 1075 1626 1116 esse,
1662 1056 1746 1120 qui

418 1138 571 1185 vitam
595 1139 846 1187 insuavem
871 1141 974 1188 sine
998 1140 1072 1187 his
1097 1139 1269 1187 studiis
1297 1138 1553 1202 putaretis,
1588 1137 1640 1184 id
1663 1152 1743 1183 me

418 1232 519 1262 non
543 1217 691 1264 modo
715 1234 815 1264 non
839 1218 1062 1266 hortatur
1087 1217 1148 1264 ad
1181 1217 1550 1282 disputandum,
1587 1214 1674 1262 sed
1698 1230 1746 1261 e-

418 1294 537 1341 tiam
563 1295 794 1344 deterret.
865 1297 996 1344 Nam
1020 1304 1076 1343 ut
1101 1296 1156 1344 C.
1184 1295 1424 1353 Lucilius,
1455 1295 1603 1342 homo
1628 1293 1745 1342 doc-

415 1379 495 1419 tus
521 1380 571 1420 et
592 1374 913 1436 perurbanus,
947 1373 1111 1421 dicere
1149 1372 1354 1430 solebat,
1380 1389 1454 1431 ea,
1480 1388 1604 1435 quae
1630 1370 1746 1418 scrin

415 1451 575 1509 beret,
611 1467 773 1513 neque
798 1468 848 1499 se
874 1453 933 1499 ab
957 1451 1324 1509 indoctissimis,
1356 1467 1517 1514 neque
1542 1450 1602 1497 ab
1629 1449 1743 1496 doc-

417 1528 613 1576 tissimis
653 1527 753 1591 legi
794 1528 951 1576 velle:
1007 1529 1142 1592 quod
1183 1527 1322 1576 alteri
1358 1528 1479 1575 nihil
1502 1526 1743 1591 intellige-

417 1614 546 1665 rent,
582 1606 722 1654 alteri
745 1606 855 1670 plus
879 1606 1102 1666 fortasse,
1131 1624 1276 1671 quam
1300 1607 1433 1671 ipse:
1474 1623 1570 1670 quo
1595 1606 1744 1653 etiam

417 1684 628 1748 scripsit,
654 1690 687 1711 ‘⁶
710 1685 930 1732 Persium
955 1702 1054 1733 non
1080 1703 1199 1733 curo
1222 1685 1449 1749 legere;'’
1478 1685 1583 1749 (hic
1610 1684 1741 1732 enim

416 1762 529 1821 fuit,
565 1770 622 1810 ut
662 1780 908 1824 noramus,
944 1765 1164 1812 omnium
1204 1764 1307 1812 fere
1345 1773 1622 1811 nostrorum
1657 1762 1743 1811 ho·-

415 1840 605 1888 minum
648 1842 1002 1903 doctissimus,)
1039 1847 1072 1869 ‘⁶
1099 1842 1323 1890 Laelium
1365 1841 1631 1889 Decimum
1660 1859 1743 1890 vo-

414 1917 462 1965 lo
484 1920 536 1976 ;''
576 1921 747 1983 (quem
790 1920 1109 1983 cognovimus
1144 1920 1301 1967 virum
1342 1920 1528 1967 bonum
1553 1926 1604 1967 et
1640 1936 1741 1967 non

413 1995 717 2054 illiteratum,
759 1997 845 2045 sed
886 1997 1006 2044 nihil
1042 1997 1106 2044 ad
1147 1996 1394 2057 Persium)
1432 1997 1500 2044 sic
1539 2014 1652 2062 ego,
1700 1999 1739 2046 si

406 2073 508 2137 jam
534 2074 653 2121 mihi
679 2075 1029 2139 disputandum
1054 2076 1116 2122 sit
1159 2075 1220 2122 de
1245 2075 1319 2122 his
1343 2075 1521 2123 nostris
1546 2076 1738 2137 studiis,

413 2153 565 2199 nolim
590 2153 820 2215 equidem
856 2154 987 2218 apud
1026 2155 1251 2213 rusticos,
1287 2155 1374 2202 sed
1398 2154 1554 2203 multo
1577 2155 1739 2203 minus

414 2230 546 2294 apud
586 2247 701 2278 vos:
739 2230 868 2278 malo
909 2232 1039 2279 enim
1081 2248 1181 2279 non
1218 2231 1427 2295 intelligi
1469 2233 1739 2282 orationem

364 2346 377 2357 .
415 2325 592 2366 meam,
629 2325 774 2371 quam
799 2310 1106 2373 reprehendi.

482 2387 614 2433 Tum
656 2388 853 2446 Caesar,
900 2388 1162 2451 Equidem,
1196 2388 1375 2452 inquit,
1412 2388 1605 2449 Catule,
1632 2389 1736 2454 jam

413 2465 533 2512 mihi
557 2464 727 2512 videor
751 2481 951 2512 navasse
977 2483 1192 2530 operam,
1212 2467 1346 2529 quod
1370 2467 1468 2515 huc
1492 2469 1733 2516 venerim:

412 2560 525 2590 nam
551 2542 674 2590 haec
708 2543 813 2606 ipsa
847 2544 1090 2591 recusatio
1126 2543 1486 2608 disputationis,
1523 2545 1736 2611 disputa-

411 2622 482 2669 tio
507 2621 747 2684 quaedam
771 2619 867 2668 fuit
891 2621 1009 2667 mihi
1035 2622 1232 2685 quidem
1257 2623 1577 2687 perjucunda.
1637 2625 1736 2675 Sed

414 2716 500 2746 cur
524 2697 818 2762 impedimus
843 2697 1139 2758 Antonium,
1169 2700 1307 2764 cujus
1331 2701 1478 2749 audio
1501 2719 1604 2751 esse
1627 2720 1735 2768 par-

413 2782 506 2834 teS,
556 2783 613 2823 ut
654 2775 715 2823 de
756 2783 863 2823 tota
902 2775 1182 2840 eloquentia
1222 2778 1443 2839 disserat,
1489 2798 1733 2845 quemque

403 2851 698 2917 jamdudum
739 2853 887 2902 Cotta
922 2861 974 2903 et
1008 2854 1249 2920 Sulpicius
1285 2859 1588 2923 expectant?
1622 2858 1732 2923 Ego
