2071 3508
344 1165 446 1225 35.

483 439 565 481 474
1014 433 1346 474 ORATORIAE

483 545 693 604 ratione,
719 559 843 610 quae
867 542 1000 593 facta
1024 561 1102 593 me
1128 543 1329 592 consule
1355 549 1446 602 est,
1478 543 1814 607 quaerendum

483 633 799 692 putaverunt.
873 610 1131 671 Irridenda
1147 623 1295 671 etiam
1313 622 1579 686 disputatio
1604 631 1691 679 est,
1720 641 1817 687 qua

485 705 646 754 solent
671 705 743 752 uti
768 705 831 752 ad
855 703 1167 751 infirmandas
1205 702 1533 767 quaestioneS‚
1572 711 1622 750 et
1665 703 1817 750 medi-

485 791 589 832 tata
629 782 927 848 puerilisque
971 780 1196 828 dicenda.
1269 775 1401 828 Tum
1425 779 1655 828 facienda
1677 781 1818 841 fides,

487 863 751 926 diligenter
794 878 897 909 esse
952 867 1002 908 et
1038 860 1141 907 sine
1195 860 1467 923 cupiditate
1504 860 1814 923 quaesitum:

487 941 720 1004 dictaque
763 939 1060 1004 quaestionis
1098 939 1400 1002 argumentis
1437 946 1488 986 et
1530 938 1819 1002 conjectura

483 1020 821 1083 ponderanda.
939 1018 1110 1081 Atque
1162 1017 1286 1065 haec
1339 1017 1664 1065 accusationis
1713 1017 1819 1067 fere

485 1099 702 1146 membra
741 1106 870 1146 sunt.
1568 1154 1580 1164 p

553 1176 870 1225 Defensionis
924 1184 1090 1224 autem
1136 1176 1348 1240 primum
1395 1175 1658 1223 infirmatio
1705 1193 1819 1226 cau-

485 1274 647 1306 sarum
670 1275 681 1304 :
721 1265 806 1304 aut
831 1272 929 1304 non
954 1255 1119 1312 fuisse,
1148 1264 1233 1303 aut
1258 1272 1355 1303 non
1381 1263 1556 1312 tantas,
1595 1263 1681 1303 aut
1716 1263 1818 1306 no'n

482 1337 574 1385 sibi
611 1335 718 1395 soli,
760 1344 846 1383 aut
882 1352 933 1383 se
959 1335 1265 1383 commodius
1290 1334 1507 1398 potuisse
1531 1334 1662 1382 idem
1702 1352 1818 1384 con-

483 1416 661 1479 sequi3
702 1423 787 1463 aut
811 1431 911 1462 non
947 1414 1005 1461 iis
1035 1430 1139 1461 esse
1175 1413 1406 1470 moribus,
1450 1430 1549 1460 non
1587 1430 1645 1461 ea
1678 1414 1815 1476 vita3

483 1503 569 1542 aut
607 1494 766 1542 nullos
803 1493 953 1542 animi
995 1501 1182 1560 motus,-
1217 1499 1302 1539 aut
1326 1509 1425 1540 non
1450 1500 1551 1539 tam
1575 1492 1819 1557 impoten-

482 1579 557 1620 tes
593 1572 756 1621 fuisse.
852 1571 1164 1620 Facultatum
1197 1579 1362 1619 autem
1395 1570 1722 1620 infirmatione
1763 1590 1819 1621 u-

480 1658 634 1709 tetur,
689 1651 727 1698 si
770 1658 856 1698 aut
897 1650 1041 1708 vires,
1094 1657 1181 1696 aut
1228 1650 1464 1708 animum,
1512 1658 1597 1697 aut
1633 1651 1818 1716 copias,

481 1740 568 1778 aut
610 1747 727 1794 opes
770 1730 982 1777 abfuisse
1026 1729 1414 1776 demonstrabit:
1475 1736 1561 1776 aut
1600 1729 1817 1778 alienum

480 1817 695 1874 tempus,
743 1818 827 1856 aut.
867 1808 1034 1856 locum
1073 1824 1172 1855 non
1213 1807 1466 1866 idoneum,
1509 1815 1594 1854 aut
1634 1808 1816 1858 multos

482 1889 707 1946 arbitros,
750 1904 957 1951 quorum
999 1886 1225 1934 crederet
1262 1885 1477 1933 nemini:
1519 1894 1604 1933 aut
1638 1903 1739 1934 non
1763 1904 1817 1936 se

482 1974 584 2014 tam
623 1967 867 2030 ineptum,
909 1973 965 2013 ut
1000 1965 1052 2012 id
1090 1964 1378 2028 susciperet,
1426 1964 1559 2028 quod
1599 1964 1818 2014 occulta-

482 2063 537 2094 re
562 2063 661 2094 non
698 2054 878 2110 posset,
913 2061 1074 2108 neque
1100 2052 1200 2091 tam
1226 2051 1492 2102 amentem,
1534 2052 1590 2092 ut
1631 2061 1816 2108 poenas

484 2143 541 2174 ac
576 2125 766 2189 judicia
805 2131 1163 2172 contemneret.
1249 2123 1614 2187 Consequentia
1648 2133 1816 2173 autem

485 2203 660 2262 diluet,
698 2203 1012 2268 exponendo,
1052 2219 1151 2250 non
1189 2219 1292 2250 esse
1334 2201 1416 2249 illa
1457 2210 1593 2250 certa
1632 2203 1818 2252 indicia

482 2282 622 2341 facti,
665 2300 789 2346 quae
832 2283 979 2330 etiam
1016 2281 1151 2329 nullo
1192 2281 1404 2329 admisso
1440 2282 1674 2346 consequi
1707 2299 1818 2347 pos-

483 2370 624 2409 sent:
669 2362 1003 2425 consistetque
1038 2361 1088 2407 in
1126 2360 1361 2424 singulis:
1407 2368 1457 2408 et
1499 2377 1573 2419 ea,
1615 2370 1699 2409 aut
1735 2378 1815 2411 eo-

481 2456 611 2498 rum,
637 2457 761 2504 quae
786 2440 889 2503 ipse
914 2438 1046 2486 facta
1071 2456 1174 2486 esse
1201 2439 1352 2497 dicet,
1381 2439 1577 2503 propria
1602 2456 1705 2487 esse
1731 2440 1815 2488 de-

481 2517 657 2566 fendet
697 2518 875 2582 potius,
916 2535 1061 2581 quain
1103 2518 1351 2565 criminis:
1390 2526 1475 2566 aut
1510 2518 1549 2565 si
1585 2518 1674 2566 sibi
1700 2534 1814 2566 cum

484 2607 771 2645 accusatore
811 2597 1092 2645 communia
1131 2605 1307 2652 essent,
1346 2613 1434 2660 pro
1474 2596 1695 2661 periculo
1729 2613 1814 2661 po-

483 2675 601 2733 tius,
637 2693 781 2739 quam
826 2684 999 2723 contra
1037 2675 1243 2723 salutem
1285 2675 1445 2723 valere
1472 2676 1681 2723 debere:
1719 2683 1816 2723 tes-

482 2753 724 2817 tiumque,
762 2762 812 2802 et
848 2754 1189 2817 quaestionum
1229 2770 1387 2818 genus
1427 2754 1724 2810 universum,
1763 2761 1815 2802 et

485 2832 619 2893 quod
642 2833 842 2896 poterit,
879 2832 930 2879 in
972 2832 1189 2896 singulis,
1229 2849 1291 2880 ex
1331 2832 1720 2896 reprehensionis
1743 2832 1812 2879 lo-

487 2907 571 2970 cis?
610 2908 670 2960 de
711 2911 885 2974 quibus
926 2918 1041 2960 ante
1083 2910 1272 2960 dictum
1298 2917 1390 2970 est,
1430 2908 1637 2962 refellet.
1709 2909 1811 2961 Ha-
