2071 3508
469 416 521 452 64
943 412 1020 454 DE
1050 410 1316 454 ORATORE

472 521 817 586 respondendo
852 523 914 571 de
955 523 1085 587 jure,
1135 523 1427 572 auctoritate
1478 521 1585 585 plus
1622 521 1788 578 etiam,

474 617 619 665 quam
644 601 749 665 ipso
772 601 990 666 ingenio,
1021 603 1256 650 valerent.

337 683 443 725 199.
541 680 797 752 Senectuti
821 698 936 729 vero
957 681 1278 730 celebrandae
1295 690 1346 729 et
1369 680 1634 737 ornandae,
1659 676 1792 742 quod

473 759 725 807 honestius
747 767 912 823 potest
937 777 1040 808 esse
1064 759 1363 824 perfugium,
1399 775 1544 822 quam
1572 757 1696 821 juris
1720 757 1790 803 in-

473 838 797 903 terpretatio?
841 839 1084 902 Equidem
1120 838 1239 884 mihi
1273 837 1368 885 hoc
1393 836 1662 885 subsidium
1689 834 1794 898 jam

474 918 533 964 ab
559 916 890 964 adolescentia
914 916 1204 980 comparavi,
1238 932 1338 963 non
1362 915 1519 963 solum
1543 913 1606 961 ad
1631 928 1797 960 causa-

474 1012 582 1043 rum
607 1013 749 1043 usum
771 995 1058 1053 forensium,
1100 995 1186 1042 sed
1211 995 1357 1042 etiam
1383 993 1446 1041 ad
1470 993 1622 1040 decus
1646 999 1794 1054 atque

471 1082 814 1121 ornamentum
839 1073 1124 1131 senectutis,
1149 1082 1360 1130 ut,„cum
1384 1088 1463 1120 me
1486 1072 1613 1119 vires
1639 1069 1797 1135 (quod

472 1150 576 1199 fere
608 1152 713 1215 jam
737 1160 932 1215 tempus
956 1150 1216 1211 adventat)
1254 1149 1463 1198 deficere
1501 1149 1796 1213 coepissent,

475 1231 534 1277 ab
561 1229 824 1285 solitudine
850 1229 1051 1276 domum
1087 1245 1246 1276 meam
1270 1229 1589 1276 vindicarem.
1661 1225 1799 1283 Quid

476 1316 550 1356 est
574 1308 704 1356 enim
729 1307 1039 1371 praeclarius,
1072 1324 1217 1371 quam
1241 1307 1507 1354 honoribus
1532 1313 1583 1353 et
1605 1304 1799 1369 reipub-

474 1387 599 1434 licae
641 1387 924 1434 muneribus
961 1384 1278 1450 perfunctum
1319 1401 1486 1433 senem
1532 1400 1674 1448 posse
1712 1398 1801 1430 suo

467 1463 581 1528 jure
607 1465 773 1512 dicere
795 1465 947 1522 idem,
984 1463 1117 1527 quod
1151 1463 1283 1527 apud
1319 1463 1535 1510 Ennium
1561 1462 1695 1510 dicat
1716 1459 1799 1508 ille

479 1543 684 1607 Pythius
711 1542 907 1606 Apollo,
947 1558 997 1590 se
1023 1559 1126 1590 esse
1161 1559 1292 1601 eum,
1327 1542 1460 1589 unde
1486 1541 1595 1600 sibi,
1637 1540 1676 1587 si
1700 1554 1800 1586 non

478 1620 648 1684 populi
690 1628 741 1668 et
776 1636 935 1684 reges,
978 1627 1027 1667 at
1052 1636 1222 1667 omnes
1257 1619 1331 1666 sui
1373 1619 1503 1667 cives
1545 1617 1803 1666 consilium

478 1706 733 1763 expetant,

646 1790 807 1826 Suarum
828 1802 953 1826 rerum
972 1788 1108 1826 incerti
1122 1804 1136 1826 .-
1167 1801 1257 1840 quos
1276 1802 1344 1840 ego
1363 1801 1443 1825 mea
1459 1800 1526 1840 ope
1543 1800 1590 1825 ex

642 1856 804 1892 Incertis
818 1862 950 1901 certos,
964 1861 1216 1906 compotesque
1229 1853 1364 1893 consili

644 1921 826 1967 Dz'mz'tw,
855 1928 895 1959 ut
916 1935 961 1959 ne
977 1935 1034 1958 res
1049 1927 1185 1958 temere
1200 1926 1363 1958 tractent
1376 1920 1563 1959 turbidas.

340 2012 450 2051 2¹00.
550 2000 641 2048 Est
664 2000 796 2048 enim
815 2001 918 2048 sine
939 2000 1088 2047 dubio
1108 1999 1281 2047 domus
1296 1997 1636 2063 jurisconsulti
1653 1998 1805 2047 totius

485 2079 737 2128 oraculum
757 2078 984 2126 civitatis.
1054 2077 1218 2124 Testis
1243 2084 1317 2124 est
1334 2075 1538 2140 hujusce
1559 2076 1621 2133 Q.
1645 2075 1806 2125 Mucii

475 2157 630 2221 janua
665 2164 715 2204 et
739 2155 1050 2211 vestibulum,
1089 2154 1223 2218 quod
1256 2155 1307 2201 in
1344 2153 1447 2218 ejus
1481 2154 1807 2203 infirmissima

484 2235 786 2293 valetudine,
822 2235 1093 2297 affectaque
1120 2233 1224 2296 jam
1249 2240 1429 2291 aetate,
1453 2233 1666 2280 maxima
1690 2250 1808 2297 quo-

486 2313 605 2362 tidie
629 2313 907 2377 frequentia
931 2312 1129 2369 civium,
1146 2327 1203 2359 ac
1229 2326 1528 2358 summorum
1551 2310 1807 2359 hominum

487 2388 745 2453 splendore
771 2388 1062 2436 celebiatui.

339 2470 446 2531 46,
550 2467 661 2516 Jam
703 2483 819 2514 vero
854 2465 936 2513 illa
960 2481 1059 2512 non
1088 2465 1285 2529 longam
1323 2465 1594 2513 mationem
1619 2439 1807 2514 deside-

341 2565 452 2604 201,
485 2554 610 2601 rant,
630 2546 945 2609 quamobrem
966 2543 1241 2591 existimem
1257 2542 1456 2607 publica
1471 2542 1804 2607 quoquejura‚

486 2628 611 2689 quae
653 2632 768 2672 sunt
806 2623 1003 2688 propria
1038 2623 1248 2670 civitatis
1284 2631 1431 2687 atque
1454 2623 1665 2687 imperii,
1699 2630 1808 2671 tum

485 2711 806 2751 monumenta
846 2719 1008 2750 rerum
1045 2709 1312 2766 gestarum,
1349 2709 1399 2749 et
1434 2701 1690 2750 vetustatis
1725 2717 1808 2750 ex-

486 2781 659 2844 empla,
699 2782 878 2830 oratori
913 2789 1030 2829 nota
1075 2796 1178 2828 esse
1215 2779 1409 2828 debere.
1496 2780 1626 2827 Nam
1666 2779 1808 2827 utin

486 2874 646 2905 rerum
687 2860 985 2923 privatarum
1027 2858 1184 2907 causis
1224 2866 1371 2923 atque
1398 2856 1602 2922 judiciis
1637 2856 1808 2922 depro-
