2071 3508
217 743 324 784 164.

226 1782 332 1822 165.

232 2324 338 2366 166⁴

331 2448 336 2453 ,
375 2394 466 2442 dus
489 2401 656 2441 autem
680 2392 843 2440 nullus
863 2400 936 2440 est
952 2392 1203 2440 florentior
1227 2392 1278 2439 in
1303 2392 1506 2456 singulis
1525 2394 1704 2453 verbis,

350 398 431 437 280
827 396 908 434 DE
938 394 1206 437 ORATORE

351 502 590 562 ferendis,
627 511 685 552 ut
722 520 918 552 sensum
947 503 1093 552 feriat
1126 503 1197 562 id,
1235 503 1369 567 quod
1391 501 1681 551 translatum

355 581 436 640 sit,
460 581 699 646 fugienda
734 590 808 630 est
843 582 1001 630 omnis
1025 582 1283 646 turpitudo
1308 597 1475 630 earum
1499 596 1683 639 rerum,

355 659 420 707 ad
461 676 580 724 quas
621 678 792 709 eorum
827 662 1031 720 animos,
1068 661 1152 725 qui
1176 661 1403 724 audiunt,
1438 659 1602 707 trahet
1625 658 1684 706 si-

356 739 601 788 militudo.
671 740 804 788 Nolo
845 739 944 788 dici
984 748 1142 788 morte
1180 739 1407 788 Africani
1435 744 1687 786 castratam

358 835 462 867 esse
487 818 872 883 rempublicam:
899 819 1014 866 nolo
1031 827 1208 866 stercus
1225 820 1386 867 cariae
1410 817 1510 866 dici
1534 817 1688 865 Glau-

359 897 487 945 ciam
507 916 519 945 :
558 898 778 962 quamvis
814 898 876 945 sit
912 897 1087 956 simile,
1111 905 1279 946 tamen
1304 905 1378 946 est
1401 898 1452 944 in
1475 904 1687 960 utroque

359 975 592 1024 deformis
625 976 862 1040 cogitatio
899 975 1246 1023 similitudinis.
1317 974 1450 1024 Nolo
1474 991 1579 1022 esse
1603 980 1690 1021 aut

357 1053 534 1118 majus,
575 1071 722 1118 quam
762 1070 838 1101 res
873 1053 1124 1117 postulet3
1164 1062 1407 1117 tempestas
1439 1053 1691 1102 comissati-

360 1133 462 1180 onis
482 1154 496 1179 .·
534 1140 620 1180 aut
660 1132 855 1191 1ninus3
893 1133 1153 1179 comissatio
1195 1135 1489 1196 tempestatis.
1559 1130 1692 1179 Nolo

360 1227 466 1259 esse
501 1213 705 1259 verbum
743 1211 997 1274 angustius
1032 1211 1103 1269 id,
1140 1211 1273 1274 quod
1296 1210 1588 1258 translatum
1611 1209 1692 1268 sit,

362 1305 509 1353 quam
534 1287 708 1335 fuisset
732 1286 854 1335 illud
878 1288 1129 1351 proprium
1156 1306 1214 1335 ac
1239 1306 1381 1335 suum
1403 1307 1414 1336 :

474 1366 662 1411 Quidnam
683 1372 751 1413 est,
771 1365 918 1404 obsecro
932 1365 952 1402 ,9
980 1365 1072 1418 quid
1089 1371 1125 1403 te
1144 1364 1249 1403 adiri
1266 1364 1427 1403 abnutas
1441 1366 1461 1402 ἓ)

363 1447 536 1496 melius
561 1455 708 1506 esset,
731 1454 873 1503 vetas,
893 1447 1134 1510 prohibes,
1161 1447 1395 1494 absterres
1416 1468 1430 1493 :
1462 1445 1694 1511 quoniam

363 1525 445 1575 ille
471 1525 683 1585 dixerat,

926 1618 1037 1657 Illico
1057 1618 1154 1665 istic,

477 1687 539 1724 Ne
559 1686 732 1738 contagio
751 1700 830 1724 mea
852 1686 969 1731 bonis,
989 1686 1164 1724 umbrave
1183 1685 1290 1724 obsit.

424 1766 594 1831 Atque
619 1767 786 1826 etiam,
807 1767 845 1814 si
863 1784 1081 1825 vereare,
1100 1783 1162 1814 ne
1186 1765 1333 1830 paulo
1359 1765 1526 1814 durior
1541 1773 1696 1814 trans-

365 1845 484 1900 latio
533 1863 636 1895 esse
682 1845 927 1904 videatur,
985 1845 1252 1894 mollienda
1299 1852 1373 1893 est
1417 1844 1697 1909 praeposito

367 1942 512 1989 saepe
550 1926 735 1984 verb03
780 1931 837 1971 ut
874 1924 913 1971 si
954 1923 1085 1980 olim,
1132 1924 1206 1971 M.
1252 1924 1441 1972 Catone
1483 1931 1698 1989 mortuo,

362 2005 596 2068 pupillum
638 2010 863 2051 senatum
905 2003 1011 2066 quis
1046 2002 1273 2051 relictum
1310 2003 1517 2061 diceret,
1551 2001 1700 2066 paulo

373 2083 575 2142 durius3
628 2083 721 2141 sin,
763 2091 817 2130 ut
850 2083 915 2130 ita
954 2083 1116 2138 dicam,
1159 2083 1406 2145 pupillum,
1450 2081 1701 2145 aliquanto

371 2161 538 2209 mitius
561 2179 572 2208 :
613 2161 797 2208 etenim
821 2160 1104 2208 verecunda
1128 2159 1278 2207 debet
1302 2176 1405 2207 esse
1429 2159 1703 2220 translatio,

374 2247 431 2287 ut
456 2239 673 2286 deducta
697 2255 801 2286 esse
826 2238 876 2284 in
901 2237 1116 2285 alienum
1138 2237 1324 2296 locum,
1348 2254 1448 2285 non
1472 2237 1700 2298 irruisse;

376 2323 524 2379 atque
548 2322 605 2362 ut
618 2315 859 2378 precario,
878 2330 978 2360 non
995 2314 1063 2371 vi,
1080 2314 1270 2361 venisse
1289 2315 1530 2362 videatur.
1590 2314 1703 2364 Mo-

373 2489 467 2531 nec
493 2472 576 2536 qui
599 2471 709 2536 plus
733 2471 931 2521 luminis
949 2470 1127 2518 ‘afferat
1161 2471 1385 2518 orationi.
1444 2476 1467 2499 ἡ*
1509 2476 1533 2499 *
1571 2471 1704 2519 Nam

374 2550 514 2609 illud,
551 2550 682 2614 quod
721 2566 784 2597 ex
823 2549 919 2596 hoc
958 2564 1143 2612 genere
1177 2549 1396 2612 profluit,
1431 2565 1532 2605 non
1557 2549 1706 2598 estin

375 2646 475 2677 uno
497 2630 649 2677 verbo
673 2627 923 2683 translato,
962 2627 1051 2674 sed
1075 2643 1135 2675 ex
1160 2626 1382 2691 pluribus
1407 2627 1705 2676 continuatis

377 2707 709 2767 connectitur,
750 2714 806 2755 ut
841 2706 975 2755 aliud
1017 2706 1225 2763 dicatur,
1263 2706 1398 2754 aliud
1427 2705 1704 2771 intelligen-

377 2786 494 2834 dum
520 2787 582 2835 sit
603 2805 614 2834 :

654 2880 788 2932 Neque
807 2893 864 2927 me
874 2878 1010 2932 patiar
1028 2878 1164 2926 iterum

486 2945 552 2983 Ad
565 2959 679 2984 amem
699 2946 888 3000 scopulum
909 2952 944 2986 et
964 2945 1079 2986 telum
1099 2945 1250 2987 classem
1271 2943 1453 2986 Achivam
1473 2942 1669 2998 offendere.
