2071 3508
501 382 552 419 30
994 379 1071 418 DE
1099 379 1253 420 ORAT
1256 379 1367 419 ORE

500 488 638 546 dens,
676 486 777 536 sive
813 487 945 552 quod
978 488 1048 536 ita
1069 497 1282 553 putaret,
1315 497 1461 553 atque
1485 486 1553 535 ita
1577 485 1815 548 audisset)

499 583 577 614 me
611 566 662 613 in
696 565 779 614 illo
814 582 1036 625 numero,
1079 568 1162 631 qui
1195 567 1278 615 illa
1312 583 1411 614 non
1437 565 1732 624 didicissem,
1769 572 1821 613 et

497 652 682 704 tamen,
706 653 763 692 ut
785 646 888 710 ipse
914 646 1127 705 dicebat,
1151 663 1342 711 possem
1369 644 1554 708 aliquid
1576 644 1626 690 in
1653 644 1819 692 dicen-

424 719 429 725 ’
498 723 581 782 d0‚
605 723 897 787 proferebat.
971 725 1194 781 Quorum
1230 724 1299 771 illi
1335 724 1542 771 alterum
1581 722 1726 770 facile
1750 739 1821 770 as-

390 958 468 1000 92.

391 1584 468 1625 93.

374 2278 481 2337 21.

390 2369 468 2410 94.

497 802 758 860 sentiebas,
783 801 903 849 nihil
918 818 996 849 me
1017 802 1243 850 didicisse
1262 822 1275 861 3
1302 801 1353 847 in
1372 800 1525 847 altero
1552 806 1718 848 autem
1741 815 1822 847 me

496 878 636 926 illudi
660 882 719 928 ab
746 896 822 938 eo,
858 888 943 926 aut
967 880 1114 927 etiam
1139 881 1297 944 ipsum
1336 894 1494 926 errare
1538 876 1823 924 arbitrabar.

500 957 675 1006 Artem
699 973 816 1005 vero
851 959 1064 1020 negabat
1099 972 1204 1005 esse
1238 956 1405 1012 uHam,
1441 953 1533 1000 nisi
1560 969 1684 1016 quae
1709 969 1825 1017 cog-

498 1036 630 1095 nitis,
666 1036 961 1100 penitusque
1006 1033 1293 1100 perspectiS,
1333 1040 1383 1080 et
1423 1032 1474 1078 in
1521 1047 1674 1078 unum
1721 1031 1823 1079 exi-

496 1120 602 1161 tum
628 1114 979 1178 spectantibus,
999 1121 1050 1160 et
1078 1128 1328 1176 nunquam
1353 1109 1652 1168 fallentibus,
1677 1110 1822 1158 rebus

496 1192 849 1239 contineretur.
923 1191 1064 1239 Haec
1090 1198 1253 1238 autem
1281 1189 1462 1247 omnia,
1498 1205 1622 1252 quae
1647 1195 1823 1236 tracta-

496 1277 666 1318 rentur
706 1270 766 1317 ab
813 1269 1101 1327 oratoribus,
1159 1268 1307 1315 dubia
1353 1283 1457 1314 esse
1505 1274 1556 1314 et
1600 1267 1819 1326 incerta3

497 1363 611 1394 cum
636 1354 687 1394 et
711 1346 992 1394 dicerentur
1017 1347 1076 1394 ab
1101 1346 1176 1404 iis,
1198 1346 1280 1409 qui
1301 1362 1359 1393 ea
1378 1345 1540 1393 omnia
1555 1361 1654 1391 non
1677 1344 1823 1409 plane

496 1433 744 1483 tenerent,
769 1433 820 1472 et
844 1425 1128 1472 audirentur
1152 1425 1211 1471 ab
1236 1425 1313 1483 iis,
1346 1425 1520 1488 quibus
1544 1440 1643 1471 non
1668 1423 1823 1471 scien-

497 1503 567 1550 tia
590 1511 718 1551 esset
740 1502 997 1560 tradenda,
1023 1502 1109 1550 sed
1129 1502 1295 1565 exigui
1319 1502 1551 1565 temporis
1576 1509 1661 1548 aut
1682 1500 1823 1559 falsa,

499 1588 584 1628 aut
608 1588 742 1628 certe
767 1581 973 1628 obscura
997 1580 1176 1645 opinio.
1234 1579 1369 1636 Quid
1392 1579 1582 1626 multa?
1608 1579 1677 1626 sic
1701 1579 1821 1626 mihi

497 1666 603 1706 tum
617 1659 910 1723 persuadere
924 1658 1199 1717 videbatur,
1218 1674 1377 1722 neque
1394 1657 1651 1705 artificium
1667 1656 1821 1704 ullum

499 1753 603 1785 esse
628 1737 844 1796 dicendi,
868 1753 1028 1801 neque
1053 1753 1331 1801 quenquam
1354 1753 1514 1801 posse,
1544 1736 1635 1782 nisi
1661 1735 1743 1800 qui
1767 1734 1823 1782 il-

496 1814 562 1874 la,
587 1832 711 1879 quae
746 1833 775 1863 a
810 1815 1100 1863 doctissimis
1130 1815 1406 1862 hominibus
1436 1815 1487 1861 in
1514 1814 1822 1878 philosophia

498 1893 799 1952 dicerentur,
835 1902 1112 1957 cognosset,
1148 1901 1235 1941 aut
1270 1893 1462 1951 callide,
1503 1900 1588 1940 aut
1623 1893 1821 1956 copiose

497 1971 679 2020 dicere.
755 1972 816 2019 In
853 1973 1026 2036 quibus
1068 1972 1232 2020 dicere
1279 1972 1577 2020 Charmadas
1617 1971 1822 2030 solebat,

496 2048 752 2112 ingenium
782 2057 942 2109 tuum,
980 2049 1170 2108 Crasse,
1201 2049 1521 2097 vehementer
1558 2050 1822 2108 admirans,

474 2156 477 2158 -
498 2143 577 2174 me
602 2128 691 2175 sibi
715 2127 1000 2191 perfacilem
1022 2129 1074 2176 in
1099 2128 1363 2187 audiendo,
1380 2136 1431 2176 te
1454 2144 1822 2194 perpugnacem

497 2203 548 2250 in
568 2204 862 2268 disputando
888 2222 992 2253 esse
1015 2206 1189 2252 visum.

565 2281 794 2344 Tumque
831 2299 942 2345 ego,
972 2283 1064 2330 hac
1089 2283 1261 2330 eadem
1294 2283 1524 2347 opinione
1560 2283 1822 2344 adductus,

501 2359 669 2423 scripsi
707 2360 853 2407 etiam
894 2359 1016 2407 illud
1057 2360 1268 2423 quodam
1304 2361 1354 2407 in
1393 2360 1576 2420 libello,
1618 2362 1701 2425 qui
1740 2379 1821 2411 me

499 2437 811 2501 imprudente
848 2445 897 2486 et
920 2438 1074 2485 invito
1100 2438 1302 2497 excidit,
1328 2446 1378 2486 et
1399 2440 1624 2503 pervenit
1647 2440 1697 2487 in
1722 2457 1821 2488 ma-

499 2532 590 2563 nus
615 2516 887 2575 hominum,
927 2517 1151 2565 Disertos
1175 2533 1253 2565 me
1279 2533 1516 2582 cognosse
1541 2518 1820 2579 nonnullos,

498 2592 812 2658 eloquentem
837 2595 998 2643 adhuc
1021 2596 1300 2643 neminem:
1339 2597 1471 2659 quod
1502 2613 1614 2644 eum
1639 2606 1819 2646 statue-

496 2671 610 2719 bam
635 2672 889 2733 disertum,
915 2674 997 2738 qui
1020 2682 1185 2739 posset
1208 2674 1321 2722 satis
1345 2683 1489 2723 acute
1513 2685 1660 2740 atque
1695 2676 1818 2725 dilu-

499 2749 628 2808 cide,
643 2752 774 2815 apud
793 2752 1063 2801 mediocres
1082 2753 1320 2813 homines,
1346 2771 1407 2802 ex
1432 2755 1680 2803 communi
1704 2772 1819 2820 qua-

501 2826 612 2877 dam
635 2822 887 2881 hominum
911 2832 1159 2896 opinione,
1184 2833 1375 2896 dicere,
1403 2833 1714 2898 eloquentem
1737 2851 1817 2883 ve,
