2071 3508
342 2541 447 2604 64.

470 417 549 453 386
979 412 1056 452 DE
1086 412 1286 452 CLARIS

470 521 644 581 locuti,
679 528 996 570 revertamur.
1067 522 1374 586 Conjunctus
1409 520 1561 585 igitur
1591 520 1793 585 Sulpicii

472 601 622 649 aetati
664 600 717 648 P.
747 599 993 648 Antistius
1026 600 1140 658 fuit,
1180 600 1350 648 rabula
1374 616 1486 647 sane
1510 598 1796 664 probabilis,

473 679 556 744 qui
582 678 761 726 multos
783 695 897 726 cum
920 679 1155 726 tacuisset
1174 695 1340 735 annos,
1362 694 1522 741 neque
1543 675 1796 725 contemni

474 757 645 814 solum,
690 757 776 805 sed
799 757 989 804 irrideri
1015 757 1161 805 etiam
1188 756 1357 804 solitus
1383 764 1528 814 esset,
1568 755 1620 801 in
1643 755 1796 803 tribu-

472 843 593 884 natu
633 836 845 900 primum
887 843 1058 882 contra
1100 835 1155 882 C.
1182 834 1301 883 Julii
1338 834 1470 882 illam
1513 832 1797 882 consulatus

471 914 764 979 petitionem
781 913 1400 969 extraordinariam‚veram
1416 929 1612 961 causam
1627 925 1796 975 agens,

473 1000 548 1041 est
582 992 845 1055 probatus:
885 999 936 1039 et
973 1008 1031 1038 eo
1069 991 1241 1055 magis,
1284 991 1417 1055 quod
1452 991 1659 1038 eandem
1684 1005 1798 1038 cau-

475 1087 576 1118 sam
603 1085 716 1117 cum
742 1077 911 1132 ageret
936 1068 1038 1132 ejus
1065 1069 1255 1133 collega
1294 1069 1376 1117 ille
1407 1071 1509 1133 ipse
1536 1069 1796 1133 Sulpicius,

474 1149 556 1196 hic
581 1147 721 1212 plura
746 1154 796 1194 et
820 1147 1040 1194 acutiora
1070 1146 1281 1194 dicebat.
1353 1148 1529 1210 Itaque
1568 1148 1692 1211 post'
1715 1147 1802 1194 tri-

474 1228 716 1275 bunatum
739 1225 901 1289 primo
933 1224 1118 1273 inultae
1142 1225 1206 1273 ad
1230 1241 1342 1273 eum
1386 1241 1575 1280 causae,
1620 1224 1801 1272 deinde

476 1321 664 1362 omnes,
699 1303 942 1351 maximae
968 1320 1307 1366 quaecumque
1333 1313 1490 1361 eran-t,
1516 1302 1804 1352 defereban-

476 1389 573 1431 tur.
646 1383 775 1431 Rem
800 1383 1001 1431 videbat
1039 1390 1204 1441 acute,
1246 1384 1574 1447 componebat
1599 1382 1805 1447 diligen-

477 1468 583 1521 ter3
623 1461 859 1510 memoria
881 1460 1105 1508 valebat:
1142 1460 1304 1509 verbis
1345 1477 1443 1508 non
1484 1461 1566 1508 ille
1602 1461 1802 1525 quidem

477 1539 660 1588 ornatis
684 1541 934 1597 utebatur,
977 1539 1063 1587 sed
1100 1546 1266 1587 tamen
1291 1556 1390 1586 non
1416 1538 1633 1603 abjectis.
1705 1539 1803 1587 Ex-

477 1617 646 1682 pedita
688 1623 853 1664 autem
892 1623 1014 1674 erat,
1056 1623 1106 1663 et
1144 1615 1378 1680 perfacile
1406 1632 1605 1664 currens
1630 1617 1801 1667 oratio.

478 1695 546 1743 Et
570 1702 674 1743 erat
698 1693 801 1758 ejus
827 1693 1025 1757 quidem
1050 1702 1283 1758 tanquam
1317 1694 1513 1742 habitus
1549 1711 1647 1743 non
1671 1695 1804 1743 inur-

477 1775 634 1821 banus
653 1791 665 1820 :
692 1772 822 1820 actio
841 1771 1061 1835 paulum,
1082 1788 1193 1819 cum
1213 1772 1333 1819 vitio
1351 1773 1499 1828 vocis,
1527 1780 1633 1820 tum
1653 1774 1801 1821 etiam

480 1851 693 1915 ineptiis,
722 1851 1049 1899 claudicabat.
1106 1850 1204 1898 Hic
1222 1851 1523 1914 temporibus
1539 1851 1704 1900 floruit
1727 1852 1804 1910 iis„

482 1930 676 1994 quibus,
695 1930 824 1977 inter
842 1929 1200 1993 profectionem
1217 1928 1528 1992 reditumque
1548 1929 1606 1977 L.
1626 1930 1803 1994 Syllae,

482 2009 585 2057 sine
618 2009 731 2073 jure
755 2007 850 2056 fuit
891 2017 942 2056 et
983 2008 1085 2056 sine
1122 2007 1220 2054 ulla
1246 2007 1487 2071 dignita—te
1512 2009 1805 2073 respublica.

484 2088 600 2136 Hoc
626 2089 774 2136 etiam
800 2095 963 2135 autem
999 2086 1154 2150 magis
1190 2087 1506 2150 probabatur,
1544 2087 1678 2151 quod
1702 2097 1807 2136 erat

483 2168 543 2214 ab
581 2166 852 2214 oratoribus
877 2165 1119 2229 quaedam
1142 2165 1193 2211 in
1217 2164 1324 2211 foro
1350 2164 1578 2212 solitudo.
1650 2166 1807 2230 Sulpi-

485 2244 589 2291 cius
614 2243 884 2301 occidemt,
917 2243 1065 2290 Cotta
1089 2243 1274 2300 aberat,
1316 2251 1367 2290 et
1392 2243 1571 2290 Curio:
1611 2243 1808 2292 vivebat

485 2338 512 2368 e
537 2321 733 2385 reliquis
757 2320 974 2384 patronis
1000 2319 1102 2383 ejus
1121 2320 1294 2367 aetatis
1314 2336 1459 2367 nemo
1477 2329 1671 2383 praeter
1691 2322 1806 2369 Car-

483 2400 665 2448 bonem
686 2408 735 2447 et
754 2398 1079 2462 Pomponium
1097 2416 1109 2445 2
1148 2415 1353 2462 quorum
1374 2407 1636 2462 utrumque
1660 2398 1806 2448 facile

486 2479 760 2542 superabat.

554 2555 806 2603 Inferioris
830 2563 993 2603 autem
1021 2556 1193 2603 aetatis
1229 2564 1333 2604 erat
1366 2557 1617 2620 proximus
1653 2557 1712 2605 L.
1740 2558 1809 2606 Si-

487 2650 656 2691 senna,
705 2632 880 2680 doctus
921 2633 1010 2692 vir,
1053 2642 1103 2680 et
1144 2633 1316 2681 studiis
1357 2635 1552 2698 optimis
1593 2635 1806 2692 deditus,

486 2715 613 2761 bene
651 2712 828 2760 Latine
868 2712 1088 2775 loquens,
1131 2729 1311 2776 gnarus
1351 2713 1667 2777 reipublicae,
1708 2730 1809 2762 non

489 2792 592 2840 sine
616 2790 837 2840 facetiis:
876 2790 963 2838 sed
987 2807 1146 2855 neque
1169 2790 1347 2839 laboris
1377 2791 1534 2848 multi,
1574 2808 1668 2840 nec
1692 2791 1806 2840 satis

486 2878 705 2919 versatus
749 2870 802 2918 in
843 2869 1031 2934 causis3
1086 2868 1472 2934 interjectusque
1518 2870 1647 2920 inter
1688 2869 1808 2918 duas

2049 0 2071 965 ›vn-:RQQ

2067 1111 2069 1114 ,
2059 1077 2070 1098 ,ὲ
2056 962 2071 1069 ··-—‘‹—..14'
