2071 3508
435 437 486 475 94
909 433 985 472 DE
1015 433 1282 473 ORATORE

433 544 583 604 teris3
638 543 717 591 vel
753 551 810 591 ut
849 543 932 591 illa
955 543 1135 607 opinio,
1175 559 1300 607 quae
1336 558 1527 606 semper
1566 541 1755 599 fuisset,

434 622 702 679 tolleretur,
754 621 962 670 alterum
1003 638 1102 669 non
1142 620 1495 677 doctissimum,
1551 620 1760 669 alterum

432 701 578 765 plane
618 701 876 749 indoctum
913 699 1097 759 fuisse3
1152 698 1231 747 vel
1254 706 1311 746 ut
1335 715 1407 755 ea,
1448 715 1574 763 quae
1599 699 1763 747 existi-

434 795 618 828 marem
643 796 671 826 a
695 779 895 827 summis
932 778 1204 826 oratoribus
1241 777 1302 825 de
1338 777 1620 841 eloquentia
1644 777 1765 825 divi-

433 858 566 906 nitus
591 874 694 906 esse
720 858 867 913 dicta,
897 856 1195 905 custodirem
1218 854 1390 913 literis,
1427 855 1465 902 si
1489 855 1590 903 ullo
1613 855 1765 904 modo

435 937 625 1001 assequi
652 936 1014 1000 complectique
1038 934 1307 999 potuissem
1329 954 1342 993 3
1377 933 1457 982 vel
1481 933 1765 982 mehercule

437 1016 600 1071 etiam,
638 1023 695 1062 ut
728 1015 927 1062 laudem
964 1030 1149 1069 eorum,
1179 1012 1283 1077 jam
1317 1029 1470 1076 prope
1509 1029 1766 1061 senescen-

436 1102 556 1152 tem,
593 1100 832 1157 quantum
858 1108 952 1155 ego
992 1108 1204 1155 possem,
1240 1092 1300 1139 ab
1325 1090 1571 1139 oblivione
1611 1091 1766 1140 homi-

392 1205 402 1215 .
436 1188 555 1219 num
581 1181 729 1234 atque
765 1188 794 1218 a
818 1170 1012 1218 silentio
1047 1169 1366 1217 vindicarem.
1460 1170 1591 1218 Nam
1627 1170 1667 1217 si
1705 1186 1768 1219 ex

435 1250 629 1313 scriptis
655 1249 889 1312 cognosci
913 1248 1004 1313 ipsi
1029 1249 1126 1295 suis
1149 1248 1444 1311 potuissent,
1478 1248 1640 1296 minus
1671 1249 1768 1298 hoc

434 1328 639 1377 fortasse
681 1327 801 1375 mihi
841 1344 945 1375 esse
981 1334 1230 1391 putassem
1270 1326 1627 1375 laborandum:
1679 1327 1768 1376 sed

436 1423 549 1455 cum
575 1407 698 1455 alter
721 1424 822 1455 non
847 1406 1072 1462 multum,
1119 1405 1277 1471 (quod
1302 1405 1502 1470 quidem
1527 1406 1767 1469 exstaret)

436 1494 488 1533 et
527 1485 579 1532 id
618 1486 779 1550 ipsum
815 1485 1133 1544 adolescens;
1191 1483 1313 1532 alter
1353 1483 1476 1530 nihil
1500 1483 1769 1533 admodum

437 1564 606 1628 scripti
642 1564 951 1628 reliquisset;
991 1563 1172 1611 debere
1208 1562 1304 1611 hoc
1341 1579 1369 1610 a
1403 1578 1482 1610 me
1510 1563 1661 1610 tantis
1683 1563 1770 1613 ho-

437 1643 626 1689 minum
667 1642 877 1706 ingeniis
919 1641 1104 1706 putavi,
1158 1648 1233 1699 ut,
1287 1656 1402 1688 cum
1444 1640 1592 1688 etiam
1632 1657 1767 1691 nunc

437 1721 597 1768 vivam
638 1720 832 1769 illorum
874 1720 1160 1768 memoriam
1195 1727 1491 1774 teneremus,
1528 1718 1658 1768 hanc
1681 1720 1768 1768 im-

395 1835 405 1845 .
438 1801 696 1849 mortalem
731 1801 1009 1859 redderem,
1046 1802 1084 1848 si
1118 1817 1329 1864 possem.
1402 1800 1554 1857 Quod
1589 1800 1686 1850 hoc
1722 1818 1770 1850 e-

436 1881 557 1927 tiam
582 1897 666 1944 spe
691 1881 953 1944 aggredior
977 1879 1161 1944 majore
1199 1879 1261 1927 ad
1296 1880 1621 1944 probandum,
1657 1880 1771 1945 quia

437 1975 537 2007 non
564 1959 625 2007 de
652 1959 804 2007 Servii
832 1959 1042 2018 Galbae,
1079 1966 1165 2006 aut
1190 1958 1248 2006 C.
1276 1958 1514 2006 Carbonis
1538 1958 1770 2023 eloquen-

437 2037 505 2084 tia
529 2038 690 2085 scribo
715 2037 914 2101 aliquid,
953 2039 1005 2085 in
1041 2055 1138 2102 quo
1162 2037 1311 2086 liceat
1346 2037 1465 2084 mihi
1489 2036 1694 2102 fingere,
1731 2041 1770 2088 si

436 2116 556 2178 quid
582 2116 746 2174 velim,
770 2116 950 2163 nullius
976 2116 1211 2164 memoria
1230 2114 1335 2179 jam
1351 2114 1608 2165 refellente
1629 2137 1643 2177 3
1682 2119 1770 2167 sed

437 2194 531 2242 edo
555 2193 678 2241 haec
703 2195 760 2241 iis
787 2195 1152 2257 cognoscenda,
1187 2195 1270 2258 qui
1296 2211 1377 2243 eos
1402 2195 1551 2258 ipsos,
1577 2195 1639 2244 de
1664 2197 1768 2260 qui-

434 2273 526 2319 bus
562 2271 750 2336 loquor,
789 2289 934 2337 saepe
970 2274 1264 2333 audierunt3
1302 2282 1359 2322 ut
1395 2274 1518 2322 duos
1553 2290 1770 2325 summos

436 2350 563 2397 viros
588 2351 661 2406 iis,
701 2351 783 2414 qui
819 2359 1051 2399 neutrum
1086 2351 1282 2399 illorum
1306 2351 1538 2411 viderint,
1578 2368 1766 2412 eorum,

436 2429 613 2491 quibus
653 2431 798 2476 ambo
831 2428 900 2476 illi
926 2437 1142 2477 oratores
1175 2429 1362 2494 cogniti
1388 2429 1503 2488 sint,
1543 2430 1768 2481 vivorum

437 2516 487 2555 et
510 2509 842 2571 praesentium
868 2509 1103 2557 memoria
1126 2516 1253 2556 teste
1279 2509 1699 2558 commendemus.

502 2587 611 2634 Nec
648 2604 765 2635 vero
800 2595 869 2646 te,
912 2587 1157 2635 carissime
1192 2586 1344 2635 frater
1378 2595 1526 2651 atque
1562 2589 1767 2653 optime,

392 2695 401 2706 -
436 2665 691 2714 rhetoricis
718 2683 851 2714 nunc
877 2666 1168 2730 quibusdam
1192 2666 1344 2725 libris,
1379 2683 1499 2730 quos
1523 2674 1580 2715 tu
1604 2684 1764 2732 agres-

434 2751 509 2791 tes
533 2753 690 2808 putas,
729 2746 960 2810 insequor
983 2753 1040 2793 ut
1065 2745 1316 2793 erudiam:
1356 2746 1501 2810 (quid
1525 2747 1656 2795 enim
1679 2755 1766 2796 tua

434 2825 598 2883 potest
622 2824 841 2873 oratione
866 2832 951 2872 aut
977 2823 1201 2872 subtilius
1237 2831 1322 2871 aut
1356 2825 1574 2873 ornatius
1599 2842 1703 2874 esse
1720 2825 1764 2887 ?)

434 2900 521 2947 sed
547 2917 823 2966 quanquam
843 2901 1160 2966 sivejudiciO,
1182 2910 1239 2951 ut
1262 2901 1394 2952 soleo
1414 2904 1609 2966 dicere3
1643 2904 1763 2964 sive,
