2071 3508
1167 293 1186 310 0

681 410 849 450 LIBER
879 409 1185 451 SECUNDUS.
1531 416 1608 453 103

278 520 396 569 dum
437 535 495 569 ea
530 520 878 584 reperirentur,
918 537 1112 585 possem
1147 520 1286 569 vobis
1324 523 1604 585 exponere!

278 597 375 645 Sed
415 597 477 645 de
518 615 596 646 me
632 598 831 647 videro:
876 615 1010 648 nunc
1052 599 1148 648 hoc
1189 615 1431 664 propono,
1471 599 1604 662 quod

274 674 391 722 mihi
415 675 650 740 persuasi,
676 677 896 740 quamvis
932 693 1007 724 ars
1032 692 1131 724 non
1162 678 1242 736 sit,
1278 686 1446 727 tamen
1482 676 1603 724 nihil

271 769 375 802 esse
415 754 640 819 perfecto
678 765 869 805 oratore
904 757 1216 822 praeclarius.
1280 759 1430 817 Nam,
1471 766 1528 806 ut
1551 774 1606 805 u-

270 849 376 881 sum
402 833 602 883 dicendi
628 836 873 895 omittam,
910 837 992 902 qui
1029 836 1079 883 in
1105 838 1238 884 omni
1262 846 1438 902 pacata
1464 844 1514 885 et
1548 836 1604 883 li-

266 911 385 960 bera
409 914 610 962 civitate
636 915 935 975 dominatur,
973 924 1112 964 tanta
1136 916 1405 965 oblectatio
1440 923 1516 964 est
1549 915 1604 962 in

268 988 372 1054 ipsa
395 990 633 1042 facultate
659 993 874 1052 dicendi,
901 1003 959 1043 ut
982 995 1104 1044 nihil
1128 995 1384 1043 hominum
1409 1002 1495 1043 aut
1519 1011 1603 1042 au-

268 1069 420 1130 ribus,
458 1080 544 1120 aut
584 1074 852 1134 mentibus,
881 1074 1154 1140 jucundius
1195 1075 1383 1140 percipi
1430 1075 1601 1142 possit.

271 1148 372 1206 Qui
397 1151 528 1199 enim
549 1162 723 1201 cantus
748 1154 1031 1203 moderatae
1057 1154 1291 1204 orationis
1314 1146 1600 1219 pronuntia·
1632 1160 1711 1199 34„

270 1227 405 1277 tione
431 1230 623 1280 dulcior
647 1233 855 1281 inveniri
879 1242 1043 1299 potest
1064 1234 1080 1282 ?
1112 1235 1246 1298 quod
1265 1249 1463 1282 carmen
1488 1233 1602 1280 arti-

211 1322 216 1327 ·
270 1305 435 1356 ficiosa
474 1313 736 1359 verborum
776 1313 1094 1362 conclusione
1119 1313 1317 1378 aptius?
1354 1313 1437 1377 qui
1462 1321 1602 1360 actor

269 1384 320 1431 in
346 1386 762 1451 imitanda,quam
780 1398 943 1437 orator
966 1393 1017 1438 in
1043 1391 1357 1452 suscipienda
1374 1391 1602 1448 veritate,

260 1461 567 1525 jucundior?
606 1465 743 1521 Quid
778 1472 945 1512 autem
971 1466 1215 1523 subtilius,
1253 1481 1399 1528 quam
1426 1475 1602 1515 acutae

269 1542 568 1606 crebraeque
588 1543 890 1591 sententiae?
929 1542 1065 1599 Quid
1080 1542 1433 1602 admirabilius,
1453 1559 1602 1606 quam

265 1633 342 1665 res
367 1619 627 1683 splendore
652 1620 892 1668 illustrata
909 1620 1207 1668 verborum?
1244 1620 1364 1683 quid
1387 1621 1602 1685 plenius,

266 1712 413 1760 quam
438 1698 572 1745 omni
597 1715 760 1746 rerum
784 1714 969 1763 genere
995 1697 1245 1746 cumulata
1269 1699 1463 1748 oratio?
1500 1701 1602 1749 Ne-

267 1791 362 1839 que
387 1777 519 1824 enim
545 1777 644 1825 ulla
667 1794 766 1826 non
791 1778 989 1843 propria
1013 1778 1217 1827 oratoris
1243 1786 1318 1826 est
1341 1795 1437 1838 res,
1474 1796 1600 1844 quae

265 1854 468 1924 quidem
493 1864 664 1905 ornate
690 1857 789 1905 dici
813 1858 1127 1922 graviterque
1153 1857 1348 1907 debeat.

335 1933 500 1999 Hujus
526 1943 601 1984 est
624 1935 674 1982 in
701 1936 866 1984 dando
887 1936 1092 1984 consilio
1118 1935 1180 1984 de
1205 1937 1431 1985 maximis
1455 1939 1601 1987 rebus
1634 1929 1696 1991 9.

268 2028 382 2061 cum
421 2012 664 2076 dignitate
703 2013 950 2078 explicata
987 2014 1265 2062 sententia:
1305 2014 1525 2079 ejusdem
1551 2025 1603 2065 et
1634 2022 1713 2062 35.

265 2091 548 2155 languentis
571 2091 742 2156 populi
766 2092 1010 2151 incitatio,
1047 2101 1098 2140 et
1134 2092 1356 2142 effi-enati
1381 2095 1603 2143 modera-

266 2171 352 2219 tio.
425 2169 614 2217 Eadem
638 2169 877 2218 facultate
903 2178 954 2218 et
970 2169 1103 2219 fraus
1127 2171 1384 2220 hominum
1409 2173 1472 2221 ad
1495 2191 1604 2238 per-

267 2248 468 2306 niciem,
499 2255 549 2295 et
580 2248 838 2312 integritas
860 2248 925 2301 ,ad
951 2248 1159 2298 salutem
1183 2258 1406 2299 vocatur.
1479 2253 1603 2309 Quis

267 2327 512 2376 cohortari
537 2327 602 2375 ad
624 2328 859 2376 virtutem
885 2328 1156 2388 ardentius,
1192 2330 1302 2396 quis
1338 2347 1366 2378 a
1400 2330 1531 2378 vitiis
1555 2348 1603 2379 a-

268 2407 397 2455 crius
422 2423 674 2466 revocare,
716 2408 823 2472 quis
848 2408 1126 2474 vituperare
1151 2409 1399 2474 improbos
1423 2409 1603 2473 asperi-

267 2502 343 2544 us,
385 2486 492 2550 quis
529 2485 730 2534 laudare
771 2488 926 2535 bonos
963 2489 1200 2546 ornatius,
1226 2488 1334 2551 quis
1359 2487 1603 2551 cupidita-

266 2573 369 2613 tem
407 2564 749 2612 vehementius
796 2564 1024 2630 frangere
1072 2564 1352 2614 accusando
1398 2564 1601 2628 potest?

267 2643 376 2708 quis
414 2659 687 2691 moerorem
723 2643 886 2691 levare
921 2644 1087 2696 mitius
1118 2643 1456 2692 consolando?
1508 2643 1600 2692 Hi·
1633 2652 1710 2693 36.

269 2722 418 2771 storia
441 2737 576 2780 vero,
617 2721 755 2768 testis
780 2728 1076 2784 temporum,
1117 2720 1203 2768 lux
1227 2721 1465 2781 veritatis,
1500 2723 1603 2771 vita

268 2802 553 2860 memoriae,
578 2801 811 2865 magistra
833 2799 983 2858 vitae,
1007 2800 1182 2848 nuntia
1203 2801 1481 2861 vetustatis,
1505 2818 1604 2867 qua

267 2897 391 2930 voce
433 2879 545 2941 alia,
582 2879 675 2928 nisi
712 2878 935 2939 oratoriS,
971 2878 1328 2928 immortalitati
1353 2895 1602 2930 commen-

1115 2973 1146 3004 G
1172 2964 1203 3004 4
