2071 3508
794 873 1501 937 ANNOTATIONES

1110 1121 1158 1147 IN

1010 1344 1292 1395 TOPICA.

537 1766 632 1817 Pag.
654 1768 746 1805 486.
774 1765 839 1802 lin.
860 1767 924 1803 24.
984 1764 1076 1803 Cum
1098 1763 1157 1803 lex
1176 1765 1361 1815 assidua]
1424 1764 1536 1804 Haec
1554 1766 1671 1804 verba
1687 1758 1798 1807 Αὲῑία

485 1833 628 1880 Sentia,
657 1844 754 1883 quae
776 1830 984 1878 Victorius,
1014 1831 1228 1877 Manutius,
1249 1831 1440 1869 Gruterus
1458 1831 1522 1869 hic
1551 1831 1800 1880 admiserunt,

480 1899 700 1937 inducenda
732 1905 866 1936 censet
884 1910 930 1935 ac
950 1897 1120 1935 tollenda
1138 1897 1363 1944 Lambinus,
1394 1910 1508 1948 quem
1540 1897 1723 1936 Prusteus
1741 1912 1800 1938 se-

481 1974 593 2005 cutus
617 1973 687 2003 est.
745 1964 964 2002 Praeiverat
997 1963 1217 2009 Goveanus,
1253 1964 1317 2014 qui
1350 1971 1455 2002 certe
1490 1977 1568 2001 non
1599 1965 1801 2016 ignorabat

482 2033 627 2072 Aeliam
650 2031 816 2070 Sentiam
836 2044 914 2069 non
933 2031 1005 2068 nisi
1038 2031 1168 2069 multis
1199 2038 1286 2082 post
1307 2031 1505 2069 Ciceronis
1525 2031 1671 2070 obitum
1690 2032 1800 2072 annis

479 2100 664 2139 sancitam
683 2099 812 2145 fuisse,
842 2111 942 2136 anno
962 2097 1110 2137 scilicet
1131 2109 1278 2136 DCCLV.
1336 2097 1570 2136 Omvmus.
1628 2098 1715 2136 Lex
1740 2106 1800 2138 est

479 2166 683 2205 duodecim
703 2165 853 2211 tabulis,
888 2164 1212 2216 quemadmodum
1247 2171 1409 2203 testatur
1438 2165 1600 2212 Gellius,
1632 2165 1696 2203 lib.
1721 2166 1800 2206 xvi.

479 2247 512 2272 c.
537 2237 597 2272 10.
624 2233 669 2270 iis
696 2231 821 2270 verbis
849 2230 1004 2281 scripta,
1036 2232 1227 2269 Assmuo
1254 2242 1462 2269 Assmuus
1483 2243 1645 2269 vaEx
1672 2243 1800 2270 ESTo:

478 2310 752 2338 PROLETAmo
782 2309 873 2336 CIVI
903 2309 1050 2338 QUIVIS
1080 2309 1217 2335 VOLET
1243 2310 1404 2335 vaDEx
1424 2310 1538 2336 Esro.
1596 2298 1716 2348 Cujus
1743 2298 1799 2336 vis

479 2374 519 2405 et
538 2365 729 2404 sententia
747 2365 845 2403 haec
865 2371 946 2402 est:
975 2363 1190 2415 Locuplete
1223 2363 1423 2414 fidejussor
1450 2364 1622 2415 locuples
1651 2364 1713 2411 sit,
1741 2364 1798 2402 in-

478 2434 540 2485 opi
562 2432 693 2484 quivis.
750 2431 1001 2469 GOVEANUS.

534 2500 626 2551 Pag.
647 2501 738 2537 489.
767 2497 831 2535 lin.
853 2499 916 2536 20.
971 2510 1058 2534 usus
1086 2496 1292 2534 auctoritas
1304 2497 1473 2548 fiendi]
1533 2497 1620 2535 Lex
1649 2497 1797 2536 duode-

479 2568 553 2605 cim
573 2565 808 2604 Tabularum
827 2572 907 2602 est:
944 2563 1056 2602 Usus
1088 2575 1362 2602 AUCTomTAs
1396 2575 1528 2602 FUNDI
1562 2575 1796 2612 BIENNIUM,

478 2644 740 2671 CETERARUM
763 2642 912 2669 RERUM
933 2642 1048 2676 USUS,
1069 2641 1213 2668 ANNUS
1233 2642 1348 2668 ESTo.

530 2698 628 2736 Ibid.
656 2698 720 2736 lin.
741 2701 804 2736 31.
860 2697 968 2735 aedes
994 2696 1060 2748 qui
1077 2696 1338 2748 protexisset]
1400 2695 1609 2747 Protegere
1636 2702 1694 2734 est
1712 2701 1795 2734 tec-

477 2773 559 2802 tum
576 2765 780 2816 projicere,
810 2763 934 2816 inquit
962 2763 1164 2802 Budaeus:
1192 2770 1369 2815 protecta
1397 2771 1437 2802 et
1466 2765 1639 2815 projecta
1665 2770 1795 2814 partes

478 2838 566 2870 sunt
586 2832 720 2870 domus
745 2831 1020 2883 prominentes,
1040 2830 1167 2883 qualia
1184 2838 1274 2870 sunt
1292 2830 1482 2877 meniana,
1509 2838 1549 2870 et
1567 2829 1682 2882 podia
1700 2843 1795 2882 pen-
