2071 3508
732 373 1105 418 ORATORIBUS.
1507 381 1584 421 367

254 486 471 537 Dicebat
505 488 652 536 etiam
689 486 750 534 L.
778 487 943 550 Scipio
979 503 1078 534 non
1115 485 1372 549 imperite:
1426 486 1583 536 Cnae-

252 582 406 632 usque
434 567 712 631 Pompeius,
739 565 877 613 Sexti
901 563 1046 622 filius,
1083 564 1295 628 aliquem
1321 579 1582 612 numerum

252 647 522 695 obtinebat.
594 645 723 692 Nam
761 644 958 702 Sextus,
994 642 1146 691 frater
1177 642 1295 707 erS‚
1334 651 1584 706 praestan-

252 725 492 771 tissimum
519 723 774 787 ingenium
801 721 1082 770 contulerat
1113 722 1175 769 ad
1200 738 1438 769 summam
1456 721 1584 786 juris

252 801 424 859 civilis,
467 811 517 850 et
564 802 626 850 ad
666 801 941 866 perfectam
982 802 1285 865 geometriae
1322 809 1372 849 et
1419 817 1584 849 rerum

250 879 526 928 Stoicarum
552 881 826 929 scientiam.
900 880 1028 928 Item
1055 880 1104 927 in
1121 879 1254 944 jure,
1280 889 1331 928 et
1355 889 1469 928 ante
1495 881 1584 930 hos

250 958 327 1006 M.
355 959 556 1020 Brutus,
594 969 644 1008 et
678 960 826 1025 paulo
861 968 973 1024 post
998 977 1109 1008 eum
1139 960 1196 1008 C.
1225 960 1462 1020 Bilienus‚
1497 962 1584 1010 bo-

246 1055 330 1087 mo
355 1056 443 1104 per
468 1056 518 1088 se
545 1057 771 1106 magnus,
796 1057 950 1105 prope
975 1040 1119 1088 simili
1144 1041 1334 1089 ratione
1365 1058 1585 1091 summus

249 1127 503 1168 evaserat:
544 1121 627 1184 qui
665 1120 837 1168 consul
866 1119 1028 1168 factus
1053 1128 1198 1178 esset,
1236 1121 1327 1168 nisi
1354 1121 1404 1168 in
1434 1121 1585 1169 Mari-

247 1215 368 1247 anos
405 1200 708 1259 consulatus,
747 1209 798 1248 et
838 1201 888 1247 in
927 1216 1006 1248 eas
1043 1200 1297 1264 petitionis
1333 1202 1585 1265 angustias

248 1279 519 1328 incidisset.
592 1279 684 1328 Cn.
712 1288 879 1328 autem
906 1279 1105 1328 Octavii
1132 1279 1428 1344 eloquentia,
1458 1298 1584 1345 quae

247 1356 412 1407 fuerat
447 1367 563 1407 ante
603 1359 914 1407 consulatum
953 1359 1196 1423 ignorata,
1235 1360 1284 1407 in
1323 1360 1584 1409 consulatu

247 1438 417 1486 multis
442 1438 766 1487 concionibus
782 1446 855 1486 est
872 1437 1192 1487 vehementer
1210 1441 1430 1504 probata.
1487 1441 1586 1489 Sed

249 1519 310 1566 ab
337 1518 424 1576 eis,
451 1518 534 1582 qui
558 1526 754 1566 tantum
779 1518 829 1564 in
857 1517 1131 1566 dicentium
1158 1535 1379 1583 numero,
1408 1536 1507 1567 non
1532 1521 1585 1568 in

249 1607 499 1646 oratorum
523 1597 745 1656 fuerunt,
775 1596 881 1661 jam
919 1597 983 1645 ad
1021 1606 1242 1646 oratores
1262 1607 1582 1648 revertamur.

249 1677 462 1737 Censeo,
487 1678 648 1742 inquit
674 1677 894 1726 Atticus.
966 1676 1270 1741 Eloquentes
1296 1679 1427 1727 enim
1453 1679 1586 1728 vide-

246 1760 384 1817 bare,
410 1774 510 1805 non
535 1757 731 1806 sedulos
756 1757 882 1806 velle
908 1759 1216 1821 conquirere.

315 1838 605 1887 Festivitate
631 1838 800 1902 igitur,
839 1845 889 1884 et
920 1835 1131 1895 facetiis,
1167 1838 1388 1902 inquam,
1416 1840 1473 1888 C.
1499 1841 1585 1890 Ju-
1617 1819 1725 1882 48,

249 1919 361 1977 lius,
389 1919 446 1967 L.
473 1919 618 1977 filius,
645 1927 696 1966 et
720 1917 1070 1982 supe1·ioribUS‚
1102 1926 1152 1965 et
1177 1919 1462 1983 aequalibus
1489 1922 1586 1969 suis

250 1999 479 2048 omnibus
519 1998 784 2063 praestitit,
826 2004 1086 2061 oratorque
1128 1996 1224 2045 fuit
1265 1998 1467 2047 minime
1503 1999 1585 2048 ille

251 2078 455 2142 quidem
474 2078 759 2135 vehemens,
780 2075 866 2123 sed
885 2092 1033 2123 nemo
1052 2092 1269 2140 unquam
1287 2078 1585 2139 urbanitate,

250 2173 399 2206 nemo
440 2157 626 2222 lepore,
665 2173 815 2204 nemo
848 2156 1089 2204 suavitate
1126 2156 1388 2205 conditior.
1461 2159 1587 2207 Sunt

253 2235 358 2301 ejus
383 2236 571 2300 aliquot
595 2234 861 2292 orationes,
899 2249 960 2281 ex
986 2234 1179 2296 quibus,
1208 2234 1336 2282 sicut
1374 2250 1436 2284 ex
1463 2236 1585 2302 ejus-

253 2314 367 2364 dem
393 2313 680 2379 tragoediis,
715 2313 892 2362 lenitas
923 2311 1027 2376 ejus
1053 2313 1157 2360 sine
1184 2314 1347 2361 nervis
1370 2316 1583 2380 perspici

249 2403 429 2460 potest.
502 2393 621 2458 Ejus
657 2392 872 2456 aequalis
916 2391 969 2439 P.
1009 2391 1283 2456 Cethegus,
1320 2394 1399 2441 cui
1426 2394 1488 2442 de
1514 2411 1586 2442 re-

251 2474 451 2539 publica
475 2473 592 2520 satis
614 2471 962 2536 suppeditabat
997 2471 1168 2518 oratio.
1241 2471 1421 2520 Totam
1454 2474 1585 2521 enim

254 2553 457 2600 tenebat
499 2567 626 2609 eam,
661 2550 958 2614 penitusque
995 2557 1250 2614 cognorat.
1323 2550 1499 2615 Itaque
1534 2552 1587 2599 in

253 2637 429 2679 senatu
454 2627 783 2676 consularium
820 2628 1166 2675 auctoritatem
1202 2630 1585 2691 assequebatur;

254 2708 342 2757 sed
366 2708 416 2754 in
443 2707 601 2755 causis
624 2705 835 2770 publicis
861 2704 999 2764 nihil,
1019 2705 1068 2751 in
1088 2705 1290 2768 privatis
1315 2707 1428 2753 satis
1454 2717 1587 2757 vete-

252 2797 386 2836 rator
410 2785 685 2833 videbatur.
757 2783 878 2831 Erat
912 2783 962 2830 in
988 2783 1188 2847 privatis
1214 2784 1371 2832 causis
1398 2786 1461 2843 Q.
1489 2786 1587 2835 Lu-

256 2868 439 2917 cretius
466 2864 688 2931 Vespillo
714 2873 763 2915 et
789 2872 964 2914 acutus
990 2872 1041 2913 et
1056 2862 1385 2929 jurisperitus.
1458 2867 1585 2915 Nam
