2071 3508
716 412 881 451 LIBER
903 411 1210 452 SECUNDUS.
1579 421 1629 458 93

298 541 428 582 cere,
477 530 526 571 et
565 530 842 569 nostrorum
884 520 1140 568 hominum
1180 522 1233 568 in
1269 521 1402 569 omni
1443 540 1627 587 genere

293 601 603 667 prudentiam
630 599 837 648 Graecis
863 600 1109 649 anteferre
1131 619 1142 648 :
1182 600 1434 649 Antonius
1460 612 1625 651 autem

290 681 668 748 probabiliorem
692 679 787 728 hoc
820 680 1004 745 populo
1027 682 1301 730 orationem
1326 681 1431 730 fore
1459 700 1627 731 cense-

290 763 374 812 bat
398 777 549 816 suam,
590 759 628 808 si
661 760 863 809 omnino
888 760 1118 809 didicisse
1143 778 1397 826 nunquam
1429 771 1628 826 putare-

288 848 369 888 tur
390 858 401 888 :
441 848 589 904 atque
613 839 682 887 ita
707 856 757 888 se
794 848 1004 904 uterque
1029 842 1311 906 graviorem
1336 842 1457 899 fore,
1497 843 1536 890 si
1561 842 1628 891 al-

286 929 363 968 ter
383 928 724 976 contemnere,
764 919 888 968 alter
911 936 973 968 ne
1006 937 1148 969 nosse
1174 921 1377 986 quidem
1404 921 1628 971 Graecos

289 998 559 1046 videretur.

355 1077 581 1134 Quorum
607 1078 866 1126 consilium
893 1080 1035 1144 quale
1061 1079 1229 1140 fuerit,
1265 1081 1388 1129 nihil
1421 1098 1536 1131 sane
1562 1083 1625 1131 ad
1656 1089 1703 1129 5.

284 1157 381 1205 hoc
405 1165 617 1222 tempus,
707 1157 839 1206 Illud
875 1168 1042 1208 autem
1079 1168 1153 1208 est
1187 1159 1332 1224 hujus
1367 1160 1624 1210 institutae

286 1236 564 1301 scriptionis
608 1253 666 1285 ac
713 1238 964 1302 temporis,
1033 1240 1283 1288 neminem
1322 1239 1624 1304 eloquentia,

284 1332 385 1364 non
421 1316 570 1363 modo
609 1316 712 1364 sine
756 1317 957 1366 dicendi
1000 1318 1244 1377 doctrina,
1292 1319 1381 1367 sed
1418 1336 1480 1368 ne
1519 1321 1623 1370 sine

285 1395 419 1443 omni
445 1394 646 1459 quidem
671 1396 928 1460 sapientia,
964 1397 1139 1445 florere
1163 1414 1383 1462 unquam
1413 1405 1464 1446 et
1485 1415 1624 1463 prae-

283 1482 411 1523 stare
448 1475 683 1539 potuisse.
755 1476 956 1524 Etenim
1000 1485 1225 1525 caeterae
1261 1476 1365 1525 fere
1402 1486 1530 1526 artes
1572 1497 1623 1528 se
1658 1460 1719 1521 Q·

281 1553 414 1618 ipsae
437 1570 527 1618 per
551 1571 602 1602 se
640 1562 846 1603 tuentur
881 1555 1134 1620 singulae:
1171 1557 1301 1604 bene
1338 1556 1504 1605 dicere
1540 1576 1623 1607 au-

279 1641 401 1691 tem,
438 1633 573 1696 quod
598 1641 672 1681 est
697 1633 926 1691 scienter,
965 1642 1017 1682 et
1050 1634 1226 1699 perite,
1264 1643 1315 1684 et
1350 1644 1522 1685 ornate
1552 1637 1623 1685 di-

281 1728 410 1769 cere,
461 1728 562 1760 non
601 1712 751 1761 habet
790 1712 1045 1761 definitam
1084 1713 1297 1779 aliquam
1347 1715 1620 1780 regionem,

279 1791 418 1857 cujus
457 1792 680 1841 terminis
722 1800 862 1858 septa
898 1802 1143 1842 teneatur.
1233 1794 1436 1854 Omnia,
1476 1813 1622 1860 quae-

278 1889 477 1937 cunque
502 1873 553 1919 in
577 1872 835 1920 hominum
869 1873 1284 1938 disceptationem
1310 1874 1487 1923 cadere
1511 1892 1622 1940 pos-

278 1959 408 2009 sunt,
459 1953 589 2001 bene
631 1960 747 2000 sunt
782 1952 828 2000 ei
871 1952 1098 2010 dicenda,
1138 1953 1222 2017 qui
1256 1953 1353 2001 hoc
1390 1971 1441 2001 se
1476 1971 1619 2019 posse

276 2030 550 2095 profitetur,
612 2039 699 2079 aut
746 2031 1060 2095 eloquentiae
1108 2049 1291 2080 nomen
1339 2032 1618 2098 relinquen-

278 2110 396 2158 dum
423 2119 513 2159 est.
586 2110 755 2168 Quare
781 2112 1013 2175 equidem
1050 2120 1101 2160 et
1124 2113 1175 2160 in
1204 2120 1373 2160 nostra
1397 2113 1614 2171 civitate,
1633 2120 1679 2162 6.

277 2197 328 2238 et
367 2189 419 2238 in
457 2190 562 2255 ipsa
598 2189 827 2246 Graecia,
873 2207 998 2254 quae
1034 2207 1228 2256 semper
1262 2191 1389 2239 haec
1428 2209 1619 2241 summa

277 2269 436 2327 duxit,
480 2268 662 2317 multos
688 2277 739 2317 et
761 2269 974 2333 ingeniis
1001 2277 1050 2318 et
1074 2286 1255 2334 magna
1271 2269 1424 2319 laude
1451 2271 1618 2320 dicen-

276 2348 342 2405 di,
381 2349 486 2397 sine
528 2364 719 2396 summa
756 2364 919 2396 rerum
963 2350 1185 2397 omnium
1227 2350 1435 2398 scientia
1464 2349 1616 2400 fuisse

272 2425 465 2476 fateor:
503 2427 655 2476 talem
687 2444 805 2476 vero
831 2428 1042 2477 existere
1068 2428 1419 2493 eloquentiam,
1460 2430 1616 2494 qualis

274 2506 426 2555 fuerit
449 2507 500 2554 in
527 2507 718 2564 Crasso,
747 2515 797 2555 et
823 2507 1064 2564 Antonio,
1103 2524 1204 2556 non
1230 2509 1443 2573 cognitis
1467 2511 1615 2558 rebus

275 2586 519 2642 omnibus,
564 2602 690 2650 quae
729 2586 792 2633 ad
815 2595 1005 2634 tantam
1046 2587 1362 2651 prudentiam
1399 2588 1613 2653 pertine-

274 2672 401 2721 rent,
440 2672 729 2729 tantamque
759 2666 959 2713 dicendi
986 2667 1199 2730 copiam,
1236 2676 1420 2731 quanta
1444 2667 1494 2713 in
1519 2667 1612 2715 illis

273 2743 439 2801 fuerit,
478 2760 578 2792 non
613 2744 832 2809 potuisse
868 2743 1120 2792 confirmo.
1193 2745 1309 2802 Quo
1342 2745 1488 2793 etiam
1513 2745 1673 2799 feciT.

272 2822 522 2880 libentius,
554 2831 610 2872 ut
636 2840 750 2872 eum
775 2840 1065 2880 sermonem,
1094 2840 1240 2888 quem
1266 2823 1335 2871 illi
1361 2825 1610 2890 quondam

275 2901 405 2951 inter
429 2919 479 2952 se
505 2902 567 2952 de
608 2903 683 2952 his
720 2905 866 2954 rebus
908 2903 1210 2964 habuissent,
1248 2905 1533 2954 mandarem
1556 2904 1610 2952 li-
