2071 3508
310 603 422 644 200.

324 1305 436 1345 2201.

352 2734 459 2771 ¹202).

452 489 533 526 294
930 485 1007 538 DE
1037 484 1306 524 ORATORE

457 594 545 643 sed
568 593 806 659 sanguine
833 593 1056 654 diffusus,
1092 594 1242 643 debet
1267 592 1417 642 color.
1490 592 1621 640 Tum
1656 592 1791 640 deni-

457 691 553 739 que
590 674 729 722 nobis
770 673 850 721 hic
888 681 1050 721 orator
1091 674 1161 721 ita
1203 673 1585 722 conformandus
1626 679 1702 720 est
1741 678 1793 719 et

456 753 619 814 verbis
672 739 723 801 et
768 752 1041 808 sententiis,
1101 759 1177 810 ut,
1236 751 1654 815 quemadmodum
1711 750 1796 815 qui

461 839 670 880 utuntur
710 831 855 879 armis
891 838 978 878 aut
1011 829 1267 894 palaestra,
1304 846 1405 877 non
1430 829 1586 878 solum
1612 829 1703 878 sibi
1726 829 1797 876 vi-

462 911 602 959 tandi
638 918 724 958 aut
762 909 973 957 feriendi
1009 909 1251 970 rationem
1277 924 1382 959 esse
1406 908 1685 956 habendam
1709 925 1797 973 pu-

464 997 592 1048 tant,
628 988 715 1036 sed
740 988 907 1046 etiam,
942 995 999 1035 ut
1035 1004 1149 1035 cum
1190 994 1449 1045 venustate
1474 995 1796 1035 moveantur:

466 1068 536 1116 sic
577 1068 738 1116 verbis
780 1066 981 1130 quidem
1023 1067 1086 1115 ad
1110 1074 1275 1131 aptam
1318 1066 1724 1131 compositionem
1750 1072 1803 1114 et

467 1146 765 1202 decentiam,
804 1144 1062 1192 sententiis
1085 1162 1203 1193 vere
1229 1145 1292 1193 ad
1306 1146 1601 1210 gravitatem
1626 1144 1804 1192 oratio-

467 1224 543 1270 nis
583 1231 771 1283 utatur,
811 1231 869 1270 ut
909 1223 962 1281 ii,
1005 1223 1087 1287 qui
1128 1223 1179 1269 in
1222 1240 1468 1275 armorum
1506 1222 1804 1271 tractatione

468 1308 742 1350 versantur.
814 1300 1108 1348 Formantur
1143 1309 1310 1349 autem
1347 1309 1398 1349 et
1419 1302 1584 1356 verba,
1623 1307 1676 1348 et
1698 1315 1806 1348 sen-

470 1381 657 1429 tentiae
681 1396 809 1445 pene
835 1379 1216 1428 innumerabiles
1238 1398 1249 1427 ε
1290 1380 1423 1444 quod
1447 1379 1562 1427 satis
1586 1379 1690 1426 scio
1721 1395 1807 1426 no-

471 1468 579 1508 tum
605 1476 709 1507 esse
733 1459 905 1507 vobis:
944 1459 1031 1506 sed
1067 1459 1197 1507 inter
1235 1457 1678 1506 conformationem
1701 1473 1808 1505 ver-

472 1539 649 1587 borum
712 1546 763 1585 et
814 1538 1171 1593 sententiarum
1220 1538 1315 1587 hoc
1371 1539 1612 1597 interest3
1673 1536 1809 1600 quod

474 1618 736 1674 verborum
774 1616 983 1675 tollitur,
1020 1617 1058 1670 si
1082 1618 1232 1664 verba
1267 1617 1505 1675 mutaris;
1544 1614 1810 1663 sententia-

476 1712 587 1742 rum
624 1703 900 1759 permanet,
954 1695 1347 1759 quibuscumque
1388 1696 1549 1744 verbis
1573 1695 1647 1743 uti
1671 1695 1807 1743 velis.

479 1774 631 1830 Quod
656 1773 856 1838 quidem
894 1789 980 1821 vos
1017 1774 1108 1821 etsi
1133 1773 1315 1833 facitis,
1351 1782 1518 1822 tamen
1543 1773 1811 1835 admonen-

480 1852 568 1900 dos
605 1859 746 1916 puto,
795 1868 858 1900 ne
901 1852 1021 1915 quid
1063 1869 1167 1901 esse
1209 1852 1344 1900 aliud
1381 1852 1584 1914 oratoris
1607 1851 1811 1917 putetis,

481 1931 615 1995 quod
640 1930 840 1994 quidem
879 1930 941 1978 sit
981 1931 1237 1995 egregium
1273 1940 1420 1996 atque
1445 1930 1684 1989 mirabile,
1719 1930 1812 1978 nisi

480 2009 533 2056 in
574 2009 779 2073 singulis
819 2009 981 2058 verbis
1022 2009 1105 2057 illa
1146 2010 1240 2058 tria
1279 2018 1469 2069 tenere,
1516 2018 1573 2058 ut
1612 2009 1813 2058 transla-

482 2089 543 2136 tis
567 2096 766 2137 utamur
800 2088 1104 2153 frequenter,
1145 2089 1494 2154 interdumque
1519 2088 1682 2147 factis,
1706 2104 1814 2136 raro

482 2176 648 2215 autem
691 2168 839 2225 etiam
879 2169 1189 2232 pervetustis.
1278 2168 1337 2223 In
1372 2177 1614 2233 perpetua
1649 2176 1814 2216 autem

484 2247 726 2305 oratione,
780 2263 893 2294 cum
937 2255 987 2294 et
1030 2246 1392 2311 conjunctionis
1432 2248 1709 2306 lenitatem,
1766 2255 1818 2294 et.

488 2341 824 2384 numerorum,
869 2343 1015 2389 quam
1060 2326 1180 2385 dixi,
1216 2327 1457 2375 rationem
1493 2326 1818 2393 tenuerimus,

490 2412 595 2452 tum
613 2412 686 2453 est
703 2405 840 2468 quasi
854 2404 1121 2453 luminibus
1147 2405 1496 2469 distinguenda
1519 2413 1570 2453 et
1592 2405 1819 2469 fmquem

490 2483 642 2531 tanda
684 2483 841 2530 omnis
883 2483 1039 2531 oratio
1075 2483 1428 2539 sententiarum
1464 2492 1613 2548 atque
1649 2484 1820 2532 verbo-

491 2579 616 2610 rum.

559 2642 691 2698 Nam
717 2649 768 2690 et
792 2643 1117 2691 commoratio
1140 2658 1239 2690 una
1262 2642 1313 2689 in
1328 2659 1380 2690 re
1398 2641 1697 2708 permultum
1721 2657 1824 2690 moa

495 2730 593 2778 ret,
621 2729 672 2770 et
695 2720 894 2769 illustris
934 2721 1230 2786 explanatio,
1271 2738 1547 2786 rerumque,
1579 2722 1715 2786 quasi
1738 2736 1824 2785 ge-

497 2808 688 2858 rantur,
713 2801 802 2849 sub
827 2800 1117 2865 adspectum
1152 2817 1280 2865 pene
1317 2800 1588 2864 subjecti03
1626 2815 1750 2865 quae
1775 2807 1826 2852 et

501 2879 550 2923 in
576 2878 874 2942 exponenda
897 2896 948 2926 re
972 2877 1237 2943 plurimum
1260 2877 1410 2938 valet,
1427 2887 1477 2927 et
1499 2879 1563 2927 ad
1585 2878 1826 2926 illustran-

503 2954 621 3004 dum
645 2957 715 3015 id,
740 2957 875 3020 quod
900 2957 1183 3022 exponitur,
1212 2965 1263 3007 et
1297 2957 1360 3006 ad
1394 2956 1823 3034 amplificandum}
