2071 3508
405 408 485 446 540
787 405 1225 446 ANNOTATIONES
1253 406 1311 446 IN

400 522 450 546 ne
471 508 677 560 legendum
706 509 752 547 sit
783 510 858 549 hoc
886 511 988 558 loco,
1027 512 1064 550 T
1062 526 1120 550 um
1141 512 1238 551 nihil
1255 525 1429 550 recusans
1441 524 1515 564 pro
1533 523 1596 556 se‚·
1625 522 1715 548 nam

398 589 573 613 recusare
598 577 714 614 verbo
744 576 798 614 sic
827 578 948 615 utitur
968 578 1125 623 Cicer03
1155 587 1194 616 et
1214 578 1388 617 Valerius
1409 578 1618 623 Maximus,
1649 577 1715 628 qui

400 653 478 678 non
497 654 558 679 res
577 642 704 687 modo,
735 643 802 680 sed
831 644 947 682 verba
976 644 1092 682 etiam
1111 645 1209 682 solet
1226 644 1406 691 mutuari,
1439 644 1539 682 hanc
1557 656 1639 682 rem
1660 642 1716 681 sic

398 706 437 743 in
457 720 567 744 suum
586 708 652 745 lib.
671 708 746 746 viii.
766 709 980 753 transtulit3
1010 710 1111 748 Reus
1133 709 1254 749 Galba
1280 724 1356 763 pro
1381 724 1419 748 se
1433 713 1522 762 jam
1543 708 1639 747 nihil
1655 723 1715 747 re-

396 787 541 820 cusans,
555 774 737 825 parvulos
755 775 888 814 liberos
903 789 1001 821 suos,
1020 782 1056 813 et
1071 776 1176 814 Galli
1194 778 1377 829 sanguine
1389 780 1623 829 corgjunctum
1642 775 1715 814 sibi

377 838 637 891 filimmflens
655 842 910 879 commendare
928 842 1057 893 coepit.
1115 843 1363 881 CORRADUS.

448 906 541 956 Pag.
563 910 653 944 341.
682 907 747 945 lin.
774 911 807 944 1.
864 920 960 945 unus
980 908 1073 945 enim
1095 922 1221 954 sonus,
1240 910 1333 958 &c.]
1386 909 1512 954 Haec,
1531 908 1710 960 primum,

393 984 513 1022 usque
534 972 585 1009 ad
611 972 812 1024 objecisset,
852 980 941 1010 sunt
959 974 998 1010 in
1017 974 1236 1024 parenthesi
1265 974 1501 1025 accipienda.
1556 974 1712 1012 Deinde

391 1036 509 1089 stylus
529 1051 606 1075 non
634 1038 786 1089 placet:
814 1051 888 1076 nec
921 1039 1023 1077 enim
1048 1040 1187 1077 Cicero
1217 1041 1376 1078 verbum
1407 1040 1482 1078 hoc
1511 1039 1567 1077 sic
1596 1039 1713 1084 dicit;

390 1103 460 1141 sed
479 1111 628 1141 tantum
648 1105 697 1142 de
717 1104 999 1143 exercitatione
1014 1105 1219 1144 scribendi.
1253 1106 1447 1144 Orationis
1466 1104 1583 1158 stylus
1596 1105 1710 1156 plane

389 1169 519 1220 inepte
539 1169 690 1209 dicitur.
748 1171 875 1209 Credo
897 1171 1126 1210 Ciceronem
1145 1172 1340 1223 scripsisse
1358 1172 1453 1209 idem
1459 1171 1576 1222 filum
1584 1188 1601 1216 ‚·
1633 1184 1710 1222 quo

389 1237 506 1274 verbo
525 1237 690 1275 libenter
709 1238 830 1275 utitur
850 1237 988 1276 Cicero
1018 1238 1057 1276 in
1089 1238 1341 1290 exprimenda
1365 1238 1546 1277 orationis
1572 1237 1710 1284 forma,

390 1315 467 1353 qua
485 1315 506 1339 e
527 1303 688 1340 materia
706 1311 776 1340 est.
835 1303 1072 1342 ERNESTUS.

443 1369 535 1420 Pag.
553 1373 643 1409 346.
662 1370 727 1407 lin.
742 1373 806 1408 20.
861 1371 1076 1420 statarios]
1140 1370 1326 1409 Statarius
1345 1377 1405 1409 est
1424 1377 1545 1416 actor,
1565 1370 1631 1421 qui
1649 1382 1709 1408 se-

387 1434 511 1473 datius
527 1436 607 1486 agit
625 1449 752 1487 neque
767 1436 807 1473 in
827 1449 943 1474 scena
957 1436 1148 1475 discurrit.
1199 1437 1330 1476 IDEM.

440 1502 533 1553 Pag.
555 1503 646 1543 357.
673 1502 738 1540 lin.
762 1506 822 1541 19.
877 1503 986 1540 Licet
1005 1503 1128 1541 omnia
1148 1502 1214 1541 hoc
1240 1503 1383 1554 moda]
1443 1501 1637 1554 Intellige,
1656 1501 1707 1540 de
1768 1537 1770 1542 .

383 1568 486 1620 ipsis,
506 1581 717 1619 eorumque
735 1568 938 1607 virtutibus
958 1568 1013 1607 sic
1032 1569 1173 1607 dicere.
1229 1569 1355 1607 IDEM.

438 1636 533 1685 Pag.
561 1638 650 1674 360.
680 1635 746 1672 lin.
776 1636 836 1675 17.
894 1649 968 1673 non
1001 1634 1189 1673 translata
1222 1636 1298 1674 sint
1329 1620 1701 1683 sed—devenerint.]

382 1701 534 1751 Nempe
554 1712 614 1737 res
634 1699 816 1738 dicuntur
834 1699 996 1738 honeste
1015 1701 1234 1753 transferri,
1262 1708 1306 1738 ut
1324 1707 1569 1745 testamento,
1591 1700 1704 1738 here-

382 1767 515 1811 ditate,
546 1768 614 1804 διο.
644 1767 817 1804 devenire
842 1767 957 1804 etiam
984 1779 1053 1817 per
1081 1767 1271 1818 injuriam,
1304 1767 1422 1805 malas
1449 1773 1564 1806 artes.
1618 1767 1702 1805 Ista

379 1832 500 1870 intell.
521 1832 569 1870 de
590 1832 797 1883 republica.
853 1831 977 1870 IDEM.

435 1899 528 1949 Pag.
549 1899 639 1939 375.
667 1898 733 1935 lin.
753 1901 816 1937 26.
873 1899 1091 1937 Mittentem
1124 1900 1176 1937 ad
1203 1899 1354 1949 horas]
1416 1897 1596 1949 Intellige
1622 1910 1702 1936 ser-

378 1978 468 2002 vum
488 1963 538 2002 ad
552 1963 771 2015 clepsydras
786 1964 1021 2015 judiciarias,
1042 1974 1085 2002 ut
1102 1964 1231 2002 videat
1251 1961 1292 2002 et
1309 1963 1464 2009 referat,
1484 1976 1533 2001 an
1547 1971 1701 2016 tempus

379 2031 511 2068 datum
531 2030 580 2068 ad
595 2029 802 2074 dicendum
822 2044 915 2069 mox
935 2030 1130 2069 exiturum
1149 2030 1220 2077 sit;
1249 2030 1354 2083 quod
1368 2037 1428 2069 est
1445 2029 1562 2068 taedii
1576 2037 1617 2069 et
1630 2029 1700 2070 im-

376 2097 583 2148 patientiae
599 2098 763 2148 signum.
818 2098 943 2136 IDEM.

398 2208 401 2209 ⁷
433 2164 528 2214 Pag.
548 2167 638 2203 390.
666 2163 732 2201 lin.
752 2167 790 2202 4.
832 2164 1056 2204 admirando
1070 2164 1268 2212 irridebat,
1287 2165 1444 2212 calebat,
1464 2157 1558 2215 διὰ]
1606 2163 1697 2202 Hoc

374 2236 435 2268 est
453 2230 533 2267 sine
553 2229 670 2267 dubio
689 2229 879 2268 vitiosum.
938 2231 1141 2273 Quomodo
1171 2231 1311 2283 corrigi
1341 2231 1495 2278 debeat,
1528 2243 1606 2268 non
1624 2243 1696 2282 pro

375 2303 482 2334 certo
502 2296 651 2334 dicam:
680 2296 751 2334 nisi
771 2297 875 2348 quod
886 2297 1029 2349 aliquid
1044 2310 1126 2336 esse
1146 2298 1276 2345 debet,
1298 2298 1402 2350 quod
1420 2298 1470 2336 ad
1485 2297 1695 2335 dictionem

372 2363 576 2414 pertineat.
633 2363 825 2402 Corradus
847 2364 1048 2415 conjungit
1062 2364 1324 2412 sic—calebat,
1344 2373 1476 2403 cetera
1500 2364 1540 2401 in
1557 2375 1695 2415 paren-

372 2429 471 2467 thesi
491 2429 643 2480 accipit.
698 2429 908 2468 Lambinus
924 2430 1081 2482 corrigit
1094 2431 1331 2478 admirando,
1351 2431 1559 2477 irridendo,
1577 2443 1692 2482 agen-

371 2496 419 2534 do
437 2496 596 2548 denique
610 2494 760 2536 latebat.
816 2497 906 2535 Non
926 2497 1102 2549 displicet
1129 2499 1365 2544 admirando,
1385 2498 1593 2544 irridendo,
1623 2497 1692 2536 sed

369 2575 440 2614 pro
459 2562 603 2601 calebat
621 2564 747 2614 legam
766 2563 925 2610 valebat,
946 2565 1049 2616 quod
1068 2565 1244 2603 omnibus
1264 2566 1455 2605 convenit.
1510 2565 1637 2603 IDEM.

423 2630 516 2681 Pag.
537 2634 627 2670 393.
665 2631 731 2670 lin.
751 2637 814 2671 22.
868 2631 971 2671 illius
990 2632 1192 2685 judicialis
1221 2634 1351 2684 anni.]
1411 2633 1589 2685 Intellige
1623 2646 1689 2672 an-

367 2708 472 2742 num,
493 2710 570 2748 quo
593 2710 616 2735 a
635 2697 819 2750 Pompeio
848 2699 998 2750 legibus
1024 2699 1196 2751 pluribus
1221 2700 1344 2739 forma
1363 2700 1600 2751 judiciorum
1617 2700 1687 2738 im-

368 2768 528 2812 mutata,
547 2770 588 2803 et
607 2771 791 2813 oratoreS,
811 2765 918 2805 brevi
932 2778 1040 2808 mora
1057 2766 1296 2820 interposita,
1315 2767 1445 2807 dicere
1466 2767 1561 2819 jussi
1575 2774 1685 2813 sunt3
