2071 3508
431 380 484 417 66
908 381 988 422 DE
1018 377 1285 420 ORATORE

434 487 521 536 sed
555 504 619 536 ne
653 505 816 538 rerum
846 490 1046 555 qui-dem
1077 486 1473 554 magnitudinem
1506 484 1759 550 perspicit,

434 567 679 632 Equidem
721 570 876 628 vobis,
920 569 1149 634 quoniam
1190 567 1259 614 ita
1295 564 1534 623 voluistis,
1579 563 1807 634 fontes&

434 647 568 695 unde
609 648 885 707 hauriretis,
926 656 1073 712 atque
1114 646 1291 693 itinera
1329 644 1451 708 ipsa,
1491 643 1561 691 ita
1593 640 1764 708 putavi
1786 639 1792 650 “

437 741 543 774 esse
589 726 1003 784 demonstranda3
1059 740 1158 771 non
1204 730 1261 770 ut
1305 722 1409 787 ipse
1457 721 1560 769 dux
1606 735 1762 769 essem

438 804 599 868 (quod
622 812 673 852 et
697 804 941 852 infinitum
961 811 1053 861 est,
1073 810 1122 850 et
1141 818 1241 850 non
1265 801 1594 850 necessarium
1611 799 1652 860 ς)
1677 797 1766 846 sed

437 890 495 928 ut
520 890 958 930 commonstrarem
982 888 1176 928 tantum
1200 880 1347 938 viam,
1384 885 1452 936 et,
1487 885 1545 925 ut
1566 876 1670 924 fieri
1694 892 1766 924 so-

437 958 527 1018 let,
553 960 763 1023 digitum
789 958 852 1006 ad
875 958 1038 1006 fontes
1061 957 1388 1006 intenderem.

294 1027 402 1088 4⁴7.
510 1038 638 1085 Mihi
662 1055 798 1096 vero,
833 1037 993 1102 inquit
1025 1036 1245 1094 Mucius,
1279 1035 1392 1083 satis
1418 1049 1660 1099 superque
1686 1032 1770 1080 abs

294 1121 407 1160 204·
440 1125 490 1165 te
515 1116 712 1164 videtur
735 1115 940 1162 istorum
966 1113 1156 1172 studiis,
1173 1113 1212 1160 si
1236 1113 1383 1162 modo
1409 1120 1523 1160 sunt
1547 1109 1771 1170 studiosi,

442 1210 546 1242 esse
571 1191 777 1239 factum.
848 1192 998 1250 Nam,
1033 1199 1090 1238 ut
1125 1191 1377 1239 Socratem
1408 1190 1546 1238 illum
1572 1189 1769 1238 solitum

441 1272 581 1319 aiunt
607 1269 789 1326 dicere,
813 1268 1092 1332 perfectum
1117 1269 1207 1316 sibi
1232 1286 1354 1332 opus
1380 1284 1502 1326 esse,
1528 1268 1678 1331 siquis
1702 1284 1774 1315 sa-

441 1349 504 1397 tis
531 1356 660 1397 esset
685 1346 963 1395 concitatus
987 1346 1327 1394 cohortatione
1358 1362 1445 1394 sua
1468 1346 1532 1393 ad
1555 1344 1775 1393 studium

444 1425 821 1490 cognoscendae
845 1425 1291 1489 percipiendaeque
1314 1424 1510 1473 virtutis
1531 1444 1544 1483 3
1573 1422 1776 1488 (quibus

445 1511 579 1559 enim
624 1512 676 1560 id
709 1525 994 1576 persuasum
1037 1516 1186 1567 esset,
1220 1516 1278 1556 ut
1318 1507 1439 1555 nihil
1477 1506 1681 1556 mallent
1722 1524 1773 1557 se

446 1605 568 1648 esse,
595 1606 740 1653 quam
764 1591 919 1636 bonos
938 1589 1084 1645 viros,
1109 1587 1165 1634 iis
1185 1586 1421 1650 reliquam
1446 1584 1644 1634 facilem
1669 1600 1774 1634 esse

446 1665 746 1726 doctrinam)
790 1667 858 1713 sic
901 1683 994 1730 ego
1033 1664 1275 1729 intelligo,
1315 1665 1353 1711 si
1388 1664 1440 1710 in
1476 1663 1618 1722 haec,
1648 1680 1773 1728 quae

441 1744 682 1810 patefecit
707 1744 926 1792 oratione
952 1760 1037 1790 sua
1057 1742 1276 1800 Crassus,
1296 1742 1478 1790 intrare
1502 1741 1774 1802 volueritis,

444 1823 678 1871 facillime
704 1839 788 1869 vos
813 1822 876 1869 ad
901 1837 976 1879 ea,
1003 1837 1126 1884 quae
1152 1820 1349 1884 cupitis,
1373 1828 1696 1884 perventuros
1715 1821 1774 1870 ab

302 1913 414 1954 205.
445 1903 542 1950 hoc
566 1901 704 1948 aditu
719 1900 969 1964 januaque
1002 1897 1266 1963 patefacta.
1339 1898 1495 1946 Nobis
1531 1914 1667 1958 vero,
1705 1899 1777 1946 in·

447 1980 556 2044 quit
579 1979 841 2042 Sulpicius,
877 1978 971 2024 ista
1007 1984 1120 2025 sunt
1143 1985 1372 2041 pergrata
1394 1993 1580 2041 perque
1596 1975 1776 2041 jucun-

447 2060 540 2118 da3
593 2058 680 2106 sed
720 2074 879 2121 pauca
921 2056 1069 2104 etiam
1108 2055 1417 2120 requirimus,
1458 2054 1777 2120 inprimisque

446 2155 522 2196 ea,
548 2154 671 2201 quae
696 2136 838 2183 valde
862 2135 1077 2183 breviter
1102 2151 1130 2181 a
1153 2143 1222 2193 te,
1240 2135 1431 2193 Crasse,
1457 2134 1518 2182 de
1542 2135 1648 2199 ipsa
1671 2143 1775 2184 arte

444 2231 677 2280 percursa
703 2221 834 2270 sunt,
861 2229 974 2259 cum
999 2212 1081 2260 illa
1104 2220 1154 2259 te
1175 2221 1225 2260 et
1244 2229 1343 2260 non
1363 2221 1701 2272 contemnere,
1727 2222 1777 2263 et

447 2294 677 2341 didicisse
704 2290 1009 2339 confiterere.
1070 2290 1143 2337 Ea
1167 2291 1206 2338 si
1234 2291 1382 2354 paulo
1406 2291 1551 2338 latius
1576 2291 1776 2352 dixeris,

447 2371 658 2435 expleris
696 2385 893 2418 omnem
936 2370 1358 2433 exspectationem
1396 2369 1618 2417 diuturni
1652 2369 1777 2419 desi·

448 2450 571 2498 derii
595 2449 765 2497 nostri.
837 2447 968 2495 Nam
992 2463 1144 2507 nunc,
1177 2448 1352 2512 quibus
1377 2447 1679 2496 studendum
1702 2465 1776 2498 re-

445 2534 537 2581 bus
579 2538 723 2589 esset,
765 2529 1064 2594 accepimuS,
1106 2531 1240 2594 quod
1285 2530 1449 2595 ipsum
1488 2539 1562 2580 est
1607 2540 1777 2583 tamen

447 2627 718 2674 magnum3
776 2608 862 2656 sed
897 2609 997 2656 vias
1033 2625 1200 2656 earum
1236 2626 1399 2657 rerum
1434 2610 1774 2675 rationemque

303 2695 414 2738 206.
448 2689 674 2754 cupimus
715 2703 1031 2752 cognoscere.
1104 2687 1241 2745 Quid
1278 2688 1334 2747 si,
1369 2688 1530 2752 inquit
1554 2689 1774 2749 Crassus,

448 2767 679 2832 quoniam
705 2783 817 2830 egO,
843 2782 940 2830 quo
963 2765 1156 2814 facilius
1174 2783 1260 2814 vos
1280 2766 1411 2831 apud
1435 2783 1513 2816 me
1532 2775 1772 2826 tenerem,

446 2852 638 2897 vestrae
675 2845 840 2910 potius
877 2846 1141 2896 obsecutus
1178 2863 1286 2896 sum
1322 2844 1585 2907 voluntati,
1626 2861 1771 2911 quam
