2071 3508
737 381 904 421 LIBER
934 380 1157 420 PRIMUS.
1566 390 1619 426 59

287 508 400 541 cum
427 491 706 540 duceretur.
779 489 922 538 Haec
958 490 1111 554 igitur
1149 498 1200 538 et
1234 489 1410 538 horum
1446 493 1747 545 similia184.

276 569 392 636 jura
430 585 545 618 suae
585 568 796 616 civitatis
832 568 1165 632 ignorantem,
1203 579 1425 618 erectum
1451 578 1502 618 et
1525 571 1622 619 cel-

281 663 408 706 sum,
444 646 591 695 alacri
623 655 673 695 et
695 655 925 712 prompto
966 665 1049 696 ore
1088 665 1146 696 ac
1184 648 1326 696 vultu
1350 649 1449 697 huc
1474 657 1624 713 atque

283 725 400 774 illuc
422 723 722 785 intuentem,
758 726 925 790 vagari
950 743 1130 791 magna
1154 743 1268 775 cum
1295 736 1492 776 caterva
1516 736 1624 777 toto

284 802 410 863 foro,
433 805 733 869 praesidium
760 804 1041 864 clientibus,
1078 814 1226 870 atque
1263 823 1408 871 opem
1434 806 1622 866 amicis,

281 891 334 932 et
357 900 511 948 prope
537 883 731 932 cunctis
755 883 943 932 civibus
981 883 1145 933 lucem
1187 885 1374 949 ingenii
1414 893 1466 933 et
1507 901 1622 933 con-

281 962 375 1010 silii
400 962 474 1010 sui
498 963 834 1033 porrigentem
860 971 1008 1027 atque
1032 963 1344 1023 tendentem,
1381 979 1546 1012 nonne
1571 962 1623 1011 in

280 1040 449 1108 primis
473 1041 769 1105 flagitiosum
794 1042 1071 1107 putandum
1097 1051 1171 1091 est
1191 1042 1208 1090 ?

350 1119 433 1178 Et,
469 1121 700 1185 quoniam
727 1120 788 1169 de
814 1121 1124 1186 impudentia
1159 1121 1279 1178 dixi,
1324 1121 1621 1186 castigemus
1636 1125 1744 1186 4⁴1.

283 1199 432 1247 etiam
452 1199 713 1263 segnitiem
739 1199 996 1247 hominum
1021 1209 1169 1264 atque
1193 1199 1437 1247 inertiam.
1491 1199 1620 1246 Nam
1643 1218 1750 1260 135,

284 1277 323 1325 si
349 1287 475 1326 esset
501 1279 593 1325 ista
618 1278 838 1342 cognitio
855 1277 980 1342 juris
1006 1296 1185 1343 magna
1215 1295 1272 1326 ac
1299 1277 1526 1336 difficilis,
1551 1285 1622 1324 ta-

286 1373 399 1404 men
448 1356 674 1404 utilitatis
713 1356 1005 1420 magnitudo
1048 1356 1253 1412 deberet
1299 1355 1524 1403 homines
1560 1356 1623 1403 ad

281 1435 651 1500 suscipiendum
677 1434 899 1482 discendi
923 1434 1140 1482 laborem
1164 1433 1433 1498 impellere.
1506 1433 1622 1492 Sed,

283 1530 314 1560 o
355 1512 423 1559 dii
465 1512 794 1560 immortales!
846 1528 946 1560 non
988 1512 1206 1560 dicerem
1242 1511 1338 1560 hoc
1386 1511 1622 1561 audiente

280 1590 535 1648 Scaevola,
577 1590 668 1637 nisi
706 1590 810 1654 ipse
849 1590 1015 1638 dicere
1054 1590 1251 1649 soleret,
1287 1590 1470 1638 nullius
1505 1590 1622 1639 artis

278 1667 550 1717 faciliorem
567 1668 656 1716 sibi
677 1669 1015 1734 cognitionem
1034 1669 1207 1718 videri.
1252 1669 1404 1726 Quod
1421 1669 1621 1734 quidem
1642 1688 1750 1730 136,

280 1747 427 1796 certis
469 1748 532 1796 de
577 1747 736 1796 causis
775 1765 803 1795 a
838 1747 1084 1813 plerisque
1110 1747 1252 1796 aliter
1277 1747 1619 1796 existimatur:

279 1827 513 1892 primum,
561 1827 676 1892 quia
720 1835 915 1876 veteres
955 1827 1044 1886 illi,
1092 1828 1176 1892 qui
1221 1826 1339 1875 huic
1386 1827 1623 1876 scientiae

278 1904 620 1970 praefuerunt,
655 1906 957 1955 obtinendae
993 1912 1142 1970 atque
1167 1904 1426 1969 augendae
1450 1913 1623 1970 poten-

280 1985 380 2034 tiae
417 2001 533 2032 suae
576 2000 740 2042 causa,
778 1983 1059 2048 pervulgari
1098 1990 1254 2031 artem
1291 1999 1429 2031 suam
1454 1983 1623 2033 nolue-

281 2071 432 2112 runt:
471 2063 671 2122 deinde,
696 2071 1017 2128 posteaquam
1054 2072 1130 2113 est
1153 2064 1362 2124 editum,
1388 2065 1623 2130 expositis

283 2159 313 2191 a
350 2143 444 2192 Cn.
471 2142 640 2190 Flavio
668 2142 882 2207 primum
917 2143 1215 2202 actionibus,
1250 2142 1374 2191 nulli
1399 2143 1622 2203 fuerunt,

281 2223 367 2289 qui
404 2222 487 2270 illa
516 2222 776 2270 artificiose
815 2223 1009 2288 digesta
1043 2223 1321 2288 generatim
1357 2239 1622 2288 compone·

280 2310 408 2352 rent.
469 2302 607 2351 Nihil
633 2310 708 2351 est
726 2302 878 2362 enim,
903 2302 1038 2368 quod
1063 2302 1126 2351 ad
1148 2310 1306 2352 artem
1331 2303 1490 2368 redigi
1513 2319 1622 2368 pos-

282 2383 364 2442 sit,
390 2382 482 2431 nisi
506 2382 588 2431 ille
612 2383 765 2448 prius,
805 2383 887 2447 qui
926 2382 1009 2431 illa
1045 2390 1205 2443 tenet,
1230 2399 1439 2448 quorum
1465 2390 1621 2432 artem

282 2463 543 2511 instituere
578 2463 703 2522 vult,
728 2462 909 2511 habeat
933 2462 1065 2510 illam
1091 2463 1366 2522 scientiam,
1396 2470 1453 2510 ut
1477 2478 1539 2510 ex
1564 2461 1621 2508 iis

282 2544 448 2602 rebus,
487 2559 693 2607 quarum
732 2559 807 2590 ars
845 2542 1067 2590 nondum
1110 2542 1190 2601 sit,
1232 2549 1388 2590 artem
1428 2539 1621 2589 efficere

282 2623 451 2688 possit.
525 2621 640 2669 Hoc
682 2621 845 2680 video,
887 2621 1006 2669 dum
1046 2621 1263 2669 breviter
1286 2619 1525 2668 voluerim
1551 2617 1747 2680 (li-187.

286 2717 417 2760 cere,
443 2699 633 2749 dictum
657 2717 687 2748 a
710 2718 788 2749 me
815 2718 920 2748 esse
944 2699 1092 2765 paulo
1118 2699 1371 2748 obscurius
1393 2716 1404 2745 z
1433 2697 1520 2746 sed
1540 2713 1621 2746 ex-

285 2780 463 2845 periar,
488 2787 540 2828 et
558 2779 740 2838 dicam,
765 2779 803 2826 si
827 2786 1021 2844 potero,
1039 2777 1247 2844 planius.
1298 2776 1481 2826 Omnia
1498 2772 1741 2838 fere,4Q‚

287 2873 416 2924 quae
460 2866 576 2909 sunt
611 2857 846 2908 conclusa
884 2872 1019 2906 nunc
1060 2856 1264 2915 artibuS,
1301 2855 1535 2921 dispersa,
1571 2863 1622 2904 et
