2071 3508
696 430 864 468 LIBER
881 429 1187 469 SECUNDUS.
1546 436 1617 472 101

288 557 423 599 vero,
457 537 618 602 inquit
642 538 863 598 Crassus,
900 555 1062 603 neque
1101 538 1380 586 Antonium
1416 540 1621 587 verbum

286 617 448 666 facere
476 616 652 681 patiar,
689 624 740 665 et
774 618 878 682 ipse
904 618 1262 676 obmutescam,
1299 618 1392 665 nisi
1432 618 1566 682 prius
1593 636 1620 666 a

284 696 420 744 vobis
457 695 738 760 impetraro.
838 695 1126 753 Quidnam?
1185 696 1346 760 inquit
1394 696 1617 745 Catulus.

283 774 354 823 Ut
390 774 472 822 hic
510 775 613 822 sitis
655 775 819 824 hodie.
908 775 1059 835 Tum,
1097 791 1210 823 cum
1240 775 1322 823 ille
1349 775 1617 835 dubitaret,

279 852 413 917 quod
437 853 500 900 ad
524 853 726 902 fratrem
752 854 1073 919 promiserat3
1103 870 1212 918 ego,
1250 854 1413 917 inquit
1436 854 1617 913 Julius,

276 946 367 995 pro
421 939 632 997 utroque
675 934 971 998 respondeo,
1025 933 1093 982 sic
1135 932 1408 981 faciemus:
1465 942 1615 999 atque

275 1009 370 1058 ista
405 1012 606 1076 quidem
644 1013 947 1070 conditione,
986 1012 1064 1060 vel
1101 1021 1158 1061 ut
1192 1013 1397 1061 verbum
1423 1012 1614 1061 nullum

271 1087 482 1151 faceres,
518 1109 597 1140 me
639 1101 850 1151 teneres.
925 1093 1026 1141 Hic
1071 1093 1277 1142 Catulus
1314 1093 1506 1140 arrisit:
1564 1101 1613 1141 et
1630 1102 1707 1142 ⁴28.

275 1169 437 1230 simul,
475 1171 720 1232 Praecisa,
756 1173 935 1238 inquit,
978 1173 1097 1221 mihi
1140 1173 1340 1237 quidem
1368 1173 1612 1221 dubitatio

273 1257 366 1309 est,
421 1251 653 1315 quoniam
697 1269 858 1317 neque
902 1253 1035 1300 domi
1075 1253 1389 1317 imperaram,
1444 1260 1494 1298 et
1529 1251 1610 1299 hic

272 1329 405 1393 apud
444 1347 591 1394 quem
635 1348 767 1379 eram
808 1331 1022 1391 futurus,
1073 1333 1177 1380 sine
1219 1347 1329 1379 mea
1365 1331 1609 1378 sententia

269 1415 373 1455 tam
398 1408 543 1457 facile
568 1412 807 1474 promisit.

337 1487 470 1535 Tum
496 1506 668 1537 omnes
687 1491 857 1539 oculos
876 1492 926 1538 in
955 1490 1233 1538 Antonium
1260 1488 1604 1553 conjecerunt:

270 1574 321 1615 ct
361 1566 462 1625 ille,
501 1566 691 1615 Audite
727 1584 863 1626 vero,
900 1569 1088 1626 audite,
1124 1567 1315 1630 inquit3
1355 1567 1607 1615 hominem

268 1646 401 1694 enim
438 1645 654 1694 audietis
693 1645 754 1693 de
781 1645 965 1704 schola,
1003 1653 1152 1709 atque
1195 1662 1224 1693 a
1260 1646 1514 1709 magistro,
1558 1656 1605 1694 et

267 1725 477 1774 Graecis
517 1725 671 1774 literis
697 1726 962 1774 eruditum.
1034 1724 1101 1773 Et
1126 1742 1184 1773 eo
1210 1725 1410 1790 quidem
1435 1725 1608 1790 loquar

267 1804 617 1865 confidentius,
644 1805 778 1871 quod
804 1804 1010 1854 Catulus
1036 1805 1232 1852 auditor
1256 1804 1495 1865 accessit3
1525 1806 1606 1854 cui

264 1901 365 1933 non
391 1885 548 1933 solum
573 1901 662 1933 nos
682 1884 850 1932 Latini
876 1884 1133 1944 sermonis,
1160 1883 1248 1931 sed
1274 1884 1422 1931 etiam
1449 1884 1604 1933 Grae-

265 1965 311 2014 ci
346 1965 438 2029 ipsi
480 1964 639 2012 solent
680 1980 796 2012 suae
831 1963 1031 2028 linguae
1057 1962 1381 2028 subtilitatem
1407 1962 1604 2027 elegan-

263 2042 482 2106 tiamque
519 2043 811 2091 concedere.
884 2042 982 2090 Sed
1017 2050 1204 2100 tamen,
1241 2042 1473 2106 quoniam
1506 2041 1698 2090 110029.

262 2129 445 2180 totum,
484 2121 725 2186 quidquid
768 2128 860 2180 est,
897 2121 998 2169 sive
1037 2119 1316 2179 artificium,
1358 2120 1459 2168 sive
1501 2130 1600 2169 stu-

263 2201 400 2249 dium
442 2200 662 2259 dicendi,
715 2201 808 2249 nisi
846 2201 1056 2249 accessit
1095 2217 1167 2259 OS,
1203 2199 1394 2249 nullum
1435 2209 1602 2265 potest

261 2297 402 2340 esse;
442 2280 634 2328 docebo
670 2297 773 2339 vos,
811 2280 1058 2345 discipuli,
1093 2280 1160 2337 id,
1200 2280 1334 2344 quod
1371 2281 1473 2345 ipse
1499 2297 1599 2329 non

261 2359 432 2418 didici,
469 2358 589 2424 quid
631 2359 692 2408 dc
734 2359 869 2407 omni
909 2375 1094 2423 genere
1133 2358 1335 2406 dicendi
1371 2360 1595 2412 sentiam.

328 2438 430 2486 Hic
453 2445 776 2503 posteaquam
813 2439 1111 2499 arriserunt3
1151 2455 1226 2486 res
1252 2438 1372 2485 mihi
1398 2439 1595 2487 videtur
1610 2444 1688 2484 30.

259 2534 380 2573 esse,
418 2517 597 2581 inquit,
621 2517 860 2566 facultate
884 2517 1150 2582 praeclara,
1185 2527 1289 2565 arte
1314 2517 1592 2565 mediocris.

260 2595 359 2643 Ars
385 2595 532 2652 enim,
572 2612 740 2643 earum
779 2613 942 2644 rerum
979 2604 1072 2655 est,
1109 2613 1233 2660 quae
1259 2597 1515 2644 sciuntur:
1543 2613 1592 2644 o-

257 2674 432 2722 ratoris
457 2681 623 2722 autem
666 2675 825 2722 omnis
850 2675 980 2723 actio
1006 2674 1339 2739 opinionibus,
1377 2691 1476 2722 non
1502 2677 1592 2724 sci-

258 2754 410 2812 entia,
449 2753 747 2801 continetur.
819 2754 949 2801 Nam
990 2761 1039 2802 et
1080 2752 1212 2817 apud
1248 2770 1330 2800 eos
1364 2754 1591 2815 dicimus,

258 2832 341 2897 qui
366 2832 609 2888 nesciunt,
639 2840 689 2881 et
714 2850 772 2881 ea
796 2833 1024 2891 dicimus,
1051 2849 1174 2896 quae
1195 2832 1441 2881 nescimus
1465 2834 1586 2898 ipsi:

256 2911 422 2977 itaque
449 2919 499 2961 et
521 2910 591 2960 illi
616 2911 732 2961 alias
768 2911 901 2961 aliud
935 2910 1111 2960 iisdem
1148 2911 1210 2959 de
1238 2912 1384 2962 rebus
1409 2920 1458 2963 et
1483 2929 1589 2964 sen=

1093 3006 1123 3040 G
1162 2998 1190 3038 3
