2071 3508
796 405 1170 446 ORATORIBUS.
1571 411 1650 446 409

315 515 552 565 tissimam
593 532 699 565 esse
741 514 968 574 duceret,
1013 531 1162 578 quam
1208 512 1417 577 majores
1459 513 1563 577 ejus
1606 516 1650 564 ei

316 595 484 644 tritam
524 594 851 659 reliquissent.
923 594 1045 642 Erat
1086 593 1220 641 enim
1257 609 1371 640 cum
1396 592 1651 642 institutus

320 675 528 739 optime,
586 682 695 722 tum
737 674 886 722 etiam
927 673 1153 739 perfecte
1198 672 1446 738 planeque
1489 673 1652 721 erudi-

314 760 428 802 tus:
465 754 724 818 ineratque
765 761 818 802 et
853 753 1112 818 ingenium
1149 753 1264 802 satis
1303 769 1435 812 acre,
1472 761 1523 801 et
1548 769 1652 801 ora-

312 832 460 881 tionis
500 849 601 880 non
642 833 899 898 inelegans
943 834 1117 899 copia:
1155 841 1510 898 praetereaque
1548 832 1653 881 sine

312 913 594 976 arrogantia
626 913 790 978 gravis
815 930 921 963 esse
946 913 1227 973 videbatur,
1266 922 1318 962 et
1355 913 1460 961 sine
1492 913 1653 977 segni-

310 990 382 1039 tia
417 992 748 1046 verecundus.
833 994 933 1042 Sed
974 994 1110 1043 hunc
1152 1010 1350 1058 quoque
1398 992 1652 1041 absorbuit

310 1078 476 1120 aestus
500 1071 703 1137 quidam
727 1089 828 1121 non
852 1073 1080 1122 insolitae
1112 1072 1512 1122 adolescentibus
1546 1071 1651 1136 glo-

309 1150 442 1207 riae:
481 1152 566 1217 qui
588 1153 704 1217 quia
727 1162 931 1202 navarat
954 1153 1094 1202 miles
1120 1170 1321 1219 operam
1345 1151 1648 1218 imperatori,

308 1229 659 1295 imperatorem
696 1250 747 1281 se
786 1233 951 1282 statim
991 1249 1096 1281 esse
1134 1232 1399 1297 cupiebat:
1440 1231 1520 1280 cui
1545 1249 1650 1285 mu-

309 1310 417 1357 neri
458 1326 564 1359 mos
606 1311 847 1377 majorum
883 1320 1101 1361 aetatem
1128 1320 1334 1370 certam,
1371 1318 1553 1360 sortem
1578 1311 1650 1358 in-

310 1397 499 1437 certam
525 1390 740 1455 reliquit.
813 1392 892 1440 Ita
926 1392 1217 1455 gravissimo
1242 1408 1330 1439 suo
1356 1407 1493 1449 casu,
1530 1388 1649 1436 dum

310 1467 430 1533 Cyri
456 1476 508 1516 et
534 1468 811 1517 Alexandri
848 1468 1018 1516 similis
1043 1485 1148 1517 esse
1173 1469 1349 1528 voluit,
1386 1467 1471 1532 qui
1507 1484 1650 1516 suum

309 1563 509 1596 cursum
534 1555 963 1608 transcurrerant3
1004 1556 1055 1596 et
1096 1547 1156 1596 L.
1185 1547 1348 1596 Crassi
1385 1554 1436 1595 et
1470 1547 1650 1596 multo-

307 1643 418 1675 rum
444 1627 733 1675 Crassorum
758 1628 991 1676 inventus
1017 1635 1092 1676 est
1118 1626 1485 1677 dissimillimus.

374 1706 475 1756 Sed
498 1706 563 1754 ad
587 1706 797 1755 Calvum
839 1707 906 1772 (is
948 1707 1081 1756 enim
1122 1706 1264 1755 nobis
1300 1714 1406 1754 erat
1428 1706 1647 1772 proposi·
1685 1689 1787 1752 82.

307 1785 413 1848 tus)
449 1795 789 1840 revertamur:
829 1787 913 1850 qui
951 1794 1116 1835 orator
1156 1785 1330 1834 fuisset
1354 1803 1469 1833 cum
1493 1785 1648 1834 literis

308 1866 567 1925 eruditior,
612 1882 760 1931 quam
804 1866 976 1926 Curio,
1023 1874 1131 1915 tum
1174 1866 1323 1914 etiam
1365 1866 1647 1914 accuratius

309 1946 560 2009 quoddam
582 1946 783 1995 dicendi
808 1954 858 1994 et
883 1946 1176 2010 exquisitius
1197 1945 1431 1993 afferebat
1454 1961 1643 2009 genus:

308 2024 444 2087 quod
460 2041 741 2088 quanquam
762 2025 977 2073 scienter
1002 2024 1354 2089 eleganterque
1379 2025 1645 2083 tractabat,

308 2103 516 2152 nimium
552 2092 720 2152 tamen
757 2104 1011 2169 inquirens
1040 2105 1092 2152 in
1117 2120 1187 2164 se,
1226 2112 1374 2168 atque
1398 2103 1504 2168 ipse
1540 2120 1646 2154 sese

308 2183 593 2242 observans,
629 2192 957 2247 metuensque
995 2200 1059 2232 ne
1099 2183 1332 2232 vitiosum
1369 2183 1643 2248 colligeret,

307 2262 458 2310 etiam
504 2280 677 2311 verum
725 2264 1019 2328 sanguinem
1062 2255 1381 2330 deperdebat.
1467 2264 1648 2330 Itaque

308 2340 412 2406 ejus
437 2342 595 2390 oratio
636 2343 789 2392 nimia
812 2343 1053 2408 religione
1084 2351 1360 2404 attenuata,
1398 2344 1558 2394 doctis
1595 2353 1645 2393 et

307 2428 498 2470 attente
526 2422 842 2472 audientibus
867 2431 973 2472 erat
1000 2422 1232 2472 illustris:
1268 2441 1298 2472 a
1323 2424 1645 2474 multitudine

308 2510 490 2560 autem,
530 2510 582 2551 et
605 2520 633 2550 a
656 2501 784 2562 foro,
821 2503 902 2551 cui
927 2511 1044 2552 nata
1069 2503 1354 2569 eloquentia
1379 2513 1470 2564 est,
1496 2505 1644 2553 devo-

307 2582 522 2630 rabatur.
595 2582 728 2630 Tum
748 2582 948 2640 Brutus,
976 2582 1207 2631 Atticum
1233 2600 1303 2642 se,
1327 2583 1509 2648 inquit,
1535 2584 1644 2633 Cal-

307 2677 398 2709 vus
416 2669 585 2709 noster
610 2661 709 2710 dici
735 2670 983 2710 oratorem
1002 2662 1234 2712 volebat:
1273 2663 1392 2712 inde
1421 2671 1527 2712 erat
1549 2664 1645 2712 ista

309 2741 521 2801 exilitas,
559 2758 706 2806 quam
731 2741 812 2790 ille
849 2742 912 2791 de
949 2743 1194 2791 industria
1231 2745 1639 2808 consequebatur,

307 2823 541 2880 Dicebat,
580 2823 800 2888 inquam,
835 2822 937 2871 ita:
990 2823 1078 2872 sed
1119 2831 1170 2872 et
1209 2823 1314 2889 ipse
1338 2825 1548 2882 errabat,
1591 2832 1644 2874 et

307 2902 427 2955 alios
452 2903 602 2960 etiam
627 2919 789 2954 errare
826 2904 1053 2970 cogebat.
1125 2903 1276 2964 Nam,
1318 2904 1357 2954 si
1393 2904 1502 2971 quis
1539 2921 1638 2962 θοις,
