2071 3508
307 924 413 986 73.

313 1507 422 1550 296.

324 2445 436 2492 297.

437 442 514 480 196
922 441 999 480 DE
1029 422 1298 481 ORAT'ORE

435 548 532 597 tori
572 548 784 597 maxime
828 551 1103 599 cavendum
1145 559 1197 599 et
1235 549 1597 616 providendum
1626 558 1770 616 puto,

439 627 672 693 quodque
710 644 788 675 me
827 627 1088 676 sollicitare
1113 646 1301 677 summe
1327 628 1451 677 solet
1478 647 1489 677 :
1528 630 1646 678 Non
1669 637 1771 677 tam

442 713 500 753 ut
537 706 720 769 prosim
757 706 913 754 causis
952 706 1199 755 elaborare
1242 707 1388 764 soleo,
1442 724 1587 771 quam
1611 714 1668 755 ut
1690 723 1775 754 ne-

447 784 567 848 quid
590 783 776 831 obsim:
804 801 903 831 non
929 784 1046 849 quin
1072 784 1363 832 enitendum
1378 784 1440 832 sit
1463 785 1512 831 in
1539 793 1773 849 utroque;

449 862 536 910 sed
560 869 727 910 tamen
763 863 919 912 multo
944 871 1018 911 est
1040 863 1231 928 turpius
1256 863 1437 911 oratori
1460 864 1686 910 nocuisse
1709 862 1778 910 vi-

451 939 556 988 deri
581 957 775 1000 causae,
800 958 947 1004 quam
972 958 1071 989 non
1095 940 1351 1006 profuisse.
1424 940 1522 990 Sed
1546 939 1665 1004 quid
1683 939 1780 986 hoc

449 1017 562 1065 loco
598 1034 684 1064 vos
724 1018 853 1066 inter
892 1036 997 1078 vos,
1051 1019 1264 1067 Catule?
1315 1035 1375 1066 an
1411 1019 1553 1076 haec,
1588 1024 1645 1065 ut
1669 1023 1784 1064 sunt

454 1095 833 1151 contemnenda,
895 1096 1248 1143 contemnitis?
1341 1096 1572 1154 Minime,
1623 1094 1784 1158 inquit

454 1172 536 1220 ille
558 1190 570 1219 z
609 1172 697 1219 sed
738 1172 917 1220 Caesar
955 1173 1017 1219 de
1041 1172 1135 1219 isto
1173 1172 1278 1236 ipso
1303 1173 1539 1237 quiddam
1562 1172 1688 1221 velle
1714 1171 1785 1219 di-

456 1266 569 1298 cere
592 1250 867 1298 videbatur.
940 1249 1029 1297 Me
1053 1267 1170 1298 vero
1193 1250 1415 1309 lubente,
1440 1251 1601 1314 inquit
1627 1250 1787 1297 Anto-

456 1328 582 1385 nius,
623 1328 819 1386 dixerit,
874 1328 973 1376 sive
1013 1327 1271 1376 refellendi
1307 1345 1470 1387 causa,
1507 1329 1606 1376 sive
1643 1344 1787 1392 quae-

455 1407 612 1459 rendi.

525 1500 658 1548 Tum
681 1501 860 1561 Julius,
903 1502 1012 1567 Ego
1037 1501 1338 1562 mehercule,
1362 1498 1538 1565 inquit,
1578 1499 1790 1556 Antoni,

459 1595 650 1643 semper
674 1580 714 1628 is
737 1580 828 1640 fui,
865 1582 947 1646 qui
974 1583 1035 1630 de
1060 1590 1110 1630 te
1130 1591 1322 1630 oratore
1342 1581 1410 1629 sic
1434 1580 1788 1644 praedicarem,

458 1675 613 1705 unum
653 1666 705 1706 te
745 1659 797 1706 in
839 1659 1052 1709 dicendo
1092 1660 1211 1708 mihi
1246 1660 1402 1708 videri
1427 1659 1787 1720 tectissimum3

458 1736 809 1801 propriumque
834 1736 929 1785 hoc
956 1755 1059 1786 esse
1083 1738 1242 1785 laudis
1265 1746 1397 1793 tuae,
1431 1735 1552 1783 nihil
1577 1745 1678 1804 ate
1703 1753 1791 1783 un-

461 1830 608 1877 quam
651 1831 755 1863 esse
794 1815 1003 1875 dictum,
1054 1816 1186 1881 quod
1227 1817 1422 1864 obesset
1463 1815 1526 1873 ei,
1563 1831 1652 1878 pro
1693 1830 1791 1878 quo

463 1892 668 1940 diceres.
740 1893 898 1958 quue
936 1895 1172 1942 memoria
1196 1902 1363 1952 teneo,
1405 1910 1518 1941 cum
1554 1892 1674 1939 mihi
1699 1909 1794 1940 ser-

462 1985 544 2017 mo
570 1986 683 2017 cum
707 1970 803 2018 hoc
828 1971 933 2034 ipso
959 1971 1148 2027 Crasso,
1176 1970 1341 2017 multis
1367 1970 1700 2029 audientibus,
1725 1986 1795 2017 es-

463 2054 537 2095 set
562 2047 624 2095 de
659 2055 710 2096 te
744 2047 1018 2106 institutus,
1055 2047 1354 2111 Crassusque
1391 2046 1611 2111 plurimis
1635 2047 1795 2095 verbis

463 2125 797 2189 eloquentiam
838 2125 1062 2173 laudaret
1102 2132 1257 2184 tuam,
1311 2125 1491 2173 dixisse
1530 2142 1628 2184 me,
1681 2141 1794 2173 cum

467 2204 673 2253 caeteris
714 2203 811 2250 tuis
851 2202 1079 2250 laudibus
1117 2203 1244 2250 hanc
1271 2220 1374 2251 esse
1410 2203 1488 2250 vel
1512 2203 1793 2261 maximam,

467 2283 601 2346 quod
646 2297 746 2328 non
794 2280 950 2327 solum
999 2281 1132 2343 quod
1186 2297 1308 2344 opus
1356 2289 1503 2339 essct,
1558 2281 1792 2341 diceres3

469 2361 557 2409 sed
598 2360 745 2408 etiam
784 2357 917 2422 quod
958 2373 1056 2404 non
1096 2375 1217 2422 opus
1257 2366 1402 2416 esset,
1451 2374 1551 2404 11011
1590 2358 1794 2407 diceres.

470 2440 602 2488 Tum
627 2438 764 2486 illum
801 2435 920 2482 1111111
951 2437 1247 2501 respondere
1273 2434 1493 2494 memini,
1530 2444 1725 2485 caetera
1748 2438 1797 2487 in

469 2547 520 2587 te
545 2548 734 2584 summe
777 2546 880 2578 esse
905 2524 1170 2581 laudanda,
1206 2521 1328 2568 illud
1352 2536 1469 2567 vero
1493 2518 1704 2583 improbi
1729 2534 1798 2566 es-

470 2633 522 2665 se
545 2611 757 2662 hominis
784 2618 832 2656 et
856 2603 1121 2672 perfidiosi,
1143 2602 1307 2649 dicere
1333 2598 1465 2663 quo'd
1489 2597 1704 2644 alienum
1730 2611 1799 2644 es-

470 2702 560 2751 set,
621 2699 672 2739 et
711 2697 916 2736 noceret
957 2684 1016 2739 ei,
1065 2699 1154 2747 pro
1197 2696 1293 2744 quo
1340 2677 1546 2742 quisque
1576 2674 1764 2722 diceret
1785 2690 1795 2720 :

470 2787 619 2837 quare
657 2783 758 2817 non
799 2764 890 2813 sibi
929 2778 1042 2810 eum
1068 2759 1319 2813 disertum,
1358 2755 1446 2820 qui
1471 2754 1524 2802 id
1547 2769 1646 2801 non
1669 2750 1799 2798 face-

469 2856 564 2908 ret,
577 2845 756 2904 videri3
785 2843 873 2892 sed
887 2840 1183 2905 improbum,
1203 2836 1286 2900 qui
1304 2834 1506 2882 faceret.
1577 2831 1742 2885 Nunc,
1760 2829 1800 2876 si

470 2926 560 2974 tibi
583 2924 799 2982 videtur,
818 2917 1028 2976 Antoni,
1049 2916 1354 2965 demonstres
1379 2910 1546 2969 velim,
1571 2923 1719 2974 quare
1742 2914 1799 2954 tu
