2071 3508
306 1966 383 2006 94.

273 2278 378 2337 23.

435 426 508 464 124
903 422 977 465 DE
1008 425 1275 464 ORATORE

428 542 762 597 persequatur.
833 534 970 591 Quid
1004 536 1134 582 enim
1173 550 1346 582 causae
1381 532 1591 581 censetis
1620 545 1742 590 esse,

429 629 517 659 cur
535 620 718 661 aetates
738 613 1006 660 extulerint
1029 612 1248 676 singulae
1274 611 1465 675 singula
1486 628 1637 674 prope
1661 626 1746 674 ge-

427 707 544 738 nera
579 691 811 739 dicendi?
848 691 981 754 quod
1014 707 1113 737 non
1154 698 1255 737 tam
1293 689 1437 738 facile
1478 690 1528 736 in
1570 687 1747 736 nostris

427 769 698 816 oratoribus
732 785 987 832 possumus
1014 768 1259 832 judicare,
1295 767 1409 830 quia
1445 767 1643 830 scripta,
1683 781 1747 813 ex

427 847 602 909 quibus
618 846 864 910 judicium
888 846 991 894 fieri
1015 854 1198 909 posset,
1233 861 1333 892 non
1357 844 1512 891 multa
1536 860 1650 892 sane
1674 859 1748 891 re·

425 924 705 988 liquerunt3
746 942 890 989 quain
926 925 977 972 in
1003 924 1223 979 Graecis,
1263 939 1323 970 ex
1357 939 1564 985 quorum
1600 922 1748 984 scrip-

425 1003 505 1061 tis,
543 1003 779 1067 cujusque
815 1004 987 1051 aetatis
1021 1019 1143 1066 quae
1182 1001 1379 1049 dicendi
1418 1000 1541 1048 ratio
1575 998 1770 1046 volun-0

357 1124 390 1146 f·
424 1090 594 1145 tasque
620 1083 787 1140 fuerit,
824 1081 1032 1145 intelligi
1057 1088 1234 1144 poteste
1308 1078 1653 1142 Antiquissimi
1675 1076 1746 1125 fe-

423 1177 475 1207 re
501 1168 628 1215 sunt,
668 1176 873 1223 quorum
901 1160 1099 1222 quidem
1137 1159 1317 1222 scripta
1341 1164 1589 1215 constent,
1615 1155 1746 1203 Peri.-

425 1235 523 1284 cles
560 1245 708 1299 atque
746 1236 1050 1294 Alcibiades,
1088 1244 1137 1283 et
1162 1235 1334 1283 eadem
1359 1243 1520 1282 aetate
1546 1234 1746 1299 Thucy-

423 1315 594 1374 dides;
636 1315 855 1374 subtileS,
885 1315 1035 1373 acuti,
1066 1316 1258 1372 breves,
1292 1313 1548 1361 sententiis
1572 1312 1746 1376 magis,

422 1410 566 1456 quam
601 1393 760 1440 verbis
797 1393 1119 1441 abundantes.
1190 1393 1305 1440 Non
1341 1391 1581 1455 potuisset
1617 1390 1746 1438 acci-

420 1471 551 1527 dere,
573 1480 630 1519 ut
652 1488 804 1518 unum
832 1479 958 1519 esset
983 1472 1200 1518 omnium
1225 1486 1402 1534 genus,
1420 1469 1511 1517 nisi
1530 1469 1744 1533 aliquem

419 1550 509 1598 sibi
533 1558 863 1614 proponerent
889 1550 951 1597 ad
974 1550 1283 1597 imitandum.
1336 1548 1604 1597 Consecuti
1629 1554 1745 1595 sunt

418 1630 506 1676 hos
544 1629 735 1684 Critias,
781 1629 1133 1686 Theramenes,
1172 1628 1358 1692 Lysias.
1444 1626 1609 1673 Multa
1644 1625 1742 1689 Ly-

421 1708 518 1755 siae
555 1707 733 1771 scripta
770 1714 901 1765 sunt,
943 1706 1179 1754 nonnulla
1215 1706 1417 1765 Critiae,
1459 1705 1521 1753 de
1557 1704 1743 1752 Thera-

419 1803 563 1835 mene
587 1786 877 1834 audivimus.
950 1785 1138 1834 Omnes
1164 1786 1311 1833 etiam
1333 1792 1437 1832 tum
1462 1784 1742 1832 retinebant

418 1864 555 1911 illum
583 1863 784 1911 Periclis
809 1879 1031 1921 succum,
1068 1863 1155 1911 sed
1181 1870 1320 1911 erant
1343 1862 1491 1926 paulo
1513 1863 1740 1910 uberiore

417 1943 529 1991 filo:
584 1943 718 1990 Ecce
754 1942 844 1989 tibi
880 1950 1079 1990 exortus
1109 1951 1183 1990 est
1212 1942 1472 2001 Isocrates,
1507 1942 1741 2005 magister

415 2023 620 2071 istorum
655 2021 892 2079 omnium,
930 2019 1067 2084 cujus
1097 2038 1124 2068 e
1152 2020 1290 2079 ludo,
1324 2028 1557 2084 tanquam
1593 2037 1657 2069 ex
1691 2036 1742 2068 e-

416 2119 513 2165 quo
538 2099 769 2164 Trojano,
808 2100 930 2147 meri
965 2100 1211 2165 principes
1247 2100 1503 2148 exierunt:
1541 2099 1630 2148 sed
1659 2116 1741 2148 eo-

414 2198 522 2228 rum
557 2180 735 2244 partim
770 2179 820 2225 in
854 2195 1053 2242 pompa,
1088 2179 1266 2242 partim
1301 2179 1353 2226 in
1389 2179 1494 2227 acie
1527 2179 1740 2228 illustres

416 2275 519 2307 esse
542 2256 820 2304 voluerunt.
892 2256 1066 2320 Itaque
1092 2265 1143 2304 et
1183 2256 1270 2315 illi,
1307 2257 1633 2321 Theopompi,
1674 2258 1738 2305 E-

412 2337 573 2402 phori,
600 2335 807 2393 Philisti,
832 2335 1128 2389 Naucratae,
1156 2335 1395 2398 multique
1420 2335 1518 2393 alii,
1549 2336 1738 2384 naturis

415 2415 676 2473 differunt;
714 2413 968 2461 voluntate
988 2422 1152 2461 autem
1173 2413 1352 2461 similes
1376 2421 1504 2470 sunt,
1533 2420 1584 2461 et
1606 2414 1736 2462 inter

413 2510 536 2551 sese,
573 2500 623 2540 et
652 2491 904 2556 magistri:
949 2499 1000 2539 et
1029 2491 1081 2549 ii,
1115 2491 1197 2555 qui
1233 2508 1283 2539 se
1319 2492 1382 2539 ad
1414 2508 1583 2540 causas
1619 2509 1736 2541 con-

412 2571 647 2627 tulerunt,
684 2578 741 2617 ut
777 2569 1158 2628 Demosthenes,
1199 2570 1498 2635 Hyperides,
1547 2571 1737 2637 Lycur-

410 2667 517 2715 gus,
557 2649 851 2708 Aeschines,
887 2649 1186 2708 Dinarchus,
1226 2649 1404 2714 aliique
1441 2649 1734 2715 complures,

412 2728 503 2776 etsi
531 2728 660 2775 inter
691 2743 741 2775 se
765 2743 905 2791 pares
930 2743 1030 2774 non
1052 2725 1269 2784 fuerunt,
1303 2735 1470 2776 tamen
1494 2735 1609 2776 sunt
1631 2745 1734 2776 om-

413 2822 499 2853 nes
523 2806 574 2853 in
599 2807 774 2854 eodem
791 2806 1011 2855 veritatis
1034 2806 1301 2856 imitandae
1319 2824 1501 2872 genere
1518 2807 1727 2868 versati3

413 2901 621 2948 quorum
645 2885 878 2951 quamdiu
902 2885 1081 2936 mansit
1101 2886 1332 2947 imitatio,
1362 2886 1552 2936 tamdiu
1571 2901 1730 2952 genus
