2071 3508
302 2754 407 2816 38.

449 440 528 481 478
950 434 1283 475 ORATORIAE

448 549 593 606 citur,
632 546 778 611 aequi
810 552 861 595 et
895 546 1015 595 boni
1050 546 1242 594 ratione
1279 542 1592 593 defenditur:
1631 543 1785 594 altera

447 627 512 676 ad
547 625 938 675 vicissitudinem
975 623 1266 672 referendae
1301 624 1489 687 gratiae
1529 623 1781 688 pertinet:

447 706 583 770 quod
621 705 671 753 in
703 703 962 760 beneficio,
999 703 1192 767 gratia;
1231 703 1281 750 in
1320 701 1515 766 injuria,
1552 702 1674 750 ultio
1698 718 1786 750 no-

445 785 678 833 minatur.
751 783 922 846 Atque
956 782 1081 830 haec
1115 782 1397 830 communia
1434 790 1548 830 sunt
1579 790 1790 830 naturae.

447 871 596 929 atque
619 863 743 928 legis
765 879 778 911 :
799 861 1124 925 ‘sedpropria
1146 861 1270 925 legis
1296 869 1347 909 et
1371 878 1446 920 ea,
1483 878 1608 926 quae
1634 861 1785 926 scrip-

447 951 500 992 ta
528 951 660 1002 sunt,
703 950 755 990 et
792 959 868 1000 ea,
910 957 1036 1005 quae
1079 941 1183 988 sine
1220 940 1390 997 literis,
1435 949 1521 989 aut
1556 941 1784 1005 gentium

437 1012 571 1088 jure,
621 1028 708 1070 aut
746 1020 989 1084 majorum
1030 1036 1167 1068 more
1202 1020 1498 1068 retinentur.
1570 1021 1785 1086 Scripto-

445 1118 555 1149 rum
580 1107 747 1148 autem
776 1098 1025 1163 privatum
1050 1096 1185 1145 aliud
1210 1105 1298 1153 est,
1335 1097 1590 1161 publicum
1616 1098 1751 1147 aliud
1767 1118 1782 1147 ε

444 1185 719 1252 publicum,
754 1183 856 1242 lex,
899 1181 1399 1238 senatusconsultum,
1438 1182 1648 1242 foedus;
1687 1183 1785 1248 pri-

444 1273 634 1324 vatum,
675 1262 893 1322 tabulae,
928 1270 1130 1327 pactum
1158 1271 1475 1318 conventum,
1515 1262 1781 1327 stipulatio.

447 1345 591 1403 Quae
616 1352 783 1392 autem
809 1342 992 1407 scripta
1029 1332 1129 1389 non
1155 1350 1288 1400 sunt,
1330 1358 1388 1389 ea
1411 1350 1497 1389 aut
1522 1350 1787 1390 consuetu.

445 1424 582 1484 dine,
618 1431 705 1472 aut
730 1423 988 1471 conventis
1028 1421 1304 1480 hominum,
1342 1429 1393 1469 et
1417 1421 1554 1485 quasi
1580 1438 1786 1470 consen*

447 1521 505 1553 su
528 1504 834 1552 obtinentur.
907 1502 1079 1566 Atque
1121 1501 1269 1549 etiam
1295 1500 1390 1548 hoc
1432 1502 1482 1548 in
1506 1501 1690 1565 primis,
1727 1508 1787 1551 ut

445 1590 639 1631 nostros
664 1596 823 1629 mores
859 1579 1094 1644 legesque
1137 1587 1380 1635 tueamur,
1419 1579 1787 1642 quodammodo

446 1660 659 1711 naturali
697 1659 810 1724 jure
857 1658 1217 1723 praescriptum
1257 1666 1346 1706 est.
1440 1658 1506 1706 Et
1552 1659 1785 1723 quoniam

444 1740 662 1789 breviter
686 1738 842 1803 aperti
879 1735 1044 1784 fontes
1087 1745 1202 1784 sunt
1226 1736 1363 1800 quasi
1394 1736 1594 1800 quidam
1619 1737 1786 1801 aequi-

444 1819 579 1878 tatis,
631 1817 871 1866 meditata
908 1815 1048 1863 nobis
1086 1815 1151 1862 ad
1187 1814 1282 1862 hoc
1328 1831 1584 1862 causarum
1625 1832 1784 1880 genus

447 1915 551 1948 esse
588 1898 843 1946 debebunt
868 1911 944 1953 ea,
980 1910 1105 1958 quae
1131 1893 1345 1941 dicenda
1363 1902 1508 1941 erunt
1532 1894 1584 1940 in
1607 1895 1786 1943 oratio-

445 1978 610 2036 nibus,
636 1976 697 2024 de
723 1983 918 2033 natura,
944 1973 1005 2021 de
1030 1971 1238 2036 legibus,
1278 1972 1340 2019 de
1365 1988 1501 2020 more
1526 1972 1786 2037 majorum,

447 2058 509 2107 de
533 2055 866 2123 propulsanda
901 2052 1097 2118 injuria,
1134 2053 1196 2101 de
1221 2051 1526 2111 ulciscenda,
1562 2052 1625 2101 de
1649 2053 1788 2102 omni

445 2145 586 2203 parte
616 2136 757 2202 juris.
843 2135 892 2183 Si
932 2132 1291 2198 imprudenter,
1344 2139 1430 2180 aut
1470 2133 1785 2193 necessitate,

447 2225 535 2266 aut
559 2233 677 2266 casu
717 2214 968 2280 quippiam
1007 2212 1204 2271 fecerit,
1241 2212 1375 2276 quod
1409 2228 1515 2260 non
1539 2212 1784 2262 concede-

446 2304 583 2345 retur
611 2296 685 2352 iis,
729 2294 815 2358 qui
840 2310 926 2341 sua
950 2300 1125 2357 sponte
1163 2299 1212 2339 et
1235 2291 1490 2339 voluntate
1514 2290 1780 2340 fecissent:

446 2375 512 2423 ad
536 2374 640 2440 ejus
677 2373 799 2422 facti
824 2371 1260 2436 deprecationem,
1295 2369 1588 2434 ignoscendi
1610 2379 1784 2435 peten-

446 2454 511 2503 da
549 2455 695 2503 venia
736 2460 840 2502 est:
892 2469 1018 2516 quae
1043 2458 1264 2499 sumetur
1289 2467 1351 2498 ex
1390 2449 1636 2514 plerisque
1660 2449 1783 2498 locis

444 2533 723 2598 aequitatis.
794 2530 1090 2596 Expositum
1116 2538 1204 2586 est,
1233 2537 1288 2576 ut
1311 2529 1452 2593 potui
1475 2528 1780 2589 brevissime,

444 2612 508 2660 de
533 2613 668 2661 omni
705 2610 1149 2661 controversiarum
1173 2625 1377 2674 genere,
1414 2608 1506 2656 nisi
1523 2615 1781 2673 praeterea

444 2699 500 2739 tu
525 2690 646 2755 quid
668 2689 890 2755 requiris.

510 2769 699 2818 F1L1us.
750 2768 884 2816 Illud
922 2767 1173 2832 equidem,
1211 2767 1346 2832 quod
1370 2765 1475 2831 jam
1499 2782 1654 2814 unum
1677 2782 1778 2815 res-

442 2855 547 2897 tare
581 2849 747 2908 video,
783 2846 927 2913 quale
952 2847 1028 2904 sit,
1067 2862 1183 2895 cum
1225 2846 1518 2911 disceptatio
1554 2852 1775 2893 versatur

443 2926 497 2974 in
533 2926 742 2993 scriptis.
814 2927 1004 2976 PATER.
1050 2925 1211 2976 Recte
1250 2925 1520 2991 intelligis:
1558 2941 1617 2974 eo
1641 2923 1773 2973 enim

1290 3011 1321 3052 5
