2071 3508
345 660 448 720 36.

348 753 454 794 152.

347 1691 452 1731 153.

488 406 562 441 144
979 400 1054 440 DE
1083 398 1351 441 ORATORE

485 526 560 558 res
583 510 830 575 proposita
854 517 941 566 est,
985 510 1275 575 suscipiunt,
1311 509 1372 557 de
1409 524 1504 572 qua
1533 508 1732 573 copiose
1753 515 1802 557 et

485 588 791 637 abundanter
814 587 1091 652 loquantur.

551 665 682 714 Tum
708 666 925 723 Catulus,
954 667 1057 722 Est,
1083 666 1257 730 inquit,
1284 673 1340 712 ut
1365 665 1501 722 dicis,
1524 664 1728 722 Antoni,
1746 672 1805 713 ut

484 743 704 809 plerique
728 744 1002 808 philosophi
1043 744 1176 790 nulla
1215 743 1413 790 tradant
1446 751 1709 807 praecepta
1732 743 1803 791 di-

486 822 647 879 cendi,
686 831 735 870 et
769 822 981 869 habeant
1004 828 1226 885 paratum
1250 828 1433 876 tamen,
1461 822 1579 883 quid
1602 822 1664 869 de
1689 837 1804 884 qua-

485 919 579 966 que
604 919 656 949 re
682 901 863 949 dicant.
935 900 1031 948 Sed
1058 898 1350 946 Aristoteles
1376 899 1455 962 (is,
1484 915 1629 962 quem
1653 899 1805 946 maxi-

484 997 563 1028 me
601 996 693 1043 ego
734 978 969 1038 admiror)
1011 977 1264 1042 proposuit
1296 976 1531 1040 quosdam
1554 976 1704 1032 locos,
1742 992 1805 1023 ex

485 1058 660 1122 quibus
701 1058 856 1105 omnis
892 1056 1167 1121 argumenti
1191 1055 1283 1111 via,
1317 1071 1416 1102 non
1442 1054 1588 1102 modo
1613 1055 1677 1102 ad
1692 1053 1805 1118 ‘phi-

483 1135 794 1199 Iosophorum
832 1135 1227 1198 disputationem,
1271 1134 1358 1181 sed
1394 1133 1540 1181 etiam
1573 1132 1636 1180 ad
1658 1133 1802 1190 hanc,

485 1230 581 1277 qua
620 1214 670 1260 in
713 1214 868 1261 causis
908 1214 1106 1268 utimur,
1144 1212 1478 1260 inveniretur:
1517 1229 1545 1259 a
1580 1228 1676 1275 quo
1701 1212 1805 1276 qui-

486 1290 597 1338 dem
639 1291 836 1339 homine
865 1290 1175 1354 jamdudum,
1221 1289 1427 1345 Antoni,
1471 1306 1570 1337 non
1612 1291 1806 1339 aberrat

484 1369 639 1417 oratio
662 1377 782 1428 tua;
821 1369 920 1416 sive
960 1376 1017 1416 tu
1053 1367 1370 1415 similitudine
1394 1366 1521 1414 illius
1546 1366 1698 1414 divini
1733 1368 1804 1416 in-

482 1447 616 1511 genii
641 1447 691 1494 in
716 1447 888 1495 eadem
912 1447 1118 1494 incurris
1142 1445 1364 1509 vestigia,
1399 1445 1499 1493 sive
1540 1445 1688 1493 etiam
1722 1446 1807 1495 illa

483 1526 586 1589 ipsa
608 1525 785 1589 legisti,
813 1533 959 1589 atque
984 1524 1229 1584 didicisti3
1269 1523 1401 1587 quod
1426 1523 1625 1587 quidem
1649 1525 1804 1589 magis

483 1603 742 1652 verisimile
766 1604 975 1651 videtur.
1047 1601 1162 1649 Plus
1187 1602 1317 1649 enim
1352 1610 1402 1650 te
1441 1618 1617 1665 operae
1650 1602 1805 1651 Grae-

485 1684 553 1731 cis
579 1682 768 1730 dedisse
793 1683 936 1729 rebus
959 1680 1118 1736 video,
1146 1697 1290 1743 quam
1314 1688 1612 1745 putaramus.
1671 1679 1804 1728 Tum

482 1761 579 1818 ille,
607 1762 808 1819 Verum,
835 1763 1008 1826 inquit,
1031 1778 1093 1810 ex
1118 1778 1196 1810 me
1221 1762 1403 1817 audies,
1433 1761 1608 1809 Catule
1630 1777 1641 1809 :
1671 1761 1803 1810 Sem-

481 1856 569 1904 per
604 1857 697 1904 ego
733 1841 1021 1897 existimavi,
1056 1840 1405 1904 jucundiorem
1438 1847 1489 1887 et
1511 1839 1803 1903 probabilio-

481 1937 584 1967 rem
630 1920 745 1968 huic
786 1920 969 1984 populo
1009 1929 1251 1968 oratorem
1297 1919 1417 1977 fore,
1461 1920 1544 1984 qui
1588 1919 1801 1984 primum

482 2014 628 2062 quam
652 1998 903 2046 minimam
936 1998 1126 2046 artificii
1151 1997 1369 2062 alicujus,
1408 1996 1587 2045 deinde
1616 1997 1802 2045 nullam

483 2075 786 2123 Graecarum
810 2092 972 2123 rerum
997 2075 1402 2139 significationem
1427 2075 1580 2123 daret.
1633 2075 1801 2139 Atque

482 2169 575 2216 ego
598 2153 730 2200 idem
755 2152 1043 2208 existimavi,
1074 2153 1279 2216 pecudis
1304 2170 1423 2209 esse,
1451 2169 1550 2200 non
1574 2153 1799 2210 hominis,

482 2246 595 2276 cum
634 2237 795 2277 tantas
837 2246 912 2277 res
956 2230 1139 2278 Graeci
1175 2230 1492 2294 susciperent,
1517 2230 1802 2295 profiteren-

480 2313 575 2362 tur,
613 2314 830 2369 agerent,
872 2321 1076 2368 seseque
1102 2315 1152 2354 et
1174 2306 1375 2353 videndi
1413 2323 1487 2354 res
1522 2308 1801 2356 obscurissi-

481 2400 597 2440 mas,
636 2392 686 2431 et
718 2385 845 2432 bene
881 2383 1093 2438 vivendi,
1138 2390 1188 2430 et
1212 2384 1407 2447 copiose
1433 2383 1631 2431 dicendi
1655 2385 1799 2432 ratio-

480 2477 593 2508 nem
633 2460 910 2508 hominibus
952 2460 1150 2508 daturos
1186 2460 1548 2525 pollicerentur,
1593 2476 1691 2508 non
1716 2462 1799 2510 ad-

480 2555 675 2588 movere
700 2555 898 2596 aurem3
938 2546 1002 2593 et,
1042 2539 1079 2584 si
1108 2537 1267 2602 palam
1293 2538 1460 2586 audire
1486 2554 1568 2585 eos
1592 2554 1691 2586 non
1716 2557 1798 2588 au·-

481 2618 635 2674 deres,
662 2635 724 2666 ne
743 2619 986 2666 minueres
1010 2618 1141 2682 apud
1164 2626 1274 2665 tuos
1300 2618 1429 2666 cives
1453 2619 1797 2668 auctoritatem

480 2705 634 2756 tuam,
660 2696 1073 2745 subauscultando
1103 2705 1269 2745 tamen
1295 2698 1522 2761 excipere
1547 2713 1693 2746 voces
1717 2714 1797 2746 eo-

480 2792 601 2833 rum,
630 2784 679 2825 et
700 2775 891 2842 procul,
918 2775 1037 2840 quid
1060 2784 1327 2834 narrarent,
1355 2775 1626 2826 attendere.
1697 2775 1795 2824 Ita-
