2071 3508
335 1854 448 1894 208.

474 415 551 453 164
955 415 1031 455 DE
1061 411 1327 454 ORATORE

473 521 578 570 fere
603 522 814 571 maxime
839 532 952 571 sunt
976 525 1025 571 in
1059 524 1284 588 judicum
1326 523 1497 572 animis
1522 527 1650 588 (aut,
1691 524 1795 588 qui-³

477 617 688 665 cumque
722 601 792 648 illi
828 610 990 661 erunt,
1026 603 1157 666 apud
1181 620 1301 667 quos
1325 602 1550 666 agemus)
1576 603 1795 650 oratione

475 680 738 737 molienda,
776 697 927 739 amor,
963 681 1150 738 odium,
1185 681 1454 738 iracundia,
1478 680 1675 736 invidia,
1709 680 1798 726 mi-

476 760 757 818 sericordia,
799 776 926 824 spes,
960 759 1164 817 laetitia,
1200 760 1362 817 timor,
1397 758 1652 818 molestia,
1692 774 1798 805 sen-

475 835 624 886 timus
649 854 864 885 amorem
891 836 1154 892 conciliari,
1198 837 1237 883 si
1260 836 1311 883 id
1329 837 1544 894 videare,
1581 836 1712 900 quod
1737 836 1799 882 sit

475 917 597 965 utile
632 917 765 980 ipsis,
802 916 933 980 apud
971 928 1090 979 quos
1127 932 1259 978 agas,
1299 913 1600 973 defendere3
1640 915 1679 961 si
1714 921 1800 960 aut

474 1012 564 1059 pro
587 995 728 1042 bonis
752 994 883 1051 viris,
925 1000 1010 1040 aut
1035 1001 1169 1040 certe
1193 1009 1281 1055 pro
1316 992 1392 1051 iis,
1434 992 1516 1056 qui
1551 991 1644 1039 illis
1682 990 1801 1038 boni

477 1082 625 1137 atque
662 1071 808 1119 utiles
844 1071 957 1129 sint,
989 1070 1224 1118 laborare.
1301 1070 1527 1133 Namque
1563 1069 1686 1117 haec
1724 1085 1800 1116 res

476 1166 692 1198 amorem
733 1149 888 1212 magis
930 1147 1179 1206 conciliat,
1224 1147 1306 1194 illa
1344 1148 1540 1195 virtutis
1581 1146 1802 1196 defensio

477 1228 766 1285 caritatem3
821 1226 1028 1291 plusque
1068 1226 1280 1289 proficit,
1318 1226 1356 1273 si
1380 1226 1668 1290 proponitur
1692 1240 1802 1288 spes

475 1305 701 1353 utilitatis
723 1304 937 1362 futurae,
977 1321 1122 1367 quam
1146 1303 1396 1367 praeteriti
1419 1303 1646 1350 beneficii
1673 1319 1803 1350 com-

433 1420 444 1432 .
475 1383 780 1431 memoratio.
852 1381 1155 1429 Enitendum
1187 1389 1279 1440 est,
1303 1388 1359 1428 ut
1383 1381 1629 1439 ostendas,
1670 1381 1722 1428 in
1746 1397 1804 1429 ea

476 1478 530 1510 re
571 1477 716 1524 quam
759 1458 1014 1517 defendas,
1053 1467 1138 1506 aut
1171 1459 1461 1523 dignitatem
1502 1459 1676 1516 inesse,
1720 1468 1804 1506 aut

477 1539 772 1597 utilitatem3
826 1553 1057 1600 eumque,
1111 1538 1191 1585 cui
1233 1537 1465 1585 concilies
1501 1537 1636 1585 hunc
1675 1553 1806 1584 amo-

477 1634 595 1674 rem,
634 1615 878 1681 significes
902 1614 1023 1662 nihil
1048 1614 1110 1661 ad
1148 1614 1413 1662 utilitatem
1455 1631 1591 1663 suam
1616 1615 1805 1663 retulis-

478 1712 549 1754 se,
585 1713 642 1743 ac
684 1693 806 1741 nihil
841 1693 1042 1741 omnino
1066 1692 1241 1743 fecisse
1267 1709 1412 1740 causa
1437 1710 1536 1740 sua.
1610 1693 1805 1742 Invide-

478 1782 559 1822 tur
600 1773 730 1822 enim
769 1771 1039 1820 commodis
1064 1771 1317 1818 hominum
1342 1771 1592 1835 ipsorum,
1632 1773 1805 1819 studiis

480 1860 647 1901 autem
673 1867 841 1899 eorum
869 1849 1074 1897 caeteris
1094 1850 1440 1897 commodandi
1464 1849 1670 1898 favetur.
1720 1850 1807 1898 Vi-

482 1930 799 1993 dendumque
824 1928 919 1975 hoc
943 1927 1053 1975 loco
1080 1936 1170 1986 est,
1195 1945 1276 1987 ne,
1315 1945 1434 1992 quos
1459 1930 1520 1975 ob
1546 1927 1807 1976 benefacta

482 2010 620 2074 diligi
644 2008 882 2065 volemus,
909 2023 1078 2054 eorum
1095 2006 1293 2053 laudem
1313 2015 1459 2070 atque
1483 2006 1705 2071 gloriam,
1727 2008 1808 2056 cui

481 2089 694 2137 maxime
719 2085 927 2134 invideri
958 2083 1103 2142 solet,
1144 2084 1288 2131 nimis
1326 2084 1496 2132 efferre
1536 2085 1806 2133 videamur.

485 2167 655 2231 Atque
679 2165 853 2212 iisdem
877 2164 951 2210 his
972 2179 1033 2210 ex
1057 2163 1177 2210 locis
1203 2171 1254 2210 et
1277 2163 1445 2211 odium
1470 2165 1520 2210 in
1545 2164 1662 2213 alios
1687 2173 1809 2213 stru·
1866 2198 1870 2202 ‹

486 2263 567 2294 ere
607 2245 868 2300 discemus,
911 2250 960 2289 et
1001 2259 1029 2288 a
1068 2242 1208 2288 nobis
1246 2259 1304 2288 ac
1329 2243 1504 2289 nostris
1530 2243 1807 2292 demovere.

486 2324 772 2386 Eademque
812 2321 935 2368 haec
976 2335 1159 2383 genera
1195 2321 1452 2367 tractanda
1492 2329 1607 2368 sunt
1646 2322 1697 2368 in
1720 2323 1811 2370 ira-

488 2401 669 2451 cundia
690 2399 769 2447 vel
788 2398 1051 2446 excitanda
1068 2397 1147 2444 vel
1171 2397 1403 2445 sedanda.
1453 2399 1581 2446 Nam
1601 2400 1658 2458 si,
1678 2402 1811 2464 quod

486 2481 621 2546 ipsis,
657 2479 739 2542 qui
776 2477 1000 2534 audiunt,
1034 2476 1363 2539 perniciosum
1399 2484 1485 2524 aut
1518 2478 1691 2526 inutile
1733 2480 1809 2537 sit,

478 2560 540 2607 jd
576 2558 765 2606 factum
803 2571 998 2617 augeas,
1051 2554 1219 2601 odium
1262 2562 1487 2603 creatur:
1549 2556 1642 2616 sin,
1678 2558 1813 2621 quod

488 2644 574 2686 aut
611 2637 661 2683 in
701 2637 856 2684 bonos
897 2633 1043 2691 viros,
1079 2632 1237 2679 autin
1263 2649 1362 2691 eos,
1387 2633 1437 2679 in
1463 2650 1583 2697 quos
1608 2635 1816 2700 quisque

489 2716 689 2763 minime
715 2710 959 2769 debuerit,
992 2718 1077 2757 aut
1099 2710 1150 2756 in
1174 2711 1526 2774 rempublicam
1548 2733 1562 2771 3
1599 2720 1706 2760 tum
1731 2730 1813 2761 ex-

491 2795 671 2841 citatur
708 2792 746 2839 si
786 2807 887 2839 non
927 2797 1028 2837 tam
1053 2790 1283 2837 acerbum
1310 2790 1496 2849 odium,
1537 2798 1702 2840 tamen
1725 2800 1812 2840 aut

347 2887 459 2930 209,
492 2872 704 2920 invidiae
745 2877 831 2919 aut
865 2868 966 2918 odii
1003 2885 1102 2918 non
1128 2868 1370 2916 dissimilis
1395 2869 1612 2918 offensio.
1681 2869 1810 2918 Item
