2071 3508
475 417 552 454 308
982 415 1060 454 DE
1090 413 1289 455 CLARIS

477 523 555 580 da,
595 529 701 571 tum
737 523 1001 572 multorum
1039 524 1309 572 officiorum
1345 522 1694 587 conjunctione
1719 537 1797 569 me

476 603 720 667 privatum
744 603 991 662 videbam,
1026 611 1077 651 et
1111 603 1315 652 interitu
1338 601 1447 651 talis
1473 601 1670 666 auguris
1695 600 1800 664 dig-

477 682 686 730 nitatem
709 682 862 730 nostri
887 681 1081 746 collegii
1101 682 1392 730 diminutam
1419 681 1643 729 dolebam
1665 697 1676 726 :
1705 696 1802 742 qua

478 761 531 812 in
557 761 875 824 cogitatione,
911 768 962 808 et
998 768 1282 824 cooptatum
1307 777 1386 808 me
1411 761 1470 808 ab
1497 776 1555 807 eo
1579 758 1630 805 in
1655 757 1803 806 colle-

479 840 617 903 gium
642 839 951 897 recordabar,
976 839 1026 886 in
1051 856 1148 903 quo
1163 838 1356 903 juratus
1371 838 1617 903 judicium
1643 835 1802 900 digni-

480 918 595 970 tatis
631 934 769 967 meae
804 916 1006 974 fecerat,
1046 926 1096 965 et
1127 918 1476 982 inauguratum
1502 917 1561 964 ab
1587 915 1800 975 eodem3

481 1012 544 1045 ex
569 1013 684 1060 quo,
708 1012 950 1060 augurum
968 997 1223 1055 institutis,
1248 996 1298 1053 in
1316 995 1533 1061 parentis
1553 986 1664 1042 eum
1689 992 1802 1041 loco

482 1075 645 1123 colere
693 1075 947 1123 debebam.
1036 1074 1271 1138 Augebat
1317 1075 1464 1123 etiam
1511 1072 1802 1128 molestiam,

481 1154 616 1218 quod
655 1169 834 1217 magna
887 1153 1182 1217 sapientium
1229 1152 1411 1202 civium
1462 1154 1803 1215 bonorumque

479 1233 703 1297 penuria,
744 1232 817 1279 vir
857 1232 1104 1296 egregius,
1142 1230 1670 1295 conjunctissimusque
1705 1246 1806 1278 me-

482 1301 597 1358 cum
622 1309 936 1359 consiliorum
972 1310 1193 1358 omnium
1229 1310 1484 1369 societate,
1510 1308 1805 1358 alienissimo

480 1389 780 1453 reipublicae
803 1396 1025 1452 tempore
1051 1389 1317 1447 extinctus,
1338 1396 1389 1436 et
1412 1387 1720 1436 auctoritatis
1756 1394 1807 1436 et

482 1467 774 1532 prudentiae
799 1483 913 1515 suae
937 1467 1076 1515 triste
1112 1467 1252 1515 nobis
1278 1467 1574 1515 desiderium
1600 1466 1806 1531 relique-

483 1553 589 1596 rat:
628 1545 972 1609 dolebamque,
1013 1545 1148 1609 quod
1185 1561 1305 1604 non,
1340 1553 1398 1593 ut
1420 1545 1641 1610 plerique
1664 1553 1806 1613 puta-

484 1628 620 1682 bant,
663 1624 1012 1683 adversarium,
1050 1631 1136 1674 aut
1179 1625 1564 1683 obtrectatorem
1604 1624 1807 1675 laudum

484 1721 723 1763 mearum,
752 1703 839 1752 sed
862 1704 1049 1753 socium
1073 1704 1255 1768 potius,
1281 1712 1332 1752 et
1357 1712 1637 1752 consortem
1659 1703 1806 1768 glori-

483 1785 554 1832 osi
593 1784 771 1833 laboris
811 1783 1083 1832 amiseram,
1152 1783 1369 1842 Etenim,
1408 1783 1445 1831 si
1482 1783 1532 1830 in
1566 1783 1806 1831 leviorum

484 1865 663 1923 artium
701 1863 865 1911 studio
905 1863 1169 1911 memoriae
1208 1863 1459 1926 proditum
1498 1870 1588 1921 est,
1635 1867 1805 1926 poetas

484 1942 672 1991 nobiles
719 1945 975 2006 poetarum
1028 1941 1305 2006 aequalium
1352 1950 1508 1992 morte
1557 1941 1803 2007 doluisse;

483 2038 581 2086 quo
604 2021 806 2069 tandem
843 2021 1006 2068 animo
1047 2020 1150 2084 ejus
1186 2021 1440 2071 interitum
1475 2020 1602 2069 ferre
1639 2021 1805 2082 debui,

484 2117 599 2148 cum
624 2116 721 2164 quo
746 2106 935 2154 ,certare
967 2108 1070 2147 erat
1110 2099 1386 2164 gloriosius,
1423 2117 1568 2164 quam
1605 2101 1805 2149 omnino

485 2180 816 2229 adversarium
856 2195 957 2225 non
991 2178 1209 2227 habere?
1247 2196 1359 2227 cum
1383 2180 1670 2244 praesertim
1705 2197 1805 2228 non.

484 2258 632 2305 modo
657 2273 908 2321 nunquam
934 2257 995 2305 sit
1018 2266 1104 2305 aut
1126 2257 1255 2306 illius
1291 2275 1319 2305 a
1354 2275 1433 2306 me
1460 2275 1629 2306 cursus
1655 2259 1805 2323 impe·

486 2337 635 2395 ditus,
660 2344 746 2384 aut
769 2336 829 2383 ab
853 2335 937 2382 illo
961 2352 1117 2394 meus,
1153 2335 1240 2383 sed
1272 2345 1444 2384 contra
1469 2353 1660 2400 semper
1684 2337 1805 2385 alter

487 2417 547 2471 ab
572 2415 726 2463 altero
750 2414 946 2479 adjutus
981 2422 1032 2462 et
1068 2415 1498 2473 communicando,
1532 2424 1581 2467 et
1606 2433 1805 2465 monene

487 2494 569 2554 do,
596 2502 646 2543 et
669 2493 898 2542 favendo.
954 2494 1069 2552 Sed,
1086 2493 1312 2557 quoniam
1333 2502 1571 2558 perpetua
1597 2496 1806 2559 quadam

487 2573 722 2622 felicitate
745 2590 861 2621 usus
884 2572 984 2630 ille,
1003 2573 1150 2621 cessit
1173 2589 1200 2621 e
1224 2573 1339 2630 vita,
1358 2590 1445 2621 suo
1471 2574 1639 2638 magis,
1661 2591 1803 2638 quam

490 2669 687 2714 suorum
729 2652 910 2700 civium
946 2660 1199 2716 tempore3
1239 2660 1288 2700 et
1322 2660 1429 2700 tum
1465 2653 1668 2712 occidit,
1694 2670 1805 2701 cum

496 2732 663 2796 lugere
703 2731 896 2780 facilius
936 2731 1291 2795 rempublicam
1325 2740 1507 2796 posset,
1542 2732 1581 2780 si
1604 2732 1809 2792 viveret,

494 2827 637 2873 quam
653 2809 860 2875 juvare3
897 2810 1117 2874 vixitque
1153 2818 1253 2858 tam
1289 2809 1390 2867 diu,
1425 2827 1569 2874 quam
1592 2809 1732 2858 licuit
1754 2810 1805 2858 in

491 2889 691 2936 civitate
730 2890 860 2944 bene
900 2891 1143 2953 beateque
1180 2889 1381 2952 vivere3
1422 2897 1589 2941 nostro
1622 2889 1806 2939 incom=
