2071 3508
694 400 862 440 LIBER
892 399 1200 441 SECUNDUS.
1535 407 1608 443 1⁴23

287 512 487 562 tationis
509 525 666 569 meae,
693 526 806 558 cum
831 510 924 557 iste
949 509 1201 557 accusavit
1221 509 1278 557 C.
1305 509 1610 568 Norbanum,

289 590 589 639 defendente
625 604 719 636 me.
792 587 908 635 Non
939 595 1013 635 est
1043 587 1294 643 credibile,
1322 587 1441 651 quid
1466 589 1614 636 inter-

289 685 392 716 esse
416 668 535 714 mihi
566 667 628 714 sit
651 667 809 714 visum
842 666 972 714 inter
996 683 1130 725 eum,
1166 667 1250 730 qui
1274 675 1380 714 tum
1407 674 1529 725 erat,
1566 676 1616 714 et
1665 684 1669 692 “

286 746 369 809 qui
401 761 532 794 anno
564 753 678 794 ante
715 743 893 792 fuerat.
965 744 1186 793 Omnino
1219 745 1268 791 in
1306 744 1428 792 illud
1459 761 1617 808 genus

286 841 399 873 eum
426 824 587 872 Crassi
611 823 930 889 magnificum
956 831 1104 888 atque
1136 823 1443 888 praeclarum
1477 831 1619 870 natu-

287 920 340 951 ra
369 905 473 968 ipsa
504 904 749 952 ducebat:
790 892 877 952 s‘e'ld
909 919 966 952 ea
996 920 1097 951 non
1130 904 1246 952 satis
1270 903 1509 968 proficere
1534 919 1619 967 po-

287 984 481 1042 tuisset,
510 983 603 1031 nisi
629 984 826 1043 eodem,
865 984 1031 1032 studio
1056 991 1205 1048 atque
1231 983 1523 1040 imitatione,
1550 984 1620 1031 in-

287 1063 547 1122 tendisset,
583 1071 731 1128 atque
768 1063 837 1111 ita
872 1063 1038 1111 dicere
1077 1071 1382 1121 consuesset,
1424 1070 1480 1111 ut
1514 1071 1621 1112 tota

287 1148 456 1190 mente
477 1142 707 1190 Crassum
733 1151 881 1206 atque
907 1142 1041 1190 omni
1066 1142 1231 1190 animo
1258 1142 1550 1190 intueretur.

356 1220 491 1285 Ergo
527 1221 623 1269 hoc
659 1221 722 1269 sit
755 1221 968 1286 primum
1003 1221 1053 1268 in
1087 1222 1365 1286 praeceptis
1396 1222 1533 1279 meis,
1565 1230 1621 1270 ut
1652 1226 1761 1286 QQ,

290 1299 698 1356 demonstremus,
741 1317 888 1364 quem
930 1300 1182 1360 imitetur;
1234 1309 1384 1364 atque
1422 1301 1508 1359 ita,
1545 1308 1622 1360 ut,
1652 1318 1730 1359 90,

291 1395 417 1442 quae
453 1379 666 1427 maxime
700 1379 950 1427 excellant
974 1379 1024 1425 in
1049 1395 1128 1437 eo,
1158 1395 1305 1442 quem
1331 1379 1620 1437 imitabitur,

292 1474 351 1506 ea
383 1458 757 1522 diligentissime
781 1465 1135 1523 persequatur;
1175 1466 1282 1505 tum
1308 1458 1518 1506 accedat
1542 1475 1624 1506 ex-

292 1537 538 1596 ercitatio,
574 1554 671 1601 qua
704 1537 862 1596 illum,
887 1553 1036 1601 quem
1072 1546 1188 1585 ante
1222 1536 1483 1601 delegerit,
1518 1537 1624 1585 imi-

290 1615 445 1664 tando
474 1615 692 1681 effingat,
729 1624 877 1681 atque
903 1617 973 1664 ita
997 1616 1260 1680 exprimat,
1295 1633 1397 1665 non
1421 1624 1478 1664 ut
1501 1616 1624 1664 mul-

290 1702 368 1742 tos
404 1694 675 1743 imitatores
711 1712 857 1760 saepe
884 1695 1117 1760 cognovi,
1159 1696 1243 1759 qui
1268 1702 1355 1743 aut
1379 1711 1454 1753 ea,
1498 1712 1624 1759 quae

289 1773 456 1823 facilia
471 1783 604 1834 sunt,
624 1783 710 1823 aut
725 1774 874 1823 etiam
893 1775 995 1835 illa,
1014 1792 1140 1840 quae
1160 1775 1391 1839 insignia,
1416 1792 1474 1824 ac
1494 1791 1624 1840 pene

290 1853 485 1913 vitiosa,
522 1862 873 1903 consectantur
908 1853 1166 1903 imitando.
1238 1854 1377 1902 Nihil
1409 1863 1484 1902 est
1506 1853 1624 1902 faci-
1655 1873 1735 1916 91,

288 1931 401 1989 lius,
423 1950 570 1997 quam
595 1934 830 1982 amictum
857 1934 1037 1982 imitari
1063 1932 1287 1998 alicujus,
1313 1941 1400 1981 aut
1424 1941 1626 1993 statum,

293 2020 380 2060 aut
404 2021 610 2060 motum.
666 2013 714 2060 Si
740 2029 857 2061 vero
883 2013 1033 2061 etiam
1057 2013 1220 2060 vitiosi
1245 2011 1432 2077 aliquid
1457 2020 1549 2071 est,
1575 2012 1627 2060 id

293 2107 503 2147 sumere,
543 2099 594 2139 et
631 2091 682 2138 in
720 2108 779 2139 eo
817 2091 1048 2139 vitiosum
1088 2107 1213 2150 esse,
1250 2107 1351 2139 non
1390 2107 1627 2155 magnum

295 2177 401 2230 est3
438 2178 496 2218 ut
519 2170 620 2229 ille,
645 2171 729 2235 qui
755 2187 888 2219 nunc
914 2171 1083 2228 etiam,
1119 2170 1296 2218 amissa
1330 2187 1472 2229 voce,
1507 2170 1629 2219 furit.

295 2248 347 2295 in
376 2249 630 2313 republica
656 2249 848 2309 Furius,
885 2265 1062 2298 nervos
1091 2249 1143 2296 in
1175 2248 1390 2297 dicendo
1415 2249 1473 2298 C.
1501 2249 1630 2297 Fim-

234 2367 240 2372 .
294 2327 449 2386 briae,
485 2344 607 2392 quos
641 2336 809 2376 tamen
844 2327 1019 2376 habuit
1046 2327 1148 2386 ille,
1183 2343 1285 2375 non
1320 2328 1626 2392 assequitur3

299 2407 396 2455 oris
432 2407 746 2472 pravitatem,
789 2415 840 2456 et
874 2408 1137 2456 verborum
1174 2406 1488 2456 latitudinem
1524 2407 1630 2455 imi-

296 2493 446 2534 tatur.
517 2487 615 2535 Sed
637 2495 803 2535 tamen
829 2486 911 2535 ille
936 2503 1029 2535 nec
1056 2486 1275 2551 deligere
1301 2487 1460 2543 scivit,
1490 2486 1630 2550 cujus

297 2565 605 2629 potissimum
642 2566 811 2615 similis
847 2574 1006 2626 esset3
1051 2574 1102 2614 et
1138 2567 1187 2612 in
1225 2582 1284 2614 eo
1320 2566 1444 2630 ipso,
1481 2581 1630 2629 quem

301 2644 574 2709 delegerat,
614 2646 793 2694 imitari
830 2646 978 2694 etiam
1014 2646 1135 2693 vitia
1169 2644 1338 2693 voluit.
1411 2645 1512 2702 Qui
1547 2660 1631 2692 au-
1661 2662 1738 2704 92·

300 2731 403 2772 tem
435 2725 504 2772 ita
533 2723 702 2784 faciet,
740 2733 797 2773 ut
833 2732 1048 2789 oportet,
1086 2724 1299 2788 primum
1338 2723 1510 2788 vigilet
1547 2741 1630 2772 ne-

305 2821 441 2854 cesse
466 2813 542 2854 est
563 2805 615 2853 in
640 2804 936 2870 deligendo:
976 2803 1178 2863 deinde,
1215 2820 1362 2868 quem
1386 2804 1631 2870 probavit,

303 2883 354 2931 in
379 2901 459 2944 e0,
494 2899 621 2949 quae
644 2883 858 2933 maxime
884 2881 1151 2941 excellent,
1176 2899 1234 2932 ea
1258 2882 1631 2947 diligentissime
