2071 3508
702 385 873 425 LIBER
903 386 1156 427 TERTIUS.
1525 396 1606 434 259

260 514 409 563 quam
431 495 644 547 leniter?
681 511 828 559 quam
853 495 1054 543 remisse
1076 495 1093 542 ?
1130 487 1404 558 quam-*tion
1429 508 1603 550 actuo-

264 593 316 625 se
336 579 354 626 ?
389 578 538 625 instat
562 573 715 632 enim,

372 668 407 706 Ο
417 671 532 719 pater
546 668 563 702 ,Ι
591 663 613 702 ὂ
626 663 758 716 patria
775 667 791 702 ,Ι
819 664 842 703 ὅ
862 663 1017 703 Priami
1035 664 1170 704 domus
1187 669 1202 704 !

258 734 310 781 in
335 750 432 798 quo
455 740 595 781 tanta
619 733 921 781 commoveri
945 732 1078 781 aetio
1116 750 1217 782 non
1241 735 1425 798 posset,
1463 735 1502 783 si
1528 753 1603 785 es-

257 819 334 860 set
356 824 616 861 consumta
640 812 891 877 superiore
910 819 1069 871 motu,
1095 820 1146 861 et
1171 813 1426 862 exhausta.
1499 816 1601 864 Ne-

256 906 353 954 que
377 891 430 939 id
453 899 646 940 actores
668 891 804 956 prius
829 891 1079 950 viderunt,
1117 908 1264 955 quam
1289 893 1382 956 ipsi
1400 896 1600 957 poetae,

253 984 402 1033 quam
444 969 660 1033 denique
698 968 769 1015 illi
794 968 944 1016 etiam
970 968 1054 1032 qui
1077 967 1309 1017 fecerunt
1333 972 1526 1030 modos,
1569 990 1600 1021 a

253 1048 432 1113 quibus
455 1048 678 1113 utrisque
716 1048 1041 1096 summittitur
1065 1048 1270 1112 aliquid,
1307 1050 1489 1100 deinde
1515 1069 1600 1100 au-

251 1134 418 1191 getur,
455 1134 775 1186 extenuatur,
811 1127 1029 1186 inflatur,
1065 1128 1299 1188 variatur,
1337 1130 1599 1196 distingui-

250 1213 348 1254 tur.
421 1206 501 1254 Ita
525 1206 587 1254 sit
611 1206 752 1254 nobis
794 1206 947 1270 igitur
981 1214 1184 1255 ornatus
1220 1216 1271 1255 et
1306 1210 1466 1257 suavis
1493 1227 1596 1259 ora-
1635 1236 1741 1276 103.

251 1292 348 1344 tor,
386 1288 506 1351 (nec
545 1293 714 1334 tamen
750 1293 918 1351 potest
955 1285 1096 1334 aliter
1138 1286 1268 1348 esse)
1305 1295 1362 1335 ut
1387 1291 1597 1339 suavita-

251 1374 356 1414 tem
399 1367 583 1415 habeat
624 1374 870 1415 austeram
913 1375 963 1415 et
1004 1367 1230 1427 solidam,
1271 1385 1372 1416 non
1398 1370 1597 1418 dulcem

247 1453 398 1509 atque
424 1445 687 1494 decoctam
710 1464 729 1493 r
761 1461 875 1493 nam
918 1445 1023 1509 ipsa
1064 1445 1128 1493 ad
1157 1447 1434 1494 ornandum
1459 1465 1599 1512 prae-

247 1533 413 1590 cepta,
439 1542 566 1590 quae
593 1525 792 1584 dantur,
819 1523 1060 1589 ejusmodi
1087 1533 1221 1584 sunt,
1262 1534 1320 1574 ut
1345 1543 1404 1574 ea
1428 1544 1599 1591 quam-

249 1605 322 1653 vis
346 1605 690 1669 vitiosissimus
715 1613 880 1653 orator
905 1604 1153 1669 explicare
1188 1607 1358 1670 possit.
1431 1607 1600 1664 Quare
1644 1661 1646 1663 ,

246 1686 329 1750 (ut
353 1692 469 1733 ante
495 1684 627 1746 dixi)
652 1684 869 1749 primum
895 1683 1016 1732 silva
1039 1701 1204 1732 rerum
1246 1703 1304 1733 ac
1331 1687 1600 1734 sententia-

240 1780 352 1812 rum
378 1765 718 1830 comparanda
743 1772 849 1825 est3
890 1782 987 1830 qua
1012 1765 1075 1813 de
1098 1773 1240 1830 parte
1282 1765 1410 1814 dixit
1435 1765 1598 1814 Anto-

240 1843 386 1893 nius:
423 1845 550 1892 haec
595 1843 857 1892 formanda
891 1844 973 1892 filo
1001 1844 1108 1908 ipso
1134 1852 1186 1893 et
1207 1861 1392 1908 genere
1417 1845 1596 1893 oratio-

243 1923 334 1981 nis,
372 1922 703 1971 illuminanda
725 1922 904 1979 verbis,
941 1923 1177 1971 varianda
1201 1924 1475 1972 sententiis.

308 2003 513 2051 Summa
555 2010 723 2051 autem
764 2002 871 2050 laus
914 2002 1227 2067 eloquentiae
1253 2012 1344 2059 est,
1385 2003 1588 2068 amplifi·
1624 2027 1733 2069 104·

241 2099 354 2132 care
378 2099 484 2130 rem
511 2081 749 2138 ornando,
792 2081 926 2145 quod
949 2080 1083 2129 valet
1106 2097 1207 2129 non
1233 2082 1390 2129 solum
1416 2083 1480 2130 ad
1504 2101 1587 2131 au-

235 2161 459 2227 gendum
503 2160 690 2225 aliquid
727 2168 779 2209 et
819 2159 1099 2208 tollendum
1136 2160 1301 2220 altius,
1349 2161 1585 2223 dicendo,

234 2241 324 2290 sed
361 2241 511 2290 etiam
553 2240 617 2288 ad
642 2239 1016 2288 extenuandum
1042 2247 1192 2304 atque
1228 2239 1579 2305 abjiciendum.

235 2320 299 2369 Id
323 2320 633 2369 desideratur
668 2319 897 2368 omnibus
936 2319 995 2367 iis
1019 2319 1071 2366 in
1106 2319 1246 2378 locis,
1283 2337 1405 2384 quos
1430 2321 1493 2369 ad
1528 2322 1579 2369 fi-
1613 2325 1718 2388 ΩΤ,

234 2400 349 2448 dem
391 2399 626 2448 orationis
665 2397 948 2448 faciendam
984 2399 1208 2448 adhiberi
1251 2399 1378 2448 dixit
1415 2400 1576 2450 Anto-

231 2480 362 2538 nius,
386 2479 466 2528 vel
491 2496 606 2528 cum
631 2479 952 2544 explanamus
977 2479 1182 2543 aliquid,
1214 2479 1294 2527 vel
1318 2497 1432 2527 cum
1460 2497 1574 2528 con-

233 2558 457 2607 ciliamus
481 2559 689 2618 animos,
723 2559 804 2607 vel
840 2576 954 2607 cum
992 2559 1313 2607 concitamus.
1386 2559 1484 2607 Sed
1519 2561 1570 2607 in
1608 2580 1716 2621 105,

230 2636 347 2696 hoc,
383 2637 518 2701 quod
557 2644 863 2701 postremum
907 2637 1029 2696 dixi,
1065 2637 1382 2701 amplificatio
1405 2646 1572 2702 potest

229 2716 516 2782 plurimum,
553 2732 710 2780 eaque
749 2732 849 2763 una
886 2715 990 2763 laus
1032 2715 1237 2763 oratoris
1276 2724 1349 2764 est
1373 2717 1571 2781 propria

229 2796 459 2845 maxime.
530 2795 695 2845 Etiam
720 2794 874 2861 major
897 2802 971 2844 est
986 2793 1068 2843 illa
1083 2794 1394 2856 exercitatio,
1419 2813 1566 2861 quam

1134 2890 1166 2922 R.
1201 2883 1230 2921 2
