2071 3508
434 398 513 437 292
973 393 1049 432 DE
1079 390 1347 432 ORATORE

434 525 637 575 genere,
671 515 777 556 tum
802 508 852 555 in
876 507 971 556 hoc
994 507 1100 572 ipso
1125 522 1303 570 magna
1327 502 1572 568 quaedam·
1591 505 1665 548 est
1688 498 1760 546 vis

435 587 836 650 incredibilisque
883 595 1102 634 naturae.
1196 584 1383 633 Omnes
1431 581 1560 628 enim
1606 577 1760 626 tacito

440 667 653 731 quodam
679 682 842 723 sensu,
879 664 981 711 sine
1019 663 1119 710 ulla
1159 670 1261 709 arte
1287 668 1371 708 aut
1394 659 1597 714 ratione,
1636 671 1761 720 quae

441 747 538 793 sint
561 746 612 791 in
637 745 820 791 artibus
845 760 901 791 30
927 743 1195 790 rationibus
1232 749 1368 788 recta
1392 755 1448 786 ac
1484 753 1651 801 prava,
1693 733 1763 782 di-

431 823 685 889 judicant3
724 822 873 884 idque
912 837 1025 868 cum
1062 818 1253 866 faciunt
1289 818 1340 864 in
1375 816 1597 880 picturis,
1639 821 1689 860 et
1711 812 1764 858 in

441 902 610 966 signis,
648 910 697 948 et
736 901 787 946 in
822 899 924 946 aliis
967 898 1211 962 operibus,
1253 896 1315 943 ad
1356 911 1562 959 quorum
1587 890 1764 939 intelli-

439 979 660 1045 gentiam
707 995 734 1024 a
780 985 954 1024 natura
998 976 1158 1022 minus
1204 975 1389 1021 habent
1434 968 1766 1027 instrumenti,

440 1066 548 1106 tum
573 1055 729 1103 multo
754 1054 1024 1101 ostendunt
1048 1052 1201 1114 magis
1226 1052 1276 1097 in
1301 1052 1580 1107 verborum,
1596 1063 1766 1095 nume-

440 1152 625 1192 rorum,
648 1147 925 1194 vocumque
942 1129 1155 1193 judicio:
1184 1129 1316 1192 quod
1341 1146 1397 1176 ea
1422 1137 1536 1175 sunt
1558 1129 1609 1174 in
1636 1141 1766 1174 com-

440 1213 670 1261 munibus
710 1210 858 1257 infixa
899 1208 1132 1263 sensibus,
1194 1224 1354 1270 neque
1397 1223 1562 1254 earum
1604 1220 1766 1252 rerum

442 1307 738 1356 quemquam
779 1288 1002 1336 funditus
1040 1295 1214 1333 natura
1254 1285 1410 1333 voluit
1451 1301 1553 1333 esse
1597 1298 1769 1347 exper-

302 1372 410 1416 196.
441 1379 559 1420 tem.
631 1370 806 1433 Itaque
847 1384 946 1415 non
983 1366 1138 1414 solum
1162 1366 1322 1414 verbis
1347 1373 1450 1413 arte
1474 1363 1643 1429 positis
1667 1378 1769 1409 mo-

441 1457 620 1499 ventur
645 1464 832 1505 omnes,
857 1462 1026 1494 verum
1054 1445 1200 1492 etiam
1226 1445 1441 1492 numeris
1466 1460 1522 1491 ac
1546 1442 1765 1490 vocibus.

445 1529 640 1585 Quotus
677 1527 807 1573 enim
847 1525 1050 1589 quisque
1076 1532 1164 1580 est,
1203 1524 1286 1588 qui
1310 1531 1479 1571 teneat
1502 1530 1656 1570 artem
1680 1537 1769 1568 nu-

442 1622 689 1654 merorum
731 1621 788 1652 ac
829 1602 1120 1650 modorum?
1208 1602 1281 1649 At
1320 1601 1370 1648 in
1395 1601 1469 1648 his
1506 1601 1543 1648 si
1568 1599 1768 1664 paulum

442 1685 592 1732 modo
613 1683 850 1730 offensum
876 1689 963 1736 est,
1002 1688 1057 1727 ut
1093 1688 1178 1727 aut
1213 1680 1551 1728 contractione
1574 1678 1769 1726 brevius

443 1762 597 1818 fieret,
635 1769 721 1809 aut
742 1760 1069 1824 productione
1104 1759 1316 1822 longius,
1353 1758 1544 1806 theatra
1568 1766 1673 1805 tota
1695 1774 1767 1806 re-

428 1841 672 1889 clamant.
745 1839 916 1895 Quid?
954 1839 1047 1885 11οο
1090 1854 1187 1885 11011
1212 1837 1343 1885 idem
1379 1837 1433 1884 fit
1467 1837 1517 1883 in
1547 1836 1769 1894 vocibus,

443 1929 500 1968 ut
524 1939 551 1968 a
575 1919 892 1967 multitudine
934 1927 983 1966 et
1007 1918 1206 1981 populo,
1249 1934 1347 1965 non
1372 1918 1520 1965 modo
1545 1925 1769 1965 catervae

444 2008 593 2063 atque
619 2005 910 2054 conventus,
949 1998 1034 2044 sed
1072 1997 1219 2044 etiam
1243 1997 1334 2060 ipsi
1360 1997 1448 2044 sibi
1473 1995 1652 2059 singuli
1678 1995 1769 2042 dis-

447 2086 703 2142 crepantes
739 2075 1033 2140 ejiciantur?

305 2151 409 2211 51,
514 2155 743 2203 Mirabile
786 2162 873 2210 est,
914 2171 1025 2201 cum
1050 2154 1314 2217 plurimum
1350 2155 1397 2201 in
1436 2155 1665 2203 faciendo
1699 2154 1770 2201 in-

308 2243 415 2289 197.
446 2235 587 2284 tersit
622 2234 751 2280 inter
789 2233 991 2280 doctum
1031 2241 1080 2279 et
1117 2233 1305 2289 rudem,
1344 2251 1489 2297 quam
1524 2249 1623 2280 non
1649 2232 1771 2280 mul-

447 2322 554 2362 tum
581 2312 772 2359 differat
806 2311 856 2356 in
887 2310 1176 2373 judicando.
1249 2311 1345 2357 Ars
1388 2312 1532 2367 enim,
1589 2328 1702 2358 cum
1743 2329 1772 2358 a

430 2411 433 2414 ⁴
449 2400 623 2439 natura
637 2388 861 2453 profecta
876 2390 954 2447 sit,
970 2389 1061 2435 nisi
1078 2397 1301 2435 naturam
1321 2397 1516 2436 moveat
1534 2406 1590 2436 30
1608 2388 1769 2438 delec-

429 2477 539 2527 -tet,
575 2466 695 2514 nihil
721 2483 835 2514 sane
861 2467 1016 2529 egisse
1035 2467 1276 2514 videatur.
1346 2466 1482 2514 Nihil
1507 2475 1581 2514 est
1604 2475 1771 2514 autem

448 2556 550 2596 tam
576 2554 841 2610 cognatum
883 2546 1128 2594 mentibus
1168 2546 1363 2604 nostris,
1399 2562 1544 2609 quam
1579 2546 1770 2594 numeri

450 2635 597 2690 atque
622 2641 799 2683 voccs3
845 2624 1019 2687 quibus
1061 2632 1111 2671 et
1149 2625 1441 2683 excitamur,
1478 2632 1527 2672 et
1549 2624 1770 2672 incendi-

448 2721 577 2763 mur,
613 2711 664 2751 et
686 2702 915 2759 lenimur,
951 2710 1001 2749 et
1036 2702 1411 2766 languescimus,
1451 2710 1500 2750 et
1525 2702 1588 2749 ad
1611 2701 1770 2749 hilari-

448 2790 620 2840 tatem,
657 2789 707 2828 et
731 2780 793 2828 ad
827 2779 1073 2827 tristitiam
1110 2797 1253 2844 saepe
1290 2780 1614 2828 deducimur:
1652 2796 1770 2843 quo-

449 2877 558 2908 rum
581 2858 664 2908 illa
687 2875 876 2907 summa
897 2859 970 2907 vis
996 2859 1290 2909 carminibus
1315 2868 1389 2909 est
1407 2860 1633 2925 aptior-et
1657 2873 1769 2906 can-
