2071 3508
542 777 1254 844 ANNOTATIONES

875 976 921 1001 IN

269 1142 553 1193 LIBRUM
589 1140 987 1192 SECUNDUM
1023 1141 1119 1190 DE
1155 1137 1524 1201 ORATOARE.

749 1377 1048 1399 {4

287 1564 383 1616 Pag.
403 1567 467 1604 93.
500 1563 566 1602 lin.
597 1565 657 1605 17.
717 1564 831 1615 Septa
866 1565 1077 1613 teneatur]
1138 1561 1320 1614 Intellige
1354 1574 1421 1600 ars
1449 1574 1508 1606 ea,
1538 1573 1560 1598 e

230 1630 432 1682 superiori,
451 1636 596 1668 ceterae
615 1636 730 1668 artes.
790 1630 851 1668 Ita
870 1643 948 1667 non
968 1642 1126 1668 necesse
1152 1629 1240 1674 erit,
1260 1641 1349 1666 cum
1370 1628 1561 1666 Lambino

230 1697 425 1749 corrigere
444 1702 601 1749 septum,
622 1696 726 1747 quod
745 1704 785 1734 et
803 1696 964 1734 Pearcio
983 1696 1174 1747 placebat.
1231 1695 1472 1733 ERNESTUS.

285 1764 380 1816 Pag.
402 1765 466 1805 97.
495 1763 562 1801 lin.
584 1767 648 1801 31.
703 1762 809 1801 haud
825 1762 899 1802 scio
919 1776 970 1801 an
990 1761 1095 1801 nulla
1117 1763 1180 1809 sit,
1213 1764 1307 1812 &c.]
1372 1761 1435 1800 Sic
1456 1761 1561 1800 edidi

226 1844 250 1870 e
265 1831 356 1870 MS.
372 1829 602 1882 Erlangensi
620 1842 690 1881 pro
709 1843 760 1868 an
780 1829 880 1868 ulla.-
913 1830 1018 1881 quod
1030 1830 1209 1868 vitiosum
1228 1842 1327 1875 esse,
1340 1829 1458 1867 etiam
1477 1830 1559 1868 sine

227 1898 332 1937 libris
352 1897 515 1949 intelligi
534 1897 674 1935 debet:
705 1896 795 1948 quia
812 1896 886 1934 ista
903 1896 1028 1935 forma
1059 1896 1173 1935 haud?
1189 1896 1264 1935 scio
1295 1895 1470 1935 modeste
1504 1896 1559 1935 af-

226 1965 364 2004 firmat.
420 1964 546 2001 IDEM.

283 2032 378 2083 Pag.
398 2034 462 2071 99.
482 2030 549 2067 lin.
569 2033 629 2069 19.
689 2031 751 2068 Sic
770 2029 867 2068 enim
887 2044 926 2068 se
945 2043 1004 2068 res
1019 2028 1142 2077 habet,
1163 2035 1219 2077 ut,
1235 2030 1557 2082 quemadmodum,

227 2101 321 2149 δια]
385 2097 450 2136 Sic
475 2096 621 2148 vulgati
641 2109 786 2135 omnes.
845 2098 901 2134 At
920 2096 1099 2148 primurn,
1119 2096 1160 2135 in
1179 2109 1286 2148 seqq.
1306 2096 1393 2134 libri
1423 2110 1557 2136 omnes

225 2167 372 2205 habent
386 2163 612 2202 indicativos
626 2163 810 2216 gestiunt,
829 2164 1007 2215 cupiunt:
1040 2163 1180 2202 deinde
1198 2164 1337 2202 Cicero
1352 2163 1450 2202 solet
1465 2164 1555 2211 hoc,

225 2235 278 2273 sic
297 2247 335 2272 se
349 2246 409 2271 res
429 2230 553 2278 habet,
574 2230 750 2269 absolute
769 2243 929 2282 ponere,
943 2244 1020 2269 non
1039 2244 1110 2282 per
1129 2231 1444 2282 conjunctionem
1465 2244 1555 2270 cum

225 2299 477 2352 sequentibus
515 2298 709 2349 copulare.
778 2297 916 2349 Itaque
955 2304 995 2336 ut
1033 2297 1297 2336 inducendum
1334 2306 1430 2350 puto
1465 2312 1555 2338 cum

225 2367 430 2407 Lambino.
488 2365 611 2405 Uncis
630 2365 779 2404 inclusi.
817 2365 862 2402 In
885 2365 958 2404 Ed.
978 2366 1041 2403 W.
1062 2373 1120 2404 est
1138 2365 1298 2404 habent:
1330 2366 1433 2405 unde
1453 2366 1554 2406 forte

225 2442 357 2474 natum
388 2440 448 2472 est
476 2439 529 2479 ut,
559 2432 774 2484 eademque
808 2445 897 2470 cum
931 2432 1070 2471 ceteris
1102 2432 1336 2470 editionibus
1363 2433 1555 2484 prioribus

224 2515 317 2540 mox
337 2501 525 2553 ffngere,
545 2507 589 2536 ut
610 2499 727 2537 MSS.
748 2498 903 2550 quidam
922 2499 1027 2550 apud
1042 2499 1199 2538 Gruter.
1218 2507 1259 2537 et
1279 2499 1369 2536 E—
1390 2499 1554 2552 Fingere

224 2569 274 2608 de
294 2568 386 2606 nido
405 2575 466 2605 est
484 2566 643 2604 verbum
665 2566 872 2617 proprium.
929 2565 1054 2603 IDEM.

279 2635 375 2686 Pag.
406 2636 497 2672 112.
537 2633 604 2671 lin.
627 2637 662 2670 1.
717 2633 922 2671 orationem
956 2646 1073 2670 meam
1107 2632 1258 2671 illorum
1290 2639 1417 2680 cantu,
1451 2637 1546 2686 δῖα]

227 2701 291 2740 Sic
324 2700 482 2752 vulgati.
538 2699 705 2738 Ernesto
739 2699 923 2752 quosdam
952 2701 1115 2750 juvenes
1146 2701 1184 2737 in
1220 2701 1277 2738 his
1306 2701 1410 2739 libris
1439 2715 1554 2740 exer-

224 2768 342 2815 centi,
362 2780 460 2806 unus
480 2780 530 2806 ex
554 2767 611 2814 iis,
641 2767 698 2805 vir
716 2767 872 2806 illustris
892 2774 932 2806 et
946 2780 1157 2818 generosus
1177 2768 1222 2805 de
1243 2768 1393 2806 Roeder
1411 2781 1552 2820 propo-

223 2836 300 2876 suit
318 2836 420 2876 hanc
439 2836 718 2888 conjecturam,
753 2841 798 2873 ut
827 2848 898 2887 pro
927 2842 1057 2881 cantu,
1091 2834 1157 2887 qui
1188 2834 1301 2874 nimis
1325 2835 1551 2875 abhorreret

1149 2902 1219 2951 Ll
