2071 3508
755 370 1126 411 ORATORIBUS.
1524 376 1603 414 353

265 478 479 535 dicebat,
520 478 607 527 sed
646 478 831 541 polite:
871 478 1051 526 Latine
1092 495 1210 527 vero
1246 478 1298 525 in
1332 479 1502 542 primis
1528 490 1603 530 est

264 557 519 622 eleganter
542 557 753 605 locutus.
826 556 969 612 Quae
1004 556 1111 604 laus
1143 557 1317 606 eadem
1341 558 1393 604 in
1421 558 1486 606 A.
1516 561 1604 607 Al-

263 637 382 685 bino
405 639 532 685 bene
557 634 794 699 loquendi
818 634 930 683 fuit.
1003 636 1134 684 Nam
1170 637 1350 684 flamen
1389 636 1605 686 Albinus

265 715 415 764 etiam
453 715 506 761 in
547 730 755 762 numero
795 721 870 761 est
910 714 1109 763 habitus
1153 715 1465 764 disertorum.
1539 717 1604 773 Q.

265 794 414 841 etiam
441 792 647 858 Caepio,
672 793 745 840 vir
770 809 884 841 acer
910 800 961 842 et
985 793 1144 854 fortis,
1176 795 1258 843 cui
1281 794 1483 844 fortuna
1506 796 1609 845 bel-

262 870 316 931 li,
344 870 572 932 crimini;
611 872 799 921 invidia
822 873 1012 938 populi,
1040 874 1309 923 calamitati
1332 874 1444 923 fuit.

331 950 464 999 Tum
491 951 640 1000 etiam
679 951 736 1000 C.
766 959 817 1000 et
842 951 902 1000 L.
932 952 1163 1001 Memmii
1187 954 1411 1014 fuerunt,
1448 962 1607 1004 orato-
1656 953 1668 977 ‘'
1707 960 1715 963 “
1734 984 1746 997 .

260 1046 338 1078 res
380 1030 678 1089 mediocres,
718 1038 1033 1079 accusatores
1069 1049 1206 1081 acres
1242 1040 1391 1097 atque
1422 1035 1604 1083 acerbi.

262 1109 441 1175 Itaque
481 1110 533 1158 in
565 1109 816 1175 judicium
853 1111 1028 1176 capitis
1064 1111 1246 1161 multos
1281 1124 1606 1172 vocaverunt,

260 1205 352 1254 pro
376 1189 472 1238 reis
498 1206 598 1237 non
636 1206 781 1254 saepe
815 1190 1066 1239 dixerunt.
1139 1191 1221 1255 Sp.
1249 1191 1465 1240 Thorius
1491 1193 1607 1241 satis

262 1268 419 1317 valuit
442 1270 494 1316 in
518 1269 743 1334 populari
768 1286 954 1334 genere
982 1270 1201 1330 dicendi,
1238 1271 1293 1327 is,
1322 1271 1406 1335 qui
1431 1289 1608 1335 agrum

260 1349 536 1413 publicum,
577 1350 754 1398 vitiosa
787 1357 839 1398 et
861 1349 1025 1398 inutili
1049 1350 1182 1414 lege,
1217 1351 1454 1415 vectigali
1478 1351 1608 1400 leva-

262 1428 349 1476 vit.
424 1428 499 1476 M.
546 1428 818 1477 Marcellus
863 1428 1131 1477 Aesernini
1176 1437 1338 1493 pater,
1380 1446 1482 1477 non
1523 1431 1606 1482 ille

263 1506 467 1571 quidem
508 1506 561 1553 in
598 1507 840 1570 patronis,
879 1507 967 1555 sed
993 1515 1044 1555 et
1067 1507 1119 1554 in
1142 1508 1384 1572 promptis
1420 1516 1606 1567 tamen,

263 1593 316 1634 et
339 1602 441 1633 non
465 1585 806 1633 inexercitatis
833 1585 896 1632 ad
921 1585 1212 1645 dicendum,
1247 1585 1363 1646 fuit,
1400 1595 1457 1635 ut
1480 1587 1608 1636 filius

263 1663 388 1729 ejus,
416 1664 471 1712 P.
498 1663 762 1712 Lentulus.
834 1664 894 1712 L.
934 1664 1083 1712 etiam
1122 1665 1290 1725 Cotta,
1314 1667 1607 1730 praetorius,

261 1743 315 1792 in
353 1744 682 1793 mediocrium
724 1752 974 1792 oratorum
1015 1759 1239 1803 numero,
1279 1745 1482 1795 dicendi
1507 1764 1608 1795 non

261 1824 333 1873 ita
356 1823 571 1872 multum
594 1822 741 1871 laude
765 1830 1075 1888 processerat
1097 1844 1110 1884 3
1151 1825 1239 1872 sed
1258 1824 1320 1873 de
1345 1825 1609 1887 industria,

264 1918 381 1952 cum
404 1903 583 1960 verbis,
621 1910 730 1950 tum
755 1902 905 1950 etiam
930 1902 1037 1967 ipso
1062 1919 1183 1951 sono
1208 1904 1346 1967 quasi
1371 1905 1611 1953 subrusti-

264 1998 326 2031 co
349 1982 739 2046 persequebatur
763 1989 912 2046 atque
931 1981 1218 2030 imitabatur
1241 1983 1609 2047 antiquitatem.

267 2061 440 2126 Atque
465 2078 560 2125 ego
585 2068 636 2109 et
659 2061 711 2108 in
736 2060 832 2108 hoc
857 2061 964 2125 ipso
984 2061 1152 2120 Cotta,
1178 2070 1230 2110 et
1253 2062 1305 2109 in
1330 2062 1436 2110 aliis
1459 2063 1612 2127 pluri-

263 2141 358 2189 bus
383 2140 626 2204 intelligo,
654 2156 734 2187 me
759 2156 861 2188 non
886 2140 956 2187 ita
974 2139 1183 2188 disertos
1208 2141 1435 2189 homines
1461 2150 1512 2189 et
1536 2159 1610 2191 re-

264 2220 437 2269 tulisse
484 2220 535 2267 in
584 2226 835 2267 ora-torum
882 2235 1165 2278 numerum,
1218 2228 1270 2268 et
1316 2221 1606 2270 relaturum.

265 2299 358 2348 Est
381 2299 514 2348 enim
537 2298 846 2364 propositum
873 2298 1107 2364 colligere
1133 2316 1236 2358 eos,
1273 2300 1358 2364 qui
1381 2300 1478 2349 hoc
1503 2319 1610 2350 mu-

264 2396 384 2430 nere
409 2380 460 2427 in
486 2379 687 2428 civitate
703 2377 867 2426 functi
892 2378 1008 2438 sint,
1028 2386 1084 2427 ut
1099 2386 1331 2428 tenerent
1355 2388 1609 2429 oratorum

264 2459 464 2509 locum:
502 2475 712 2523 quorum
738 2458 942 2523 quidem
962 2475 1088 2523 quae
1111 2457 1264 2507 fuerit
1288 2460 1528 2517 ascensio,
1557 2469 1610 2510 et

266 2556 416 2604 quam
439 2538 492 2586 in
516 2539 744 2588 omnibus
770 2540 916 2588 rebus
935 2538 1144 2587 difficilis
1164 2538 1340 2603 optimi
1363 2538 1608 2604 perfectio

263 2627 417 2684 atque
453 2617 712 2675 absolutio,
753 2635 816 2666 ex
840 2635 916 2676 eo,
957 2618 1093 2683 quod
1117 2618 1300 2677 dicam,
1337 2619 1608 2668 existimari

265 2705 449 2765 potest.
520 2697 686 2755 Quam
726 2697 870 2746 multi
909 2699 1041 2746 enim
1080 2698 1186 2763 jam
1222 2706 1442 2748 oratores
1474 2715 1607 2748 com·

268 2776 530 2826 memorati
555 2784 688 2838 sunt,
713 2784 765 2827 et
790 2794 937 2842 quam
963 2776 1050 2825 diu
1074 2777 1127 2825 in
1152 2794 1325 2826 eorum
1350 2792 1608 2828 enumera.

267 2856 407 2909 tione
430 2873 701 2920 versamur,
726 2874 842 2910 cum
865 2866 1034 2909 tamen
1059 2858 1227 2925 spisse,
1254 2866 1404 2926 atque
1428 2859 1532 2921 vix,
1550 2867 1608 2910 ut

1244 2955 1272 2986 Ζ
