2071 3508
726 401 1099 442 ORATORIBUS.
1495 404 1571 440 363

240 510 424 561 invidia
450 512 728 562 concitatur
742 511 794 557 in
809 510 1056 574 judicum,
1085 516 1135 556 et
1158 507 1209 554 in
1229 514 1573 555 accusatorum

238 590 523 647 factionem,
563 597 734 638 contra
777 605 986 653 quorum
1022 586 1296 651 potentiam
1331 584 1576 649 populari-

238 677 314 718 ter
348 678 453 719 tum
497 668 766 718 dicendum
799 667 910 716 fuit.
983 666 1151 715 Multa
1174 666 1225 712 in
1248 664 1331 712 illa
1354 664 1576 712 oratione

235 749 469 813 graviter,
523 747 678 796 multa
723 747 920 805 leniter,
973 744 1130 792 multa
1177 760 1361 808 aspere,
1422 742 1578 790 multa

234 824 399 874 facete
425 826 561 874 dicta
586 834 722 873 sunt:
754 824 896 889 plura
921 825 1070 871 etiam
1097 823 1231 872 dicta
1256 839 1403 887 quam
1429 813 1578 886 scrip-

237 912 306 964 ta,
349 905 483 970 quod
508 921 570 953 ex
596 904 889 969 quibusdam
918 903 1161 968 capitibus
1191 902 1445 966 expositis,
1483 917 1577 948 nec

237 984 513 1050 explicatis,
570 982 782 1048 intelligi
823 990 1004 1048 potest.
1078 981 1193 1046 Ipsa
1233 981 1316 1028 illa
1358 979 1579 1028 censoria

238 1071 413 1112 contra
454 1063 548 1113 Cn.
576 1062 857 1111 Domitium
901 1060 1143 1124 collegam
1168 1075 1269 1108 non
1294 1068 1369 1108 est
1404 1060 1579 1117 oratio,

238 1144 327 1193 sed
365 1144 503 1210 quasi
529 1143 692 1208 capita
717 1158 900 1200 rerum,
943 1149 994 1189 et
1017 1139 1251 1188 orationis
1276 1146 1580 1188 commenta-

238 1223 367 1272 rium
405 1223 554 1289 paulo
594 1223 804 1288 plenius.
876 1220 1029 1269 Nulla
1067 1228 1142 1268 est
1166 1219 1298 1268 enim
1323 1217 1580 1266 altercatio

240 1302 537 1354 clamoribus
578 1318 795 1368 unquam
828 1300 997 1349 habita
1020 1299 1299 1364 majoribus.
1371 1297 1438 1345 Et
1462 1312 1579 1344 vero

236 1383 333 1432 fuit
356 1385 407 1432 in
431 1383 528 1432 hoc
555 1391 605 1431 et
628 1381 877 1447 popularis
914 1379 1067 1428 dictio
1093 1378 1342 1427 excellens
1363 1395 1375 1424 :
1419 1376 1579 1424 Anto-

239 1463 310 1511 nii
350 1480 508 1528 genus
549 1462 749 1512 dicendi
791 1460 948 1509 multo
990 1459 1150 1525 aptius
1166 1457 1390 1523 judiciis,
1431 1471 1578 1520 quam

240 1543 580 1592 concionibus.

309 1622 426 1671 Hoc
442 1622 553 1672 loco
572 1623 733 1688 ipsum
753 1624 1033 1673 Domitium
1053 1640 1154 1673 non
1171 1622 1412 1686 relinquo.
1450 1620 1581 1669 Nam
1613 1616 1721 1676 45,

241 1702 334 1752 etsi
372 1718 472 1750 non
511 1701 608 1749 fuit
642 1703 694 1750 in
720 1713 970 1752 oratorum
996 1720 1218 1759 numero,
1256 1710 1423 1750 tamen
1448 1715 1582 1764 pono

239 1780 356 1830 satis
380 1780 432 1827 in
458 1796 517 1828 eo
541 1778 691 1827 fuisse
729 1779 964 1828 orationis
989 1787 1137 1842 atque
1163 1779 1371 1843 ingenii,
1408 1796 1506 1843 quo
1532 1787 1583 1827 et

239 1859 556 1924 magistratus
596 1875 877 1923 personam,
927 1867 979 1906 et
1020 1857 1328 1906 consularem
1372 1857 1583 1921 dignita-

240 1946 344 1986 tem
383 1944 622 1986 tueretur.
697 1936 848 1993 Quod
888 1936 1022 1985 idem
1062 1937 1124 1984 de
1163 1936 1219 1984 C.
1247 1935 1420 1984 Coelio
1445 1934 1581 1984 dixe-

241 2016 354 2074 rim,
391 2014 682 2062 industriam
708 2014 758 2061 in
784 2030 844 2062 eo
869 2031 1108 2062 summam
1143 2013 1307 2070 fuisse,
1347 2029 1582 2062 summas-

244 2111 341 2160 que
366 2094 603 2142 virtutes:
644 2093 956 2158 eloquentiae
980 2101 1190 2149 tantum,
1220 2093 1354 2157 quod
1378 2100 1507 2140 esset
1530 2092 1583 2139 in

242 2176 390 2223 rebus
415 2173 636 2239 privatis,
672 2173 843 2222 amicis
869 2172 1008 2238 ejus3
1048 2173 1098 2220 in
1124 2171 1395 2237 republica,
1431 2172 1583 2236 ipsius

243 2254 476 2319 dignitati
502 2254 631 2301 satis.
702 2253 895 2301 Eodem
931 2261 1153 2317 tempore
1182 2251 1256 2300 M.
1297 2251 1584 2299 Herennius

241 2335 293 2382 in
319 2334 651 2383 mediocribus
693 2334 984 2389 oratoribus,
1025 2333 1204 2381 Latine
1242 2340 1292 2380 et
1317 2330 1583 2396 diligenter

243 2413 578 2479 loquentibus,
615 2420 902 2462 numeratus
944 2422 1048 2462 est:
1089 2413 1173 2478 qui
1198 2421 1366 2460 tamen
1392 2427 1582 2458 summa

245 2493 504 2542 nobilitate
528 2494 796 2551 hominem,
839 2493 1156 2557 cognatione,
1181 2491 1459 2549 sodalitate,
1486 2490 1584 2538 col-

245 2573 397 2638 legio,
433 2589 623 2621 summa
659 2573 808 2621 etiam
845 2572 1146 2637 eloquentia,
1183 2571 1241 2619 L.
1282 2570 1580 2635 Philippum,

245 2653 297 2701 in
324 2652 607 2701 consulatus
642 2652 884 2717 petitione
909 2651 1173 2717 superavit.
1245 2650 1436 2697 Eodem
1460 2658 1583 2698 tem-

245 2750 365 2799 pore
391 2733 449 2782 C.
478 2732 701 2790 Clodius,
738 2732 830 2780 etsi
865 2740 1068 2796 propter
1093 2746 1332 2779 summam
1358 2729 1582 2778 nobilita-

245 2823 365 2871 tem,
405 2821 455 2862 et
491 2810 788 2877 singularem
813 2811 1088 2876 potentiam
1113 2826 1321 2875 magnus
1347 2818 1470 2869 erat,
1511 2818 1582 2858 ta-

247 2910 364 2944 men
387 2892 537 2943 etiam
575 2890 888 2955 eloquentiae
912 2891 1159 2956 quandam
1185 2889 1580 2939 mediocritatem
