2071 3508
679 395 1073 437 PARTITIONES.
1469 403 1550 442 465

204 517 340 570 sunt,
364 524 491 576 quae
515 507 656 556 nobis
681 511 964 571 suppetant,
1000 505 1087 554 sed
1113 505 1262 554 etiam
1286 505 1387 566 illa,
1422 525 1549 572 quae

204 590 545 644 adversentur,
566 585 798 634 videnda.
851 585 936 644 Et,
956 585 995 632 si
1016 602 1078 633 ex
1099 587 1421 634 contentione
1443 605 1552 651 pro-

207 668 411 718 cliviora
435 673 582 715 erunt
605 672 798 723 nostra,
827 680 928 712 non
945 663 1104 712 solum
1122 663 1248 713 effici
1264 681 1407 729 posse
1423 683 1550 730 quae

206 746 490 804 suademus,
516 744 611 793 erit
634 744 1068 809 persuadendum:
1097 744 1184 792 sed
1203 745 1478 792 curandum
1506 763 1555 794 e-

205 826 346 884 tiam,
371 833 429 874 ut
446 824 530 874 illa
548 826 728 883 facilia,
755 825 1013 891 proclivia,
1030 824 1259 890 jucunda
1274 826 1556 876 videantur.

204 904 626 955 Dissuadentibus
651 915 836 963 autem,
876 913 962 954 aut
997 905 1184 953 utilitas
1208 905 1560 955 labefactanda

203 991 299 1044 est,
335 992 423 1033 aut
447 984 697 1034 efficiendi
723 984 1039 1034 difficultates
1065 984 1362 1044 efferendae,
1392 1002 1557 1050 neque

205 1063 313 1112 aliis
339 1081 402 1114 ex
425 1065 723 1130 praeceptiS‚
751 1065 838 1113 sed
862 1065 1038 1113 iisdem
1066 1081 1128 1113 ex
1154 1065 1392 1113 suasionis
1416 1064 1557 1114 locis.

205 1140 435 1210 Uterque
459 1160 579 1192 vero
604 1143 669 1191 ad
693 1143 981 1208 augendum
1006 1144 1189 1191 habeat
1214 1143 1558 1209 exemplorum

206 1231 296 1273 aut
330 1225 631 1283 recentium,
673 1240 772 1288 quo
813 1223 1008 1272 notiora
1047 1223 1159 1281 sint,
1201 1231 1288 1272 aut
1312 1233 1560 1284 veterum,

207 1319 309 1368 quo
349 1303 462 1369 plus
499 1303 810 1352 auctoritatis
846 1302 1081 1362 habeant,
1125 1304 1353 1368 copiam:
1406 1303 1564 1351 maxi-

208 1399 391 1448 meque
432 1383 496 1432 sit
532 1384 586 1431 in
623 1383 720 1432 hoc
755 1400 942 1448 genere
978 1383 1267 1442 meditatus,
1313 1391 1372 1431 ut
1405 1383 1565 1448 possit

208 1462 291 1511 vel
315 1463 474 1524 utilia,
511 1481 570 1513 ac
595 1464 873 1513 necessaria
892 1480 1038 1528 saepe
1056 1463 1296 1523 honestis,
1332 1462 1411 1512 vel
1436 1464 1564 1513 haec

206 1542 306 1592 illis
330 1545 594 1594 anteferre.
667 1543 754 1592 Ad
771 1544 1160 1593 commovendos
1179 1552 1347 1592 autem
1372 1543 1566 1593 animos

211 1623 430 1673 maxime
454 1623 736 1689 proficient,
766 1624 806 1672 si
831 1622 1075 1672 incitandi
1112 1631 1273 1680 erunt,
1313 1623 1567 1688 hujusmo-

212 1702 264 1752 di
306 1704 605 1764 sententiae,
652 1721 780 1769 quae
822 1703 888 1752 ad
928 1702 1201 1768 explendas
1244 1704 1563 1770 cupiditates,

212 1791 301 1833 aut
341 1784 407 1833 ad
447 1785 619 1833 odium
661 1784 963 1844 satiandum,
1017 1792 1105 1833 aut
1145 1784 1210 1832 ad
1250 1785 1566 1834 ulciscendas

210 1863 418 1928 injurias
452 1865 793 1930 pertinebunt.
888 1864 974 1913 Sin
1010 1872 1180 1912 autem
1222 1864 1526 1928 reprimendi
1546 1886 1565 1928 ;

213 1942 278 1992 de
302 1945 497 1994 incerto
522 1952 655 1993 statu
678 1943 926 2001 fortunae,
966 1944 1228 2009 dubiisque
1264 1945 1456 1993 eventis
1491 1961 1568 1994 re-

215 2038 328 2070 rum
369 2023 670 2084 futurarum,
708 2031 761 2073 et
801 2023 1075 2072 retinendis
1114 2024 1211 2072 suis
1253 2023 1481 2082 fortunis,
1526 2025 1569 2074 si

216 2109 366 2151 erunt
404 2103 689 2164 secundae3
731 2104 807 2152 sin
848 2111 1017 2153 autem
1055 2103 1310 2163 adversae,
1353 2103 1415 2151 de
1439 2104 1569 2168 peri-

216 2182 334 2232 culo
357 2184 727 2233 commonendi.
799 2184 974 2249 Atque
1011 2184 1063 2232 hi
1089 2184 1292 2249 quidem
1317 2191 1434 2232 sunt
1457 2201 1568 2249 per-

217 2263 455 2313 orationis
494 2263 610 2312 loci.
696 2263 948 2328 Principia
988 2271 1158 2312 autem
1204 2262 1257 2311 in
1305 2264 1568 2312 sententiis

217 2341 446 2393 dicendis
485 2344 657 2394 brevia
694 2361 800 2394 esse
841 2344 1045 2393 debent.
1129 2343 1249 2393 Non
1287 2344 1421 2392 enim
1453 2360 1568 2409 sup-

218 2423 354 2489 plex,
388 2431 448 2473 ut
471 2425 536 2474 ad
550 2423 799 2490 judicem,
821 2424 963 2474 venit
986 2432 1171 2485 orator,
1209 2424 1297 2473 sed
1321 2425 1565 2485 hortator,

217 2513 370 2570 atque
410 2513 602 2554 auctor.
708 2506 878 2563 Quare
917 2522 1216 2571 proponere,
1259 2523 1356 2570 qua
1396 2513 1568 2554 mente

221 2583 377 2643 dicat,
413 2584 535 2649 quid
570 2583 711 2644 velit,
749 2583 928 2649 quibus
963 2584 1027 2632 de
1063 2585 1211 2634 rebus
1236 2584 1460 2633 dicturus
1485 2584 1569 2644 sit,

222 2663 393 2724 debet,
428 2663 714 2730 hortarique
746 2664 811 2714 ad
835 2681 887 2713 se
910 2664 1128 2714 breviter
1153 2664 1405 2713 dicentem
1430 2663 1570 2712 audi-

223 2744 427 2793 endum.
499 2743 633 2792 Tota
657 2751 825 2793 autem
849 2744 1007 2793 oratio
1043 2742 1268 2809 simplex,
1312 2750 1364 2792 et
1386 2741 1571 2807 gravis,

224 2832 276 2877 et
301 2822 562 2876 sententiis
603 2822 756 2874 debet
789 2823 1008 2873 ornatior
1044 2839 1169 2882 esse,
1205 2839 1353 2887 quam
1387 2820 1572 2885 verbisq

1148 2918 1233 2968 Gg
