2071 3508
688 414 856 454 LIBER
877 413 1185 455 SECUNDUS.
1525 423 1606 460 219

274 526 449 574 Crasso
485 523 637 582 volui,
676 541 823 588 quem
861 541 954 588 ego
990 523 1138 588 paulo
1163 523 1379 572 sciebam
1404 526 1483 573 vel
1516 545 1604 591 pu.

274 605 488 662 dentius,
528 602 608 650 vel
647 602 850 650 invitius
876 602 1017 668 (nolo
1042 603 1173 650 enim
1201 603 1367 652 dicere
1404 603 1466 651 de
1502 613 1601 653 tam

273 683 407 731 suavi
430 681 645 738 homine,
681 681 1009 744 fastidiosius)
1034 682 1099 730 ad
1122 682 1217 731 hoc
1242 699 1400 747 genus
1426 699 1606 731 sermo-

270 762 345 809 nis
369 760 625 809 accedere.
699 760 836 817 Quid
871 762 1004 809 enim
1039 762 1224 826 poterit
1249 761 1452 809 dicere?
1490 778 1607 810 con-

270 838 479 887 sularem
505 856 556 887 se
582 856 685 887 esse
711 839 964 888 hominem
1000 847 1052 888 et
1081 841 1396 888 censorium?
1433 841 1606 890 eadem

269 926 436 967 nostra
461 936 608 967 causa
633 928 722 967 est.
795 918 880 966 An
917 926 1131 966 aetatem
1168 918 1376 966 afferet?
1413 919 1607 983 quadri-

270 997 418 1046 ennio
442 998 602 1047 minor
626 1005 715 1046 est.
778 997 863 1045 An
883 1014 933 1045 se
957 997 1184 1045 nescire?
1209 1014 1334 1062 quae
1361 1014 1454 1062 ego
1480 1015 1607 1059 sero,

274 1093 401 1141 quae
441 1077 621 1125 cursim
665 1077 866 1142 arripui,
905 1093 1030 1141 quae
1056 1077 1311 1125 subsicivis
1337 1077 1515 1142 operis,
1551 1087 1608 1127 ut

269 1156 440 1216 aiunt3
477 1157 570 1205 iste
595 1174 624 1204 a
645 1172 820 1221 puero,
840 1172 1032 1204 summo
1057 1155 1239 1214 studio,
1265 1157 1466 1204 summis
1492 1157 1608 1205 doc-

270 1236 475 1285 toribus.
547 1236 687 1284 Nihil
713 1235 876 1283 dicam
903 1234 964 1282 de
990 1234 1210 1299 ingenio,
1243 1235 1323 1284 cui
1348 1252 1436 1299 par
1460 1252 1608 1285 nemo

270 1313 396 1363 fuit:
436 1314 621 1363 etenim
662 1331 742 1362 me
779 1314 1031 1362 dicentem
1070 1313 1154 1378 qui
1192 1314 1422 1373 audierit,
1461 1331 1608 1364 nemo

271 1410 489 1458 unquam
530 1402 633 1441 tam
672 1393 745 1440 sui
788 1392 1065 1457 despiciens
1099 1391 1212 1450 fuit,
1249 1393 1367 1456 quin
1393 1402 1611 1457 speraret

272 1481 358 1520 aut
398 1472 593 1531 melius,
632 1480 717 1520 aut
758 1472 935 1519 eodem
971 1470 1120 1518 modo
1156 1487 1207 1518 se
1239 1488 1381 1536 posse
1407 1471 1607 1520 dicere:

273 1551 449 1600 Crasso
475 1551 694 1610 dicente,
719 1567 866 1598 nemo
890 1557 991 1597 tam
1009 1565 1260 1614 arrogans,
1279 1550 1363 1614 qui
1388 1549 1611 1601 similiter

272 1647 324 1679 se
360 1647 579 1695 unquam
616 1630 866 1678 dicturum
913 1647 1020 1678 esse
1064 1629 1352 1681 confideret.
1426 1631 1610 1688 Quam-

273 1710 461 1767 obrem,
504 1726 566 1757 ne
608 1708 791 1757 frustra
814 1708 864 1756 hi
890 1708 1014 1756 tales
1055 1708 1147 1758 viri
1182 1710 1503 1768 venerint‚sste
1528 1710 1611 1758 ali-

273 1788 490 1853 quando,
517 1789 710 1847 Crasse,
736 1787 1007 1837 audiamus.

341 1875 472 1923 Tum
512 1874 613 1934 ille,
649 1874 722 1922 Ut
762 1875 831 1922 ita
866 1875 958 1922 ista
985 1891 1088 1923 csse
1114 1876 1409 1936 concedam,
1433 1876 1609 1940 inquit,
1643 1873 1750 1933 90,

276 1954 484 2010 Antoni,
527 1970 651 2017 quae
691 1960 805 2000 sunt
845 1952 994 2017 longe
1037 1970 1197 2012 secus,
1239 1955 1359 2018 quid
1401 1954 1520 2001 mihi
1556 1963 1611 2003 tu
1645 1965 1755 2006 365.

274 2033 477 2081 tandem
516 2031 683 2088 hodie,
723 2037 809 2077 aut
847 2030 1077 2094 cuiquam
1116 2031 1322 2091 homini,
1354 2033 1487 2097 quod
1513 2033 1612 2082 dici

275 2109 443 2175 possit,
472 2108 748 2173 reliquisti?
785 2109 966 2157 Dicam
1004 2110 1134 2157 enim
1171 2127 1306 2170 vere,
1331 2111 1614 2159 amicissimi

278 2188 521 2246 homines,
559 2186 692 2251 quod
729 2187 924 2246 senti03
965 2203 1109 2252 saepe
1141 2205 1235 2252 ego
1261 2189 1434 2237 doctos
1459 2189 1614 2238 homi-

276 2283 423 2316 nes—
436 2266 555 2329 quid
580 2266 693 2313 dico
713 2283 857 2330 saepe
880 2266 895 2314 ?
921 2266 1072 2314 immo
1088 2282 1439 2332 nonunquam:
1468 2285 1613 2334 saepe

278 2345 409 2394 enim
435 2344 521 2409 qui
545 2344 701 2408 potui,
741 2345 824 2409 qui
848 2362 972 2410 puer
995 2346 1046 2392 in
1070 2345 1233 2393 forum
1258 2347 1497 2406 venerim,
1530 2363 1612 2396 ne-

280 2442 375 2489 que
401 2424 517 2472 inde
542 2440 761 2488 unquam
788 2425 987 2481 diutius,
1030 2442 1177 2489 quam
1203 2434 1449 2489 quaestor,
1474 2426 1613 2475 abfu-

280 2504 437 2551 erim?
489 2503 576 2551 sed
617 2511 783 2551 tamen
822 2504 1007 2563 audivi,
1047 2512 1104 2552 ut
1140 2504 1244 2552 heri
1281 2504 1526 2563 dicebam,
1564 2514 1614 2553 et

282 2581 497 2630 Athenis
523 2598 637 2629 cum
658 2598 834 2640 essem,
854 2581 1164 2629 doctissimos
1182 2583 1329 2640 viros,
1347 2590 1396 2630 et
1416 2583 1465 2630 in
1493 2583 1614 2631 Asia

280 2661 428 2708 istum
454 2660 613 2723 ipsum
640 2660 893 2723 Scepsium
934 2659 1281 2708 Metrodorum
1306 2677 1425 2708 *cum
1453 2662 1515 2709 de
1540 2662 1614 2711 his

279 2739 396 2804 ipsis
438 2740 584 2787 rebus
626 2737 931 2802 disputaret:
969 2754 1131 2802 neque
1173 2755 1290 2786 vero
1331 2738 1450 2786 mihi
1487 2741 1613 2804 quis-

284 2835 431 2884 quam
458 2817 704 2884 copiosius
727 2833 945 2882 unquam
981 2817 1112 2866 visus
1137 2824 1228 2877 est,
1270 2834 1432 2883 neque
1463 2820 1613 2869 subti-
