2071 3508
458 454 537 493 ‘278
933 451 1009 490 DE
1039 451 1308 490 ORATORE

750 558 979 598 Inhorrescit
998 574 1115 607 mare,

578 626 771 665 Tenebrae
798 625 1122 679 conduplicantur,
1153 625 1341 678 noctisque
1368 631 1405 664 et
1432 624 1593 664 nimbum
1621 629 1789 663 occaecat

682 694 828 746 nigror,

576 759 747 798 Flamma
767 761 866 797 inter
884 760 997 798 nubes
1016 766 1198 806 coruscat,
1218 758 1358 799 coelum
1377 758 1519 797 tonitru
1539 758 1748 804 contremit,

579 827 737 865 Grando
756 827 865 865 mista
885 827 996 864 imbri
1014 825 1193 878 larggfluo
1212 825 1333 863 subita
1346 825 1605 877 praecipitans
1625 825 1727 863 cadit
1735 841 1752 870 ,-

588 894 761 945 Undique
780 906 902 931 omnes
918 892 1019 929 venti
1037 896 1249 943 erumpunt,
1268 890 1371 929 saevi
1389 891 1570 928 exsistunt
1588 890 1771 938 turbines,

579 960 712 999 Fervit
739 965 844 997 aestu
856 958 1016 1011 pelagus

476 1038 658 1087 Omnia
697 1038 821 1096 fere,
862 1054 959 1101 quo
997 1043 1158 1084 essent
1195 1035 1415 1094 clariora,
1445 1034 1690 1084 translatis
1712 1051 1802 1099 per

338 1128 446 1170 158.
479 1116 849 1164 similitudinem
872 1115 1033 1163 verbis
1058 1114 1191 1162 dicta
1215 1122 1344 1162 sunt.
1406 1113 1513 1162 Aut
1532 1131 1629 1178 quo
1654 1113 1803 1177 signi-

477 1194 653 1242 ficetur
677 1194 831 1257 magis
872 1211 948 1241 res
985 1201 1104 1250 tota,
1149 1193 1249 1241 sive
1284 1192 1405 1241 facti
1440 1192 1664 1257 alicujus,
1700 1192 1802 1241 sive

481 1272 704 1331 consilii3
743 1280 800 1320 ut
839 1272 938 1331 ille,
980 1272 1065 1336 qui
1101 1271 1435 1321 occultantem
1462 1271 1706 1330 consulto,
1741 1287 1805 1319 ne

481 1351 552 1410 id,
577 1352 710 1415 quod
734 1359 980 1416 ageretur,
998 1351 1209 1416 intelligi
1233 1360 1418 1416 posset,
1439 1351 1630 1399 duobus
1652 1358 1806 1399 trans-

482 1429 592 1478 latis
616 1430 791 1486 verbis,
819 1430 1136 1477 similitudine
1160 1432 1265 1494 ipsa
1287 1430 1493 1488 indicat,

597 1520 901 1571 Quandoquidem
921 1521 990 1557 iste
1008 1519 1255 1558 circumvestit
1273 1519 1395 1567 dictis,
1414 1519 1508 1572 sepit
1525 1518 1666 1558 sedulo.

487 1600 857 1663 Nonnunquam
882 1600 1029 1647 etiam
1064 1601 1277 1647 brevitas
1312 1600 1631 1647 translatione
1667 1598 1814 1647 confi-

490 1678 617 1726 citur
638 1699 651 1737 3
689 1686 746 1725 ut
770 1677 906 1734 illud,
939 1679 992 1726 Si
1018 1680 1154 1725 telum
1176 1680 1494 1741 manuficgit:
1532 1678 1814 1741 impruden-

492 1756 560 1802 tia
583 1755 669 1803 teli
695 1756 854 1803 emissi
878 1756 1072 1804 brevius
1096 1756 1303 1820 propriis
1326 1756 1486 1804 verbis
1511 1756 1691 1819 exponi
1715 1771 1815 1804 non

353 1841 460 1895 159,
491 1834 672 1898 potuit,
698 1850 843 1897 quam
880 1842 953 1882 est
981 1850 1081 1881 uno
1107 1834 1378 1898 significata
1401 1833 1650 1882 translato.
1724 1834 1816 1882 At-

494 1930 588 1976 que
626 1913 721 1960 hoc
757 1913 808 1959 in
842 1928 1024 1976 genere
1061 1929 1297 1977 persaepe
1333 1913 1452 1960 mihi
1477 1912 1818 1960 admirandum

492 1991 709 2050 videtur,
734 1991 852 2055 quid
869 1991 944 2047 sit,
967 1992 1098 2055 quod
1122 2008 1291 2039 omnes
1309 1990 1552 2039 translatis
1577 1998 1628 2039 et
1651 1990 1821 2039 alienis

495 2070 651 2133 magis
677 2069 988 2117 delectantur
1011 2070 1186 2127 verbis,
1225 2086 1370 2134 quam
1400 2070 1606 2134 propriis
1632 2080 1683 2117 et
1706 2069 1820 2117 suis.

353 2140 462 2198 4⁴0.
500 2148 630 2196 Nam
656 2148 694 2196 si
719 2165 794 2196 res
819 2164 960 2195 suum
976 2164 1157 2196 nomen
1182 2156 1232 2195 et
1254 2148 1505 2212 proprium
1528 2147 1822 2197 vocabulum

501 2240 602 2271 non
626 2225 793 2283 habet,
830 2233 888 2272 ut
913 2241 1003 2287 pes
1036 2225 1086 2271 in
1122 2225 1253 2283 navi,
1289 2233 1346 2271 ut
1368 2241 1556 2282 nexum,
1581 2224 1715 2288 quod
1736 2240 1825 2288 per

501 2300 675 2348 libram
701 2300 880 2364 agitur,
905 2309 961 2348 ut
984 2302 1034 2347 in
1059 2317 1212 2348 uxore
1237 2302 1487 2348 divortium
1506 2323 1525 2358 ;
1563 2301 1828 2349 necessitas

507 2378 657 2441 cogit,
686 2378 818 2442 quod
843 2394 940 2426 non
965 2378 1161 2436 habeas,
1187 2377 1383 2428 aliunde
1408 2394 1628 2430 sumere:
1667 2377 1754 2425 sed
1776 2378 1829 2425 in

508 2473 706 2503 suorum
730 2457 988 2503 verborum
1015 2455 1227 2503 maxima
1246 2455 1401 2519 copia,
1428 2463 1591 2503 tamen
1607 2456 1831 2505 homines

511 2533 669 2582 aliena
692 2533 848 2581 multo
867 2533 1037 2597 magis,
1065 2533 1102 2580 si
1127 2540 1242 2580 sunt
1264 2532 1452 2580 ratione
1476 2533 1726 2592 translata,
1750 2533 1834 2582 de-

374 2626 478 2667 mo,
512 2612 714 2661 lectant.
786 2611 846 2659 Id
888 2611 1113 2659 accidere
1156 2610 1323 2669 credo,
1362 2610 1441 2658 vel
1481 2611 1613 2675 quod
1647 2612 1833 2675 ingenii

516 2691 765 2755 specimen
792 2698 866 2739 est
890 2690 1153 2754 quoddam,
1182 2688 1419 2737 transilire
1436 2697 1551 2738 ante
1575 2689 1726 2754 pedes
1749 2706 1832 2753 po-

515 2770 624 2827 sita,
663 2776 714 2816 et
737 2768 830 2816 alia
852 2768 999 2832 longe
1024 2767 1233 2831 repetita
1262 2783 1482 2815 sumere:
1519 2766 1598 2815 vel
1621 2766 1754 2831 quod
1776 2767 1834 2825 is,

519 2847 601 2910 qui
627 2847 778 2903 audit,
807 2847 900 2894 alio
926 2846 1122 2894 ducitur
1147 2845 1464 2909 cogitatione,
1487 2861 1648 2910 neque
1671 2851 1835 2893 tamen

521 2925 744 2985 aberrat3
782 2941 905 2988 quae
938 2924 1151 2973 maxima
1175 2932 1249 2974 est
1273 2923 1569 2973 delectatio:
1606 2921 1683 2972 vel
1706 2920 1840 2986 quod
