2071 3508
620 394 787 434 LIBER
815 391 1067 431 TERTIUS.
1468 395 1546 431 225

219 504 471 572 pervertit.
549 501 664 549 Fuit
699 501 794 549 hoc
836 500 1119 548 luctuosum
1158 496 1273 554 suis,
1316 500 1546 546 acerbum
1579 502 1623 539 8.

223 586 426 649 patriae,
449 596 599 646 grave
623 579 764 628 bonis
784 578 1034 626 omnibus:
1063 576 1150 624 sed
1175 575 1207 622 ii
1232 584 1399 623 tamen
1425 593 1547 623 rem-

221 663 468 728 publicam
494 675 633 707 casus
669 658 825 706 secuti
852 665 984 715 sunt,
1021 664 1077 703 ut
1111 654 1230 702 mihi
1256 671 1355 702 non
1381 663 1549 716 erepta

219 741 280 789 L.
308 740 483 788 Crasso
519 755 547 785 a
572 737 663 785 diis
699 735 1057 784 immortalibus
1092 735 1209 792 vita,
1245 733 1333 781 sed
1369 733 1551 781 donata

219 833 349 865 mors
374 833 478 864 esse
503 816 744 864 videatur.
817 816 932 863 Non
957 814 1082 862 vidit
1106 813 1396 876 flagrantem
1422 811 1551 860 bello

220 895 435 955 Italiam,
489 911 588 943 non
624 895 881 943 ardentem
923 893 1108 941 invidia
1155 899 1398 949 senatum,
1453 907 1552 938 non

219 974 416 1023 sceleris
441 972 614 1022 nefarii
638 973 883 1038 principes
911 971 1122 1020 civitatis
1162 987 1287 1029 reos,
1326 986 1427 1018 non
1450 969 1552 1017 luc-

218 1061 326 1102 tum
350 1053 492 1111 filiae,
530 1070 630 1101 non
667 1052 893 1101 exsilium
934 1052 1124 1116 generi,
1167 1067 1267 1098 non
1302 1048 1552 1098 acerbissi-

219 1150 351 1181 mam
377 1133 435 1181 C.
465 1132 613 1180 Marii
637 1130 827 1197 fugam,
854 1147 951 1178 non
972 1130 1104 1177 illam
1128 1136 1241 1193 post
1265 1128 1480 1176 reditum
1506 1145 1552 1176 e-

211 1210 294 1276 jus
320 1212 524 1260 caedem
550 1211 770 1259 omnium
792 1201 1199 1266 crudelissimam,
1219 1223 1318 1254 non
1340 1206 1553 1271 denique

222 1290 273 1337 in
314 1291 447 1339 omni
485 1306 668 1355 genere
707 1288 1031 1336 deformatam
1058 1303 1167 1334 eam
1195 1285 1467 1343 civitatem,
1504 1285 1553 1331 in

222 1386 319 1434 qua
353 1371 456 1435 ipse
497 1368 841 1417 florentissima
883 1366 1093 1414 multum
1131 1365 1358 1412 omnibus
1398 1364 1555 1428 gloria

221 1449 560 1512 praestitisset.

290 1527 388 1575 Sed
435 1526 666 1591 quoniam
714 1524 857 1589 attigi
905 1523 1208 1588 cogitatione
1255 1522 1356 1569 vim
1402 1521 1556 1568 varie-

222 1614 475 1671 tatemque
511 1606 756 1661 fortunae,
801 1620 900 1651 non
941 1603 1202 1667 vagabitur
1249 1601 1405 1649 oratio
1446 1617 1557 1648 mea
1623 1639 1633 1649 .

221 1685 435 1750 longius,
499 1693 647 1749 atque
696 1684 752 1731 iis
799 1682 903 1731 fere
950 1683 1066 1747 ipsis
1114 1681 1378 1729 definietur
1424 1680 1553 1736 viris,

222 1765 306 1828 qui
330 1764 425 1812 hoc
451 1780 694 1822 sermone,
737 1780 884 1827 quem
926 1761 1107 1810 referre
1134 1760 1405 1825 coepimus,
1443 1776 1558 1807 con-

221 1843 460 1892 tinentur.
532 1843 657 1901 Quis
683 1843 814 1890 enim
840 1859 939 1890 non
969 1840 1082 1906 jure
1105 1842 1304 1889 beatam
1329 1839 1389 1886 L.
1418 1839 1556 1886 Cras-

223 1922 263 1970 si
306 1930 516 1970 mortem
557 1921 708 1980 illam,
751 1938 876 1984 qnae
916 1928 990 1968 est
1031 1937 1059 1967 a
1097 1918 1263 1966 multis
1290 1934 1434 1982 saepe
1473 1917 1555 1965 de-

225 2001 359 2059 fleta,
396 2000 591 2056 dixerit,
632 2016 745 2048 cum
771 1999 944 2047 horum
981 1999 1197 2062 ipsorum
1223 1998 1304 2056 sit,
1341 1998 1423 2061 qui
1449 2004 1554 2044 tum

227 2097 341 2128 cum
366 2079 449 2128 illo
473 2088 777 2144 postremmn
820 2078 925 2126 fere
969 2077 1203 2126 collocuti
1242 2084 1375 2135 sunt,
1412 2092 1556 2124 even-

221 2167 328 2207 tum
363 2158 686 2207 recordatus?
735 2157 986 2205 Tenemus
1023 2155 1153 2203 enim
1190 2155 1441 2211 memoria,
1487 2154 1552 2211 Q.

227 2237 480 2297 Catulum,
516 2237 674 2284 virum
699 2237 833 2284 omni
870 2236 1015 2283 laude
1052 2242 1404 2299 praestantem,
1441 2250 1556 2281 cum

224 2317 315 2365 sibi
340 2333 439 2364 non
459 2316 759 2364 incolumem
784 2314 1053 2372 fortunam,
1079 2312 1166 2361 sed
1191 2311 1394 2361 exilium
1415 2320 1465 2360 et
1482 2311 1556 2359 fu-

223 2412 337 2460 gam
364 2396 730 2460 deprecaretur,
756 2410 860 2442 esse
887 2402 1134 2451 coactum,
1172 2401 1229 2440 ut
1251 2392 1353 2439 vita
1379 2408 1428 2439 se
1453 2392 1556 2455 ipse

225 2475 454 2538 privaret.
526 2474 637 2524 Jam
677 2473 856 2521 Marcii
896 2471 1107 2520 Antonii
1143 2471 1193 2518 in
1218 2470 1293 2517 his
1318 2470 1433 2534 ipsis
1458 2487 1555 2517 ros-

227 2553 333 2611 tris,
368 2553 418 2599 in
445 2554 621 2617 quibus
646 2552 726 2600 ille
766 2551 1122 2616 rempublicam
1159 2548 1554 2597 constantissime

228 2631 399 2680 consul
425 2630 735 2690 defenderat,
772 2647 995 2695 quaeque
1023 2645 1196 2678 censor
1232 2627 1557 2692 imperatoriis

227 2711 471 2759 manubiis
495 2718 709 2769 ornarat,
734 2710 948 2774 positum
969 2716 1120 2772 caput
1139 2707 1260 2754 illud
1274 2706 1388 2765 fuit,
1408 2723 1435 2754 a
1461 2723 1557 2770 quo

228 2799 369 2838 erant
393 2789 659 2838 multorum
697 2789 878 2837 civium
905 2787 1067 2852 capita
1101 2794 1306 2835 servata.
1378 2785 1556 2850 Neque

229 2885 345 2918 vero
369 2869 516 2934 longe
541 2870 602 2918 ab
628 2885 687 2918 eo
713 2869 771 2917 C.
797 2868 827 2918 J
832 2867 917 2915 ulii
943 2874 1111 2932 capnt,
1147 2865 1352 2931 hospitis
1388 2863 1555 2913 Etrus-

1197 2961 1226 2993 Ρ

1590 1517 1648 1576 3.

1588 1608 1616 1649 9

1593 2486 1666 2525 10.
