2071 3508
670 388 1062 429 PARTITIONES.
1451 397 1532 439 477

192 498 231 548 ti
268 506 399 557 sunt,
438 514 578 548 suam
613 497 955 547 definitionem
993 497 1393 563 sententiamque
1420 519 1538 552 con.

191 578 368 629 firmet.
441 580 613 643 Atque
648 578 925 626 accusatori
961 577 1013 625 in
1037 577 1134 626 hoc
1158 595 1344 643 genere
1371 597 1541 630 causa-

191 677 302 709 rum
343 659 483 708 locus
524 656 606 704 ille
645 657 941 716 communis,
977 657 1182 706 minime
1219 675 1325 708 esse
1362 675 1542 709 conce-

192 740 433 797 dendum,
468 745 526 786 ut
560 737 618 796 is,
656 736 741 801 qui
778 736 841 785 de
879 753 932 786 re
959 737 1273 798 confiteatur,
1314 740 1453 788 verbi
1489 756 1543 790 se

192 817 605 883 interpretatione
645 815 901 866 defendat.
990 817 1242 866 Defensor
1283 826 1452 867 autem
1491 826 1545 868 et

191 915 270 957 ea,
321 914 468 963 quam
510 895 764 962 proposui,
814 897 1066 962 aequitate
1108 897 1311 956 nitatur,
1364 907 1434 958 et,
1484 916 1545 949 ea

192 994 310 1026 cum
351 993 522 1026 secum
564 975 735 1036 faciat,
787 993 889 1025 non
930 993 1002 1037 re,
1056 977 1146 1026 sed
1187 977 1543 1043 depravatione

190 1056 330 1106 verbi
369 1073 420 1105 se
462 1056 630 1121 urgeri
667 1064 917 1122 queratur.
991 1056 1108 1112 Quo
1143 1057 1194 1104 in
1224 1074 1409 1122 genere
1433 1073 1544 1122 per-

193 1153 399 1186 censere
423 1137 609 1201 poterit
626 1136 888 1201 plerosque
907 1137 1196 1186 inveniendi
1221 1137 1373 1186 locos.
1411 1137 1546 1186 Nam

195 1223 250 1264 et
274 1214 512 1263 similibus
544 1224 732 1276 utetur,
769 1224 821 1265 et
845 1216 1124 1275 contrariis,
1157 1224 1208 1265 et
1234 1216 1546 1281 conseqenti-

194 1296 322 1355 bus3
363 1312 646 1360 quanquam
682 1304 913 1361 uterque,
949 1304 1118 1344 tamen
1154 1313 1286 1356 reus,
1325 1296 1418 1344 nisi
1442 1295 1547 1360 pla-

197 1391 261 1424 ne
305 1375 400 1423 erit
441 1376 655 1425 absurda
696 1393 864 1437 causa,
911 1376 1238 1441 frequentius.
1317 1375 1546 1441 Amplifi-

195 1455 346 1503 candi
370 1464 538 1504 autem
565 1473 726 1514 causa,
766 1473 908 1522 quae,
947 1465 1034 1504 aut
1059 1473 1174 1505 cum
1200 1456 1547 1520 digredientur

196 1551 225 1583 a
250 1552 413 1593 causa,
453 1536 552 1584 dici
577 1535 753 1593 solent,
793 1544 880 1584 aut
921 1553 1036 1584 cum
1061 1537 1384 1601 perorabunt,
1420 1535 1547 1584 haec

197 1614 278 1663 vel
303 1615 367 1663 ad
401 1615 591 1675 odium,
626 1615 707 1664 vel
743 1616 807 1663 ad
841 1615 1250 1674 misericordiam,
1285 1614 1367 1663 vel
1391 1614 1550 1663 omni·

196 1710 265 1743 no
307 1695 371 1743 ad
409 1695 598 1743 animos
629 1694 862 1760 judicum
899 1695 1172 1744 movendos
1197 1712 1261 1744 ex
1300 1695 1379 1755 iis,
1421 1711 1551 1760 quae

197 1783 315 1823 sunt
340 1783 456 1824 ante
480 1775 657 1841 posita,
686 1783 961 1832 sumentur,
984 1775 1024 1823 si
1048 1776 1198 1823 modo
1223 1792 1389 1824 rerum
1413 1791 1551 1840 mag-

197 1856 396 1915 nitudo,
449 1855 772 1905 hominumve
811 1863 897 1904 aut
937 1855 1143 1915 invidia,
1198 1863 1285 1904 aut
1332 1855 1552 1920 dignitas

198 1935 487 2002 postulabit.

268 2016 462 2065 F1L1US.
531 2015 712 2065 Habeo
759 2015 887 2064 ista:
947 2031 1083 2064 nunc
1126 2032 1202 2075 ea,
1247 2032 1392 2081 quae,
1436 2032 1553 2064 cum
1589 2011 1693 2074 37,

202 2096 348 2162 quale
385 2097 449 2145 sit
484 2096 737 2162 quippiam
775 2096 1101 2161 disceptatur,
1139 2096 1309 2160 quaeri
1335 2113 1399 2144 ex
1422 2104 1556 2144 utra-

202 2194 301 2243 que
326 2185 466 2243 parte
493 2177 691 2236 deceat,
729 2176 878 2225 velim
920 2175 1108 2224 audire.
1181 2176 1373 2225 PATER.
1424 2177 1556 2226 Con-

203 2258 409 2307 fitentur
433 2257 485 2305 in
509 2257 605 2306 isto
629 2274 831 2322 genere,
877 2257 962 2322 qui
1001 2264 1294 2322 arguuntur,
1334 2274 1385 2306 se
1410 2257 1463 2306 id
1486 2257 1557 2306 fe-

205 2338 331 2388 cisse
355 2338 533 2403 ipsum,
571 2337 623 2385 in
666 2355 764 2402 quo
798 2336 1266 2402 reprehenduntur:
1305 2338 1412 2398 sed,
1438 2354 1560 2402 quo-

204 2418 338 2466 niam
355 2417 470 2483 jure
496 2434 547 2466 se
570 2417 749 2466 fecisse
776 2417 966 2474 dicunt,
987 2417 1113 2482 juris
1140 2425 1216 2466 est
1240 2418 1401 2466 omnis
1426 2419 1555 2466 ratio

206 2498 350 2546 nobis
369 2497 682 2563 explicanda.
734 2497 885 2555 Quod
904 2497 1141 2545 dividitur
1163 2498 1215 2545 in
1244 2498 1366 2546 duas
1390 2505 1558 2562 partes

207 2578 406 2644 primas,
444 2587 672 2626 naturam
698 2586 847 2642 atque
872 2577 1037 2642 legem
1059 2595 1070 2625 :
1118 2585 1169 2626 et
1192 2578 1450 2642 utriusque
1475 2594 1561 2642 ge-

210 2658 342 2706 neris
367 2659 439 2706 vis
463 2658 514 2705 in
552 2658 775 2706 divinum
812 2666 864 2707 et
894 2657 1168 2705 humanum
1190 2657 1274 2723 jus
1300 2666 1375 2707 est
1401 2658 1563 2706 distri-

211 2739 368 2787 buta:
424 2754 635 2802 quorum
667 2738 931 2802 aequitatis
971 2746 1045 2786 est
1086 2754 1274 2798 unum3
1332 2738 1562 2796 alterum,

213 2818 485 2883 religionis.
581 2817 867 2883 Aequitatis
906 2825 1073 2866 autem
1115 2817 1188 2866 vis
1231 2826 1306 2867 est
1345 2817 1563 2883 duplex:

216 2898 359 2965 cujus
384 2898 558 2959 altera,
593 2898 792 2960 directi,
829 2906 881 2949 et
904 2897 1027 2957 veri,
1065 2906 1116 2948 et
1131 2897 1275 2963 justi,
1312 2906 1382 2959 et,
1406 2905 1463 2948 ut
1495 2897 1568 2948 di-

961 2985 993 3026 5
