2071 3508
712 401 1085 446 ORATORIBUS.
1486 405 1562 449 387

229 514 430 567 aetateS,
461 512 718 561 Hortensii
742 521 793 560 et
818 513 1038 576 Sulpicii,
1066 528 1159 560 nec
1184 511 1418 576 majorem
1446 529 1561 562 con-

229 589 366 650 sequi
405 599 619 655 poterat,
666 598 718 638 et
755 591 932 638 minori
975 608 1176 639 necesse
1220 598 1325 638 erat
1364 591 1558 640 cedere.

229 664 394 732 Hujus
420 671 576 717 omnis
600 670 810 718 facultas
836 687 899 718 ex
922 670 1126 718 historia
1167 671 1317 734 ipsius
1347 672 1561 735 perspici

225 752 419 806 potest:
458 763 583 811 quae
610 765 723 796 cum
753 748 899 797 facile
942 765 1112 797 omnes
1136 749 1305 796 vincat
1345 750 1561 813 superio-

225 834 320 881 res,
362 832 467 872 tum
492 826 682 876 indicat
719 835 906 887 tamen,
948 836 1187 892 quantum
1231 828 1357 876 absit
1381 846 1410 876 a
1433 845 1561 875 sum-

225 916 325 960 m0‚
367 920 613 969 quamque
638 923 796 971 genus
821 907 917 955 hoc
942 907 1220 972 scriptionis
1250 907 1472 955 nondum
1498 907 1561 955 sit

224 980 340 1028 satis
366 982 557 1032 Latinis
598 985 751 1034 literis
793 986 1106 1034 illustratum.
1179 985 1309 1034 Nam
1337 987 1399 1043 Q.
1430 986 1559 1033 Hor-

223 1060 370 1107 tensii
395 1063 663 1112 admodum
690 1065 1019 1114 adolescentis
1049 1065 1325 1129 ingenium,
1367 1072 1422 1113 ut
1448 1065 1559 1112 Phi-

225 1136 335 1188 diae
361 1141 576 1205 signum,
619 1144 762 1192 simul
789 1145 1079 1209 adspectum
1106 1152 1155 1192 et
1178 1145 1441 1208 probatum
1467 1151 1558 1192 est.

226 1216 293 1278 Is,
320 1219 379 1268 L.
399 1222 593 1282 Crasso,
616 1224 678 1280 Q.
699 1224 936 1272 Scaevola
955 1223 1257 1282 consulibus,
1278 1224 1491 1287 primum
1507 1224 1560 1270 in

224 1296 332 1348 foro
375 1300 520 1361 dixit,
563 1311 613 1351 et
655 1304 788 1368 apud
817 1304 906 1351 hos
931 1304 1061 1368 ipsos
1087 1303 1287 1367 quidem
1315 1303 1559 1362 consules,

226 1387 277 1427 et
301 1396 416 1428 cum
442 1398 633 1442 eorum,
673 1383 755 1447 qui
780 1383 1044 1441 affuerunt,
1069 1391 1175 1429 tum
1201 1383 1417 1446 ipsorum
1444 1399 1559 1430 con-

225 1458 402 1517 sulum,
447 1462 530 1525 qui
556 1479 726 1510 omnes
765 1462 1096 1525 intelligentia
1120 1462 1394 1519 anteibant,
1427 1460 1560 1524 judi-

226 1538 303 1586 cio
329 1539 553 1588 discessit
576 1542 826 1605 probatus.
889 1540 1218 1604 Undeviginti
1243 1556 1396 1587 annos
1416 1547 1560 1588 natus

225 1626 330 1666 erat
355 1635 414 1667 eo
438 1627 678 1684 tempore.
731 1621 820 1668 Est
845 1628 1031 1679 autem,
1063 1620 1122 1667 L.
1147 1619 1319 1677 Paulo,
1345 1619 1402 1666 C.
1426 1617 1560 1666 Mar-

225 1697 350 1746 cello
376 1700 674 1757 consulibus,
703 1708 956 1748 mortuus:
997 1716 1059 1746 ex
1079 1715 1177 1762 quo
1194 1698 1419 1746 videmus
1446 1715 1559 1745 eum

223 1776 275 1824 in
315 1786 635 1842 patronorum
679 1796 886 1828 numero
925 1795 1079 1826 annos
1122 1786 1333 1842 quatuor
1369 1785 1419 1825 et
1444 1795 1559 1842 qua-

224 1855 453 1921 draginta
492 1858 659 1907 fuisse.
747 1859 862 1906 Hoc
911 1858 973 1905 de
1021 1865 1213 1905 oratore
1260 1856 1408 1920 paulo
1448 1865 1561 1921 post

222 1935 365 2000 plura
389 1937 628 1986 dicemus.
691 1939 808 1986 Hoc
833 1946 999 1985 autem
1024 1936 1136 1984 loco
1161 1935 1405 1983 voluimus
1429 1944 1558 1983 aeta—

222 2023 326 2064 tem
367 2015 470 2080 ejus
511 2016 562 2063 in
605 2016 849 2081 disparem
889 2023 1138 2064 oratorum
1164 2021 1378 2062 aetatem
1405 2012 1559 2061 inclu-

226 2094 360 2142 dere.
433 2095 730 2159 Quanquam
772 2095 825 2142 id
866 2094 1065 2158 quidem
1103 2092 1330 2140 omnibus
1360 2108 1453 2140 usu
1477 2109 1559 2141 ve-

224 2173 330 2223 nire
356 2191 557 2223 necesse
582 2174 695 2233 fuit,
728 2174 904 2238 quibus
928 2173 1076 2238 paulo
1100 2172 1294 2236 longior
1317 2171 1419 2219 vita
1444 2188 1558 2219 con-

225 2253 354 2318 tigit,
382 2262 438 2302 ut
463 2263 514 2302 et
538 2271 651 2302 cum
677 2253 834 2302 multo
858 2252 1123 2317 majoribus
1147 2259 1283 2307 nam,
1316 2267 1463 2315 quarn
1490 2268 1560 2299 es-

224 2340 335 2382 sent
358 2335 469 2399 ipsi,
511 2342 562 2383 et
586 2351 699 2382 cum
727 2333 978 2398 aliquanto
1004 2332 1273 2380 minoribus
1310 2347 1560 2396 compara-

224 2422 412 2463 rentur.
483 2415 556 2463 Ut
593 2415 781 2462 Accius
822 2413 997 2461 iisdem
1039 2411 1279 2460 aedilibus
1320 2411 1390 2458 ait
1425 2428 1476 2459 se
1509 2419 1560 2460 et

223 2493 498 2542 Pacuvium
524 2495 748 2542 docuisse
772 2492 1004 2548 fabulam,
1038 2507 1150 2539 cum
1175 2490 1257 2538 ille
1281 2491 1559 2553 octoginta,

227 2574 330 2638 ipse
354 2573 559 2638 triginta
599 2590 753 2621 annos
794 2580 939 2620 natus
964 2579 1122 2619 esset:
1162 2570 1231 2617 sic
1259 2569 1558 2617 Hortensius

230 2669 327 2702 non
354 2670 467 2701 cum
493 2653 591 2700 suis
610 2651 895 2716 aequalibus
921 2649 1093 2705 solum,
1122 2648 1208 2695 sed
1235 2656 1285 2695 et
1309 2664 1419 2694 mea
1445 2663 1558 2695 cum

228 2742 409 2792 aetate,
446 2741 497 2781 et
522 2748 635 2780 cum
660 2741 765 2789 tua,
792 2731 964 2787 Brute,
991 2736 1041 2775 et
1066 2743 1179 2775 cum
1207 2725 1459 2789 aliquanto
1484 2742 1560 2773 su-

226 2813 418 2877 periore
455 2810 789 2876 conjungitur.
863 2806 1116 2872 Siquidem
1154 2813 1203 2853 et
1236 2805 1412 2853 Crasso
1447 2804 1560 2852 vivo

230 2892 395 2943 dicere
420 2891 637 2942 solebat:
676 2898 727 2940 et
750 2887 906 2954 magis
923 2885 1025 2951 jam
1052 2885 1201 2934 etiam
1220 2885 1422 2950 vigebat
1445 2899 1559 2934 cum

1073 2981 1105 3014 B
1130 2966 1162 3014 b
1199 2972 1228 3012 2
