<?xml version="1.0" encoding="UTF-8"?>
<!DOCTYPE html PUBLIC "-//W3C//DTD XHTML 1.0 Transitional//EN"
    "http://www.w3.org/TR/xhtml1/DTD/xhtml1-transitional.dtd">
<html xmlns="http://www.w3.org/1999/xhtml" xml:lang="en" lang="en">
 <head>
  <title>
</title>
<meta http-equiv="Content-Type" content="text/html;charset=utf-8" />
  <meta name='ocr-system' content='tesseract 3.04.00' />
  <meta name='ocr-capabilities' content='ocr_page ocr_carea ocr_par ocr_line ocrx_word'/>
</head>
<body>
  <div class='ocr_page' id='page_1' title='image "./deoratorelibrit00ciceuoft_0178.png"; bbox 0 0 2071 3508; ppageno 0'>
   <div class='ocr_carea' id='block_1_1' title="bbox 298 1254 395 1293">
    <p class='ocr_par' dir='ltr' id='par_1_1' title="bbox 298 1254 395 1293">
     <span class='ocr_line' id='line_1_1' title="bbox 298 1254 327 1292; textangle 90"><span class='ocrx_word' id='word_1_1' title='bbox 298 1254 327 1292; x_wconf 66' lang='lat' dir='ltr'>Io</span> 
     </span>
     <span class='ocr_line' id='line_1_2' title="bbox 333 1254 395 1293; textangle 90"><span class='ocrx_word' id='word_1_2' title='bbox 333 1254 395 1293; x_wconf 45' lang='grc' dir='ltr'>ἐξ</span> 
     </span>
    </p>
   </div>
   <div class='ocr_carea' id='block_1_2' title="bbox 451 426 1297 467">
    <p class='ocr_par' dir='ltr' id='par_1_2' title="bbox 451 426 1297 467">
     <span class='ocr_line' id='line_1_3' title="bbox 451 426 1297 467; baseline 0.001 -3"><span class='ocrx_word' id='word_1_3' title='bbox 451 427 528 467; x_wconf 90' lang='grc'>170</span> <span class='ocrx_word' id='word_1_4' title='bbox 922 426 998 464; x_wconf 95' lang='lat' dir='ltr'>DE</span> <span class='ocrx_word' id='word_1_5' title='bbox 1029 426 1297 465; x_wconf 89' lang='lat' dir='ltr'><strong>ORATORE</strong></span> 
     </span>
    </p>
   </div>
   <div class='ocr_carea' id='block_1_3' title="bbox 442 534 1776 1230">
    <p class='ocr_par' dir='ltr' id='par_1_3' title="bbox 442 534 1776 1230">
     <span class='ocr_line' id='line_1_4' title="bbox 449 534 1776 598; baseline 0.005 -17"><span class='ocrx_word' id='word_1_6' title='bbox 449 534 619 598; x_wconf 87' lang='lat' dir='ltr'><strong>Atque</strong></span> <span class='ocrx_word' id='word_1_7' title='bbox 643 534 726 582; x_wconf 87' lang='lat' dir='ltr'>illa</span> <span class='ocrx_word' id='word_1_8' title='bbox 749 534 933 593; x_wconf 83' lang='lat' dir='ltr'>brevia,</span> <span class='ocrx_word' id='word_1_9' title='bbox 959 552 1072 583; x_wconf 88' lang='lat' dir='ltr'>cum</span> <span class='ocrx_word' id='word_1_10' title='bbox 1097 534 1179 584; x_wconf 90' lang='lat' dir='ltr'>ille</span> <span class='ocrx_word' id='word_1_11' title='bbox 1204 536 1411 595; x_wconf 85' lang='lat' dir='ltr'>diceret,</span> <span class='ocrx_word' id='word_1_12' title='bbox 1436 551 1487 585; x_wconf 87' lang='lat' dir='ltr'>se</span> <span class='ocrx_word' id='word_1_13' title='bbox 1507 537 1610 586; x_wconf 85' lang='lat' dir='ltr'>sine</span> <span class='ocrx_word' id='word_1_14' title='bbox 1630 554 1776 588; x_wconf 85' lang='lat' dir='ltr'>causa</span> 
     </span>
     <span class='ocr_line' id='line_1_5' title="bbox 446 613 1775 678; baseline 0.004 -18"><span class='ocrx_word' id='word_1_15' title='bbox 446 613 655 661; x_wconf 84' lang='lat' dir='ltr'>sudare:</span> <span class='ocrx_word' id='word_1_16' title='bbox 696 613 921 670; x_wconf 83' lang='lat' dir='ltr'>Minime,</span> <span class='ocrx_word' id='word_1_17' title='bbox 966 614 1143 678; x_wconf 88' lang='lat' dir='ltr'>inquit,</span> <span class='ocrx_word' id='word_1_18' title='bbox 1181 615 1329 663; x_wconf 86' lang='lat' dir='ltr'>modo</span> <span class='ocrx_word' id='word_1_19' title='bbox 1366 615 1496 663; x_wconf 90' lang='lat' dir='ltr'>enim</span> <span class='ocrx_word' id='word_1_20' title='bbox 1534 617 1676 665; x_wconf 82' lang='lat' dir='ltr'><strong>existi</strong></span> <span class='ocrx_word' id='word_1_21' title='bbox 1713 618 1775 666; x_wconf 92' lang='lat' dir='ltr'>de</span> 
     </span>
     <span class='ocr_line' id='line_1_6' title="bbox 445 691 1776 756; baseline 0.002 -15"><span class='ocrx_word' id='word_1_22' title='bbox 445 692 647 741; x_wconf 85' lang='lat' dir='ltr'>balneis.</span> <span class='ocrx_word' id='word_1_23' title='bbox 720 692 1105 740; x_wconf 80' lang='lat' dir='ltr'>Innumerabilia</span> <span class='ocrx_word' id='word_1_24' title='bbox 1128 691 1408 756; x_wconf 88' lang='lat' dir='ltr'>hujusmodi</span> <span class='ocrx_word' id='word_1_25' title='bbox 1431 693 1652 753; x_wconf 85' lang='lat' dir='ltr'>fuerunt,</span> <span class='ocrx_word' id='word_1_26' title='bbox 1689 696 1776 744; x_wconf 90' lang='lat' dir='ltr'>sed</span> 
     </span>
     <span class='ocr_line' id='line_1_7' title="bbox 445 770 1773 835; baseline 0.002 -17"><span class='ocrx_word' id='word_1_27' title='bbox 445 787 546 819; x_wconf 90' lang='lat' dir='ltr'>non</span> <span class='ocrx_word' id='word_1_28' title='bbox 584 772 744 819; x_wconf 89' lang='lat' dir='ltr'>minus</span> <span class='ocrx_word' id='word_1_29' title='bbox 776 770 1002 835; x_wconf 83' lang='lat' dir='ltr'>jucunda</span> <span class='ocrx_word' id='word_1_30' title='bbox 1036 770 1118 818; x_wconf 89' lang='lat' dir='ltr'>illa</span> <span class='ocrx_word' id='word_1_31' title='bbox 1152 779 1406 835; x_wconf 86' lang='lat' dir='ltr'>perpetua.</span> <span class='ocrx_word' id='word_1_32' title='bbox 1479 773 1606 820; x_wconf 89' lang='lat' dir='ltr'>Cum</span> <span class='ocrx_word' id='word_1_33' title='bbox 1643 775 1773 822; x_wconf 92' lang='lat' dir='ltr'>enim</span> 
     </span>
     <span class='ocr_line' id='line_1_8' title="bbox 446 849 1776 909; baseline 0.003 -12"><span class='ocrx_word' id='word_1_34' title='bbox 446 850 628 898; x_wconf 88' lang='lat' dir='ltr'>Brutus</span> <span class='ocrx_word' id='word_1_35' title='bbox 654 851 775 898; x_wconf 91' lang='lat' dir='ltr'>duos</span> <span class='ocrx_word' id='word_1_36' title='bbox 799 850 1008 898; x_wconf 88' lang='lat' dir='ltr'>lectores</span> <span class='ocrx_word' id='word_1_37' title='bbox 1034 850 1315 909; x_wconf 81' lang='lat' dir='ltr'>excitasset,</span> <span class='ocrx_word' id='word_1_38' title='bbox 1353 858 1404 897; x_wconf 87' lang='lat' dir='ltr'>et</span> <span class='ocrx_word' id='word_1_39' title='bbox 1438 849 1575 898; x_wconf 86' lang='lat' dir='ltr'>alteri</span> <span class='ocrx_word' id='word_1_40' title='bbox 1608 851 1671 899; x_wconf 90' lang='lat' dir='ltr'>de</span> <span class='ocrx_word' id='word_1_41' title='bbox 1696 869 1776 900; x_wconf 87' lang='lat' dir='ltr'>co-</span> 
     </span>
     <span class='ocr_line' id='line_1_9' title="bbox 443 928 1774 994; baseline 0.002 -18"><span class='ocrx_word' id='word_1_42' title='bbox 443 928 576 977; x_wconf 82' lang='lat' dir='ltr'>lonia</span> <span class='ocrx_word' id='word_1_43' title='bbox 599 931 909 978; x_wconf 84' lang='lat' dir='ltr'>Narbonensi</span> <span class='ocrx_word' id='word_1_44' title='bbox 931 931 1091 978; x_wconf 86' lang='lat' dir='ltr'>Crassi</span> <span class='ocrx_word' id='word_1_45' title='bbox 1111 931 1382 978; x_wconf 87' lang='lat' dir='ltr'>orationem</span> <span class='ocrx_word' id='word_1_46' title='bbox 1408 929 1671 994; x_wconf 82' lang='lat' dir='ltr'>legendam</span> <span class='ocrx_word' id='word_1_47' title='bbox 1691 930 1774 979; x_wconf 91' lang='lat' dir='ltr'>de-</span> 
     </span>
     <span class='ocr_line' id='line_1_10' title="bbox 444 1008 1775 1073; baseline 0.001 -18"><span class='ocrx_word' id='word_1_48' title='bbox 444 1008 613 1067; x_wconf 79' lang='lat' dir='ltr'>disset,</span> <span class='ocrx_word' id='word_1_49' title='bbox 639 1008 778 1056; x_wconf 83' lang='lat' dir='ltr'>alteri</span> <span class='ocrx_word' id='word_1_50' title='bbox 804 1009 865 1056; x_wconf 93' lang='lat' dir='ltr'>de</span> <span class='ocrx_word' id='word_1_51' title='bbox 896 1009 1007 1073; x_wconf 80' lang='lat' dir='ltr'>lege</span> <span class='ocrx_word' id='word_1_52' title='bbox 1041 1008 1273 1068; x_wconf 83' lang='lat' dir='ltr'>Servilia3</span> <span class='ocrx_word' id='word_1_53' title='bbox 1314 1016 1365 1056; x_wconf 84' lang='lat' dir='ltr'>et</span> <span class='ocrx_word' id='word_1_54' title='bbox 1390 1025 1503 1056; x_wconf 92' lang='lat' dir='ltr'>cum</span> <span class='ocrx_word' id='word_1_55' title='bbox 1530 1008 1775 1056; x_wconf 87' lang='lat' dir='ltr'>contraria</span> 
     </span>
     <span class='ocr_line' id='line_1_11' title="bbox 442 1086 1774 1151; baseline 0.001 -18"><span class='ocrx_word' id='word_1_56' title='bbox 442 1086 571 1134; x_wconf 88' lang='lat' dir='ltr'>inter</span> <span class='ocrx_word' id='word_1_57' title='bbox 596 1103 700 1134; x_wconf 89' lang='lat' dir='ltr'>sese</span> <span class='ocrx_word' id='word_1_58' title='bbox 740 1086 800 1134; x_wconf 89' lang='lat' dir='ltr'>de</span> <span class='ocrx_word' id='word_1_59' title='bbox 839 1087 1092 1151; x_wconf 85' lang='lat' dir='ltr'>republica</span> <span class='ocrx_word' id='word_1_60' title='bbox 1116 1087 1277 1151; x_wconf 86' lang='lat' dir='ltr'>capita</span> <span class='ocrx_word' id='word_1_61' title='bbox 1302 1086 1625 1147; x_wconf 80' lang='lat' dir='ltr'>contulisset3</span> <span class='ocrx_word' id='word_1_62' title='bbox 1664 1102 1774 1135; x_wconf 92' lang='lat' dir='ltr'>nos-</span> 
     </span>
     <span class='ocr_line' id='line_1_12' title="bbox 443 1165 1774 1230; baseline 0.001 -18"><span class='ocrx_word' id='word_1_63' title='bbox 443 1173 518 1212; x_wconf 86' lang='lat' dir='ltr'>ter</span> <span class='ocrx_word' id='word_1_64' title='bbox 542 1166 623 1214; x_wconf 89' lang='lat' dir='ltr'>hic</span> <span class='ocrx_word' id='word_1_65' title='bbox 648 1165 946 1213; x_wconf 83' lang='lat' dir='ltr'>facetissime</span> <span class='ocrx_word' id='word_1_66' title='bbox 970 1174 1068 1213; x_wconf 91' lang='lat' dir='ltr'>tres</span> <span class='ocrx_word' id='word_1_67' title='bbox 1092 1166 1243 1230; x_wconf 88' lang='lat' dir='ltr'>patris</span> <span class='ocrx_word' id='word_1_68' title='bbox 1260 1166 1400 1214; x_wconf 83' lang='lat' dir='ltr'>Bruti</span> <span class='ocrx_word' id='word_1_69' title='bbox 1425 1166 1487 1214; x_wconf 91' lang='lat' dir='ltr'>de</span> <span class='ocrx_word' id='word_1_70' title='bbox 1503 1165 1616 1230; x_wconf 85' lang='lat' dir='ltr'>jure</span> <span class='ocrx_word' id='word_1_71' title='bbox 1643 1165 1774 1214; x_wconf 84' lang='lat' dir='ltr'>civih‘</span> 
     </span>
    </p>
   </div>
   <div class='ocr_carea' id='block_1_4' title="bbox 399 1243 1775 1308">
    <p class='ocr_par' dir='ltr' id='par_1_4' title="bbox 399 1243 1775 1308">
     <span class='ocr_line' id='line_1_13' title="bbox 399 1243 1775 1308; baseline -0.002 -15"><span class='ocrx_word' id='word_1_72' title='bbox 399 1281 410 1293; x_wconf 93' lang='lat'><strong>.</strong></span> <span class='ocrx_word' id='word_1_73' title='bbox 442 1243 632 1293; x_wconf 89' lang='lat' dir='ltr'>libellos</span> <span class='ocrx_word' id='word_1_74' title='bbox 672 1244 828 1292; x_wconf 90' lang='lat' dir='ltr'>tribus</span> <span class='ocrx_word' id='word_1_75' title='bbox 874 1243 1112 1307; x_wconf 83' lang='lat' dir='ltr'>legendos</span> <span class='ocrx_word' id='word_1_76' title='bbox 1160 1243 1314 1291; x_wconf 88' lang='lat' dir='ltr'>dedit.</span> <span class='ocrx_word' id='word_1_77' title='bbox 1386 1244 1463 1291; x_wconf 85' lang='lat' dir='ltr'>Ex</span> <span class='ocrx_word' id='word_1_78' title='bbox 1508 1243 1633 1292; x_wconf 91' lang='lat' dir='ltr'>libro</span> <span class='ocrx_word' id='word_1_79' title='bbox 1677 1244 1775 1308; x_wconf 87' lang='lat' dir='ltr'>pri-</span> 
     </span>
    </p>
   </div>
   <div class='ocr_carea' id='block_1_5' title="bbox 436 1323 1774 2480">
    <p class='ocr_par' dir='ltr' id='par_1_5' title="bbox 436 1323 1774 2480">
     <span class='ocr_line' id='line_1_14' title="bbox 443 1323 1772 1382; baseline -0.002 -11"><span class='ocrx_word' id='word_1_80' title='bbox 443 1340 542 1382; x_wconf 86' lang='lat' dir='ltr'>mo,</span> <span class='ocrx_word' id='word_1_81' title='bbox 580 1323 620 1370; x_wconf 92' lang='lat' dir='ltr'><strong>F</strong></span> <span class='ocrx_word' id='word_1_82' title='bbox 622 1339 752 1370; x_wconf 83' lang='lat' dir='ltr'>ORTE</span> <span class='ocrx_word' id='word_1_83' title='bbox 783 1339 990 1381; x_wconf 81' lang='lat' dir='ltr'>EVENIT,</span> <span class='ocrx_word' id='word_1_84' title='bbox 1028 1338 1094 1370; x_wconf 91' lang='lat' dir='ltr'>UT</span> <span class='ocrx_word' id='word_1_85' title='bbox 1120 1339 1174 1370; x_wconf 81' lang='lat' dir='ltr'>IN</span> <span class='ocrx_word' id='word_1_86' title='bbox 1200 1339 1509 1370; x_wconf 82' lang='lat' dir='ltr'><strong>PRIVERNATI</strong></span> <span class='ocrx_word' id='word_1_87' title='bbox 1533 1338 1772 1370; x_wconf 81' lang='lat' dir='ltr'>ESSEMUS.</span> 
     </span>
     <span class='ocr_line' id='line_1_15' title="bbox 443 1400 1774 1465; baseline -0.002 -15"><span class='ocrx_word' id='word_1_88' title='bbox 443 1403 616 1461; x_wconf 87' lang='lat' dir='ltr'>Brute,</span> <span class='ocrx_word' id='word_1_89' title='bbox 641 1401 933 1450; x_wconf 85' lang='lat' dir='ltr'>testificatur</span> <span class='ocrx_word' id='word_1_90' title='bbox 955 1409 1096 1465; x_wconf 87' lang='lat' dir='ltr'>pater</span> <span class='ocrx_word' id='word_1_91' title='bbox 1120 1418 1170 1449; x_wconf 87' lang='lat' dir='ltr'>se</span> <span class='ocrx_word' id='word_1_92' title='bbox 1189 1401 1278 1449; x_wconf 90' lang='lat' dir='ltr'>tibi</span> <span class='ocrx_word' id='word_1_93' title='bbox 1306 1401 1641 1449; x_wconf 87' lang='lat' dir='ltr'>Privernatem</span> <span class='ocrx_word' id='word_1_94' title='bbox 1664 1400 1774 1448; x_wconf 80' lang='lat' dir='ltr'>fun-</span> 
     </span>
     <span class='ocr_line' id='line_1_16' title="bbox 443 1479 1773 1544; baseline -0.002 -15"><span class='ocrx_word' id='word_1_95' title='bbox 443 1481 561 1529; x_wconf 91' lang='lat' dir='ltr'>dum</span> <span class='ocrx_word' id='word_1_96' title='bbox 603 1480 871 1544; x_wconf 88' lang='lat' dir='ltr'>reliquisse.</span> <span class='ocrx_word' id='word_1_97' title='bbox 943 1479 1142 1526; x_wconf 86' lang='lat' dir='ltr'>Deinde</span> <span class='ocrx_word' id='word_1_98' title='bbox 1182 1496 1244 1526; x_wconf 82' lang='lat' dir='ltr'>ex</span> <span class='ocrx_word' id='word_1_99' title='bbox 1281 1479 1406 1527; x_wconf 91' lang='lat' dir='ltr'>libro</span> <span class='ocrx_word' id='word_1_100' title='bbox 1445 1479 1682 1538; x_wconf 87' lang='lat' dir='ltr'>secundo,</span> <span class='ocrx_word' id='word_1_101' title='bbox 1718 1495 1773 1526; x_wconf 86' lang='lat' dir='ltr'>IN</span> 
     </span>
     <span class='ocr_line' id='line_1_17' title="bbox 441 1557 1774 1621; baseline -0.003 -14"><span class='ocrx_word' id='word_1_102' title='bbox 441 1576 645 1607; x_wconf 81' lang='lat' dir='ltr'>ALBANO</span> <span class='ocrx_word' id='word_1_103' title='bbox 675 1575 881 1606; x_wconf 81' lang='lat' dir='ltr'>ERAMUS</span> <span class='ocrx_word' id='word_1_104' title='bbox 916 1574 1035 1616; x_wconf 82' lang='lat' dir='ltr'>EGO,</span> <span class='ocrx_word' id='word_1_105' title='bbox 1070 1574 1133 1605; x_wconf 84' lang='lat' dir='ltr'>ET</span> <span class='ocrx_word' id='word_1_106' title='bbox 1160 1574 1364 1607; x_wconf 81' lang='lat' dir='ltr'><strong>MARCUS</strong></span> <span class='ocrx_word' id='word_1_107' title='bbox 1389 1573 1568 1605; x_wconf 79' lang='lat' dir='ltr'><strong>FILIUS.</strong></span> <span class='ocrx_word' id='word_1_108' title='bbox 1640 1557 1774 1621; x_wconf 85' lang='lat' dir='ltr'>Sapi-</span> 
     </span>
     <span class='ocr_line' id='line_1_18' title="bbox 444 1634 1771 1699; baseline -0.004 -13"><span class='ocrx_word' id='word_1_109' title='bbox 444 1654 529 1686; x_wconf 88' lang='lat' dir='ltr'>ens</span> <span class='ocrx_word' id='word_1_110' title='bbox 551 1637 787 1685; x_wconf 82' lang='lat' dir='ltr'>videlicet</span> <span class='ocrx_word' id='word_1_111' title='bbox 811 1637 958 1683; x_wconf 88' lang='lat' dir='ltr'>homo</span> <span class='ocrx_word' id='word_1_112' title='bbox 985 1652 1095 1683; x_wconf 86' lang='lat' dir='ltr'>cum</span> <span class='ocrx_word' id='word_1_113' title='bbox 1127 1636 1294 1699; x_wconf 89' lang='lat' dir='ltr'>primis</span> <span class='ocrx_word' id='word_1_114' title='bbox 1319 1644 1514 1683; x_wconf 82' lang='lat' dir='ltr'>nostrae</span> <span class='ocrx_word' id='word_1_115' title='bbox 1540 1634 1771 1692; x_wconf 89' lang='lat' dir='ltr'>civitatis,</span> 
     </span>
     <span class='ocr_line' id='line_1_19' title="bbox 441 1712 1771 1779; baseline -0.003 -16"><span class='ocrx_word' id='word_1_116' title='bbox 441 1725 584 1765; x_wconf 85' lang='lat' dir='ltr'>norat</span> <span class='ocrx_word' id='word_1_117' title='bbox 598 1716 741 1763; x_wconf 74' lang='lat' dir='ltr'>‚hune</span> <span class='ocrx_word' id='word_1_118' title='bbox 765 1715 1014 1779; x_wconf 79' lang='lat' dir='ltr'>gurgitem</span> <span class='ocrx_word' id='word_1_119' title='bbox 1036 1734 1049 1773; x_wconf 80' lang='lat'>3</span> <span class='ocrx_word' id='word_1_120' title='bbox 1089 1715 1356 1769; x_wconf 82' lang='lat' dir='ltr'>metuebat,</span> <span class='ocrx_word' id='word_1_121' title='bbox 1384 1729 1465 1771; x_wconf 87' lang='lat' dir='ltr'>ne,</span> <span class='ocrx_word' id='word_1_122' title='bbox 1491 1729 1604 1760; x_wconf 90' lang='lat' dir='ltr'>cum</span> <span class='ocrx_word' id='word_1_123' title='bbox 1637 1712 1676 1760; x_wconf 89' lang='lat' dir='ltr'>is</span> <span class='ocrx_word' id='word_1_124' title='bbox 1700 1713 1771 1761; x_wconf 89' lang='lat' dir='ltr'>ni-</span> 
     </span>
     <span class='ocr_line' id='line_1_20' title="bbox 438 1791 1768 1855; baseline -0.004 -13"><span class='ocrx_word' id='word_1_125' title='bbox 438 1795 507 1842; x_wconf 88' lang='lat' dir='ltr'>hil</span> <span class='ocrx_word' id='word_1_126' title='bbox 552 1796 775 1852; x_wconf 85' lang='lat' dir='ltr'>haberet,</span> <span class='ocrx_word' id='word_1_127' title='bbox 817 1793 937 1839; x_wconf 89' lang='lat' dir='ltr'>nihil</span> <span class='ocrx_word' id='word_1_128' title='bbox 990 1809 1095 1840; x_wconf 89' lang='lat' dir='ltr'>esse</span> <span class='ocrx_word' id='word_1_129' title='bbox 1137 1793 1181 1839; x_wconf 90' lang='lat' dir='ltr'>ei</span> <span class='ocrx_word' id='word_1_130' title='bbox 1223 1791 1451 1839; x_wconf 88' lang='lat' dir='ltr'>relictum</span> <span class='ocrx_word' id='word_1_131' title='bbox 1496 1798 1768 1855; x_wconf 88' lang='lat' dir='ltr'>putaretur.</span> 
     </span>
     <span class='ocr_line' id='line_1_21' title="bbox 440 1867 1770 1932; baseline -0.002 -12"><span class='ocrx_word' id='word_1_132' title='bbox 440 1873 572 1920; x_wconf 90' lang='lat' dir='ltr'>Tum</span> <span class='ocrx_word' id='word_1_133' title='bbox 598 1889 659 1919; x_wconf 80' lang='lat' dir='ltr'>ex</span> <span class='ocrx_word' id='word_1_134' title='bbox 684 1873 808 1919; x_wconf 88' lang='lat' dir='ltr'>libro</span> <span class='ocrx_word' id='word_1_135' title='bbox 832 1871 998 1927; x_wconf 83' lang='lat' dir='ltr'>tertio,</span> <span class='ocrx_word' id='word_1_136' title='bbox 1040 1870 1090 1916; x_wconf 92' lang='lat' dir='ltr'>in</span> <span class='ocrx_word' id='word_1_137' title='bbox 1130 1886 1228 1932; x_wconf 87' lang='lat' dir='ltr'>quo</span> <span class='ocrx_word' id='word_1_138' title='bbox 1257 1869 1405 1916; x_wconf 89' lang='lat' dir='ltr'>finem</span> <span class='ocrx_word' id='word_1_139' title='bbox 1431 1869 1677 1917; x_wconf 89' lang='lat' dir='ltr'>scribendi</span> <span class='ocrx_word' id='word_1_140' title='bbox 1699 1867 1770 1917; x_wconf 86' lang='lat' dir='ltr'>fe-</span> 
     </span>
     <span class='ocr_line' id='line_1_22' title="bbox 439 1946 1771 2015; baseline -0.003 -16"><span class='ocrx_word' id='word_1_141' title='bbox 439 1952 525 2009; x_wconf 87' lang='lat' dir='ltr'>cit,</span> <span class='ocrx_word' id='word_1_142' title='bbox 552 1955 652 2015; x_wconf 83' lang='lat' dir='ltr'>(tot</span> <span class='ocrx_word' id='word_1_143' title='bbox 677 1949 822 2004; x_wconf 88' lang='lat' dir='ltr'>enim,</span> <span class='ocrx_word' id='word_1_144' title='bbox 864 1955 920 1994; x_wconf 88' lang='lat' dir='ltr'>ut</span> <span class='ocrx_word' id='word_1_145' title='bbox 943 1946 1108 1993; x_wconf 87' lang='lat' dir='ltr'>audivi</span> <span class='ocrx_word' id='word_1_146' title='bbox 1135 1947 1420 1994; x_wconf 87' lang='lat' dir='ltr'>Scaevolam</span> <span class='ocrx_word' id='word_1_147' title='bbox 1446 1947 1631 2005; x_wconf 88' lang='lat' dir='ltr'>dicere,</span> <span class='ocrx_word' id='word_1_148' title='bbox 1656 1954 1771 1995; x_wconf 88' lang='lat' dir='ltr'>sunt</span> 
     </span>
     <span class='ocr_line' id='line_1_23' title="bbox 436 2023 1768 2085; baseline -0.004 -7"><span class='ocrx_word' id='word_1_149' title='bbox 436 2030 541 2078; x_wconf 86' lang='lat' dir='ltr'>veri</span> <span class='ocrx_word' id='word_1_150' title='bbox 579 2028 717 2076; x_wconf 85' lang='lat' dir='ltr'>Bruti</span> <span class='ocrx_word' id='word_1_151' title='bbox 752 2023 888 2085; x_wconf 81' lang='lat' dir='ltr'>libri)</span> <span class='ocrx_word' id='word_1_152' title='bbox 928 2025 988 2071; x_wconf 74' lang='lat' dir='ltr'>IN</span> <span class='ocrx_word' id='word_1_153' title='bbox 1032 2024 1256 2071; x_wconf 78' lang='lat' dir='ltr'><strong>TIBURTI</strong></span> <span class='ocrx_word' id='word_1_154' title='bbox 1296 2041 1456 2072; x_wconf 79' lang='lat' dir='ltr'>FORTE</span> <span class='ocrx_word' id='word_1_155' title='bbox 1487 2040 1768 2073; x_wconf 81' lang='lat' dir='ltr'><strong>ASSEDIMUS</strong></span> 
     </span>
     <span class='ocr_line' id='line_1_24' title="bbox 438 2100 1768 2164; baseline -0.005 -8"><span class='ocrx_word' id='word_1_156' title='bbox 438 2125 553 2164; x_wconf 85' lang='lat' dir='ltr'>EGO,</span> <span class='ocrx_word' id='word_1_157' title='bbox 595 2123 657 2154; x_wconf 81' lang='lat' dir='ltr'>ET</span> <span class='ocrx_word' id='word_1_158' title='bbox 708 2104 930 2151; x_wconf 77' lang='lat' dir='ltr'><strong>MARCUS</strong></span> <span class='ocrx_word' id='word_1_159' title='bbox 980 2118 1158 2150; x_wconf 86' lang='lat' dir='ltr'><strong>FILIUS.</strong></span> <span class='ocrx_word' id='word_1_160' title='bbox 1231 2101 1330 2150; x_wconf 87' lang='lat' dir='ltr'>Ubi</span> <span class='ocrx_word' id='word_1_161' title='bbox 1378 2109 1493 2148; x_wconf 89' lang='lat' dir='ltr'>sunt</span> <span class='ocrx_word' id='word_1_162' title='bbox 1532 2101 1566 2147; x_wconf 95' lang='lat' dir='ltr'>ii</span> <span class='ocrx_word' id='word_1_163' title='bbox 1605 2100 1768 2162; x_wconf 87' lang='lat' dir='ltr'>fundi,</span> 
     </span>
     <span class='ocr_line' id='line_1_25' title="bbox 438 2179 1767 2247; baseline -0.005 -13"><span class='ocrx_word' id='word_1_164' title='bbox 438 2187 610 2243; x_wconf 85' lang='lat' dir='ltr'>Brute,</span> <span class='ocrx_word' id='word_1_165' title='bbox 658 2200 778 2247; x_wconf 89' lang='lat' dir='ltr'>quos</span> <span class='ocrx_word' id='word_1_166' title='bbox 825 2182 914 2229; x_wconf 89' lang='lat' dir='ltr'>tibi</span> <span class='ocrx_word' id='word_1_167' title='bbox 959 2188 1100 2244; x_wconf 88' lang='lat' dir='ltr'>pater</span> <span class='ocrx_word' id='word_1_168' title='bbox 1145 2179 1356 2244; x_wconf 86' lang='lat' dir='ltr'>publicis</span> <span class='ocrx_word' id='word_1_169' title='bbox 1403 2180 1767 2228; x_wconf 86' lang='lat' dir='ltr'>commentariis</span> 
     </span>
     <span class='ocr_line' id='line_1_26' title="bbox 437 2259 1766 2326; baseline -0.005 -13"><span class='ocrx_word' id='word_1_170' title='bbox 437 2265 753 2326; x_wconf 81' lang='lat' dir='ltr'>consignatos</span> <span class='ocrx_word' id='word_1_171' title='bbox 777 2260 975 2324; x_wconf 86' lang='lat' dir='ltr'>reliquit</span> <span class='ocrx_word' id='word_1_172' title='bbox 995 2260 1011 2306; x_wconf 86' lang='lat'>?</span> <span class='ocrx_word' id='word_1_173' title='bbox 1049 2259 1200 2315; x_wconf 80' lang='lat' dir='ltr'>Quod</span> <span class='ocrx_word' id='word_1_174' title='bbox 1223 2259 1316 2305; x_wconf 92' lang='lat' dir='ltr'>nisi</span> <span class='ocrx_word' id='word_1_175' title='bbox 1339 2261 1576 2322; x_wconf 85' lang='lat' dir='ltr'>puberem</span> <span class='ocrx_word' id='word_1_176' title='bbox 1601 2267 1671 2318; x_wconf 88' lang='lat' dir='ltr'>te,</span> <span class='ocrx_word' id='word_1_177' title='bbox 1694 2259 1766 2306; x_wconf 92' lang='lat' dir='ltr'>in-</span> 
     </span>
     <span class='ocr_line' id='line_1_27' title="bbox 439 2336 1764 2407; baseline -0.004 -17"><span class='ocrx_word' id='word_1_178' title='bbox 439 2343 564 2407; x_wconf 88' lang='lat' dir='ltr'>quit,</span> <span class='ocrx_word' id='word_1_179' title='bbox 596 2341 700 2405; x_wconf 86' lang='lat' dir='ltr'>jam</span> <span class='ocrx_word' id='word_1_180' title='bbox 741 2339 960 2394; x_wconf 87' lang='lat' dir='ltr'>haberet,</span> <span class='ocrx_word' id='word_1_181' title='bbox 988 2344 1218 2402; x_wconf 89' lang='lat' dir='ltr'>quartum</span> <span class='ocrx_word' id='word_1_182' title='bbox 1250 2336 1428 2384; x_wconf 89' lang='lat' dir='ltr'>librum</span> <span class='ocrx_word' id='word_1_183' title='bbox 1466 2337 1764 2400; x_wconf 86' lang='lat' dir='ltr'>composuis-</span> 
     </span>
     <span class='ocr_line' id='line_1_28' title="bbox 438 2415 1767 2480; baseline -0.006 -10"><span class='ocrx_word' id='word_1_184' title='bbox 438 2429 527 2479; x_wconf 88' lang='lat' dir='ltr'>set,</span> <span class='ocrx_word' id='word_1_185' title='bbox 555 2429 606 2469; x_wconf 89' lang='lat' dir='ltr'>et</span> <span class='ocrx_word' id='word_1_186' title='bbox 630 2437 680 2467; x_wconf 93' lang='lat' dir='ltr'>se</span> <span class='ocrx_word' id='word_1_187' title='bbox 706 2419 853 2466; x_wconf 87' lang='lat' dir='ltr'>etiam</span> <span class='ocrx_word' id='word_1_188' title='bbox 877 2417 928 2463; x_wconf 91' lang='lat' dir='ltr'>in</span> <span class='ocrx_word' id='word_1_189' title='bbox 950 2415 1138 2465; x_wconf 87' lang='lat' dir='ltr'>balneis</span> <span class='ocrx_word' id='word_1_190' title='bbox 1161 2415 1318 2463; x_wconf 88' lang='lat' dir='ltr'>lotum</span> <span class='ocrx_word' id='word_1_191' title='bbox 1339 2432 1451 2463; x_wconf 88' lang='lat' dir='ltr'>cum</span> <span class='ocrx_word' id='word_1_192' title='bbox 1474 2415 1592 2474; x_wconf 89' lang='lat' dir='ltr'>filio,</span> <span class='ocrx_word' id='word_1_193' title='bbox 1618 2416 1767 2480; x_wconf 90' lang='lat' dir='ltr'>scrip-</span> 
     </span>
    </p>
   </div>
   <div class='ocr_carea' id='block_1_6' title="bbox 397 2494 1766 2563">
    <p class='ocr_par' dir='ltr' id='par_1_6' title="bbox 397 2494 1766 2563">
     <span class='ocr_line' id='line_1_29' title="bbox 397 2494 1766 2563; baseline -0.004 -14"><span class='ocrx_word' id='word_1_194' title='bbox 397 2531 407 2542; x_wconf 88' lang='lat'>·</span> <span class='ocrx_word' id='word_1_195' title='bbox 438 2510 543 2550; x_wconf 82' lang='lat' dir='ltr'>tum</span> <span class='ocrx_word' id='word_1_196' title='bbox 569 2495 1054 2563; x_wconf 82' lang='lat' dir='ltr'>1·eliquisset.-Quis</span> <span class='ocrx_word' id='word_1_197' title='bbox 1080 2502 1154 2543; x_wconf 86' lang='lat' dir='ltr'>est</span> <span class='ocrx_word' id='word_1_198' title='bbox 1176 2494 1345 2558; x_wconf 78' lang='lat' dir='ltr'>igitur,</span> <span class='ocrx_word' id='word_1_199' title='bbox 1382 2495 1465 2558; x_wconf 92' lang='lat' dir='ltr'>qui</span> <span class='ocrx_word' id='word_1_200' title='bbox 1489 2511 1589 2542; x_wconf 92' lang='lat' dir='ltr'>non</span> <span class='ocrx_word' id='word_1_201' title='bbox 1612 2494 1766 2543; x_wconf 85' lang='lat' dir='ltr'>fatea-</span> 
     </span>
    </p>
   </div>
   <div class='ocr_carea' id='block_1_7' title="bbox 434 2573 1764 2876">
    <p class='ocr_par' dir='ltr' id='par_1_7' title="bbox 434 2573 1764 2876">
     <span class='ocr_line' id='line_1_30' title="bbox 437 2573 1764 2642; baseline -0.005 -13"><span class='ocrx_word' id='word_1_202' title='bbox 437 2590 534 2639; x_wconf 86' lang='lat' dir='ltr'>tur,</span> <span class='ocrx_word' id='word_1_203' title='bbox 557 2579 654 2626; x_wconf 88' lang='lat' dir='ltr'>hoc</span> <span class='ocrx_word' id='word_1_204' title='bbox 677 2578 859 2642; x_wconf 88' lang='lat' dir='ltr'>lepore,</span> <span class='ocrx_word' id='word_1_205' title='bbox 886 2583 1033 2638; x_wconf 91' lang='lat' dir='ltr'>atque</span> <span class='ocrx_word' id='word_1_206' title='bbox 1069 2574 1143 2621; x_wconf 90' lang='lat' dir='ltr'>his</span> <span class='ocrx_word' id='word_1_207' title='bbox 1167 2573 1358 2621; x_wconf 83' lang='lat' dir='ltr'>facetiis</span> <span class='ocrx_word' id='word_1_208' title='bbox 1381 2590 1482 2621; x_wconf 89' lang='lat' dir='ltr'>non</span> <span class='ocrx_word' id='word_1_209' title='bbox 1506 2573 1667 2621; x_wconf 87' lang='lat' dir='ltr'>minus</span> <span class='ocrx_word' id='word_1_210' title='bbox 1691 2590 1764 2622; x_wconf 88' lang='lat' dir='ltr'>re-</span> 
     </span>
     <span class='ocr_line' id='line_1_31' title="bbox 434 2652 1764 2717; baseline -0.005 -9"><span class='ocrx_word' id='word_1_211' title='bbox 434 2659 649 2708; x_wconf 87' lang='lat' dir='ltr'>futatum</span> <span class='ocrx_word' id='word_1_212' title='bbox 676 2673 780 2705; x_wconf 88' lang='lat' dir='ltr'>esse</span> <span class='ocrx_word' id='word_1_213' title='bbox 806 2656 1034 2712; x_wconf 87' lang='lat' dir='ltr'>Brutum,</span> <span class='ocrx_word' id='word_1_214' title='bbox 1060 2670 1205 2717; x_wconf 90' lang='lat' dir='ltr'>quam</span> <span class='ocrx_word' id='word_1_215' title='bbox 1229 2652 1322 2700; x_wconf 90' lang='lat' dir='ltr'>illis</span> <span class='ocrx_word' id='word_1_216' title='bbox 1345 2652 1626 2717; x_wconf 83' lang='lat' dir='ltr'>tragoediis,</span> <span class='ocrx_word' id='word_1_217' title='bbox 1644 2669 1764 2717; x_wconf 87' lang='lat' dir='ltr'>quas</span> 
     </span>
     <span class='ocr_line' id='line_1_32' title="bbox 437 2731 1763 2802; baseline -0.005 -16"><span class='ocrx_word' id='word_1_218' title='bbox 437 2739 539 2802; x_wconf 86' lang='lat' dir='ltr'>egit</span> <span class='ocrx_word' id='word_1_219' title='bbox 562 2738 713 2796; x_wconf 88' lang='lat' dir='ltr'>idem,</span> <span class='ocrx_word' id='word_1_220' title='bbox 751 2752 864 2783; x_wconf 90' lang='lat' dir='ltr'>cum</span> <span class='ocrx_word' id='word_1_221' title='bbox 900 2751 1017 2782; x_wconf 86' lang='lat' dir='ltr'>casu</span> <span class='ocrx_word' id='word_1_222' title='bbox 1040 2734 1091 2781; x_wconf 92' lang='lat' dir='ltr'>in</span> <span class='ocrx_word' id='word_1_223' title='bbox 1116 2733 1288 2781; x_wconf 86' lang='lat' dir='ltr'>eadem</span> <span class='ocrx_word' id='word_1_224' title='bbox 1316 2749 1462 2781; x_wconf 87' lang='lat' dir='ltr'>causa</span> <span class='ocrx_word' id='word_1_225' title='bbox 1494 2732 1668 2781; x_wconf 87' lang='lat' dir='ltr'>funere</span> <span class='ocrx_word' id='word_1_226' title='bbox 1694 2731 1763 2780; x_wconf 88' lang='lat' dir='ltr'>ef-</span> 
     </span>
     <span class='ocr_line' id='line_1_33' title="bbox 437 2811 1761 2876; baseline -0.003 -12"><span class='ocrx_word' id='word_1_227' title='bbox 437 2817 646 2865; x_wconf 85' lang='lat' dir='ltr'>ferretur</span> <span class='ocrx_word' id='word_1_228' title='bbox 680 2832 801 2864; x_wconf 85' lang='lat' dir='ltr'>anus</span> <span class='ocrx_word' id='word_1_229' title='bbox 835 2815 1020 2864; x_wconf 84' lang='lat' dir='ltr'>Junia?</span> <span class='ocrx_word' id='word_1_230' title='bbox 1059 2813 1153 2861; x_wconf 87' lang='lat' dir='ltr'>Pro</span> <span class='ocrx_word' id='word_1_231' title='bbox 1179 2813 1246 2860; x_wconf 91' lang='lat' dir='ltr'>dii</span> <span class='ocrx_word' id='word_1_232' title='bbox 1271 2811 1597 2861; x_wconf 79' lang='lat' dir='ltr'>immortales!</span> <span class='ocrx_word' id='word_1_233' title='bbox 1635 2827 1761 2876; x_wconf 86' lang='lat' dir='ltr'>quae</span> 
     </span>
    </p>
   </div>
   <div class='ocr_carea' id='block_1_8' title="bbox 437 2891 1759 2961">
    <p class='ocr_par' dir='ltr' id='par_1_8' title="bbox 437 2891 1759 2961">
     <span class='ocr_line' id='line_1_34' title="bbox 437 2891 1759 2961; baseline -0.005 -17"><span class='ocrx_word' id='word_1_234' title='bbox 437 2895 534 2944; x_wconf 78' lang='lat' dir='ltr'>fuit</span> <span class='ocrx_word' id='word_1_235' title='bbox 556 2896 656 2957; x_wconf 84' lang='lat' dir='ltr'>illa,</span> <span class='ocrx_word' id='word_1_236' title='bbox 681 2902 864 2961; x_wconf 87' lang='lat' dir='ltr'>quanta</span> <span class='ocrx_word' id='word_1_237' title='bbox 886 2895 958 2945; x_wconf 84' lang='lat' dir='ltr'>vis</span> <span class='ocrx_word' id='word_1_238' title='bbox 978 2894 994 2942; x_wconf 86' lang='lat'>?</span> <span class='ocrx_word' id='word_1_239' title='bbox 1032 2909 1176 2957; x_wconf 84' lang='lat' dir='ltr'>quam</span> <span class='ocrx_word' id='word_1_240' title='bbox 1201 2891 1577 2957; x_wconf 82' lang='lat' dir='ltr'>inexspectata?</span> <span class='ocrx_word' id='word_1_241' title='bbox 1612 2906 1759 2955; x_wconf 90' lang='lat' dir='ltr'>quam</span> 
     </span>
    </p>
   </div>
   <div class='ocr_carea' id='block_1_9' title="bbox 2047 1632 2062 1831">
    <p class='ocr_par' dir='ltr' id='par_1_9' title="bbox 2047 1632 2062 1831">
     <span class='ocr_line' id='line_1_35' title="bbox 2047 1632 2062 1831; textangle 90"><span class='ocrx_word' id='word_1_242' title='bbox 2047 1712 2061 1831; x_wconf 47' lang='lat' dir='ltr'>.-·&#39;RQT2</span> <span class='ocrx_word' id='word_1_243' title='bbox 2050 1659 2062 1689; x_wconf 65' lang='grc' dir='ltr'>-ς</span> <span class='ocrx_word' id='word_1_244' title='bbox 2051 1632 2059 1648; x_wconf 49' lang='lat' dir='ltr'>a</span> 
     </span>
    </p>
   </div>
  </div>
 </body>
</html>
