<?xml version="1.0" encoding="UTF-8"?>
<!DOCTYPE html PUBLIC "-//W3C//DTD XHTML 1.0 Transitional//EN"
    "http://www.w3.org/TR/xhtml1/DTD/xhtml1-transitional.dtd">
<html xmlns="http://www.w3.org/1999/xhtml" xml:lang="en" lang="en">
 <head>
  <title>
</title>
<meta http-equiv="Content-Type" content="text/html;charset=utf-8" />
  <meta name='ocr-system' content='tesseract 3.04.00' />
  <meta name='ocr-capabilities' content='ocr_page ocr_carea ocr_par ocr_line ocrx_word'/>
</head>
<body>
  <div class='ocr_page' id='page_1' title='image "./deoratorelibrit00ciceuoft_0079.png"; bbox 0 0 2071 3508; ppageno 0'>
   <div class='ocr_carea' id='block_1_1' title="bbox 759 404 1640 448">
    <p class='ocr_par' dir='ltr' id='par_1_1' title="bbox 759 404 1640 448">
     <span class='ocr_line' id='line_1_1' title="bbox 759 404 1640 448; baseline 0 -3"><span class='ocrx_word' id='word_1_1' title='bbox 759 406 928 445; x_wconf 91' lang='lat' dir='ltr'><strong>LIBER</strong></span> <span class='ocrx_word' id='word_1_2' title='bbox 957 404 1183 445; x_wconf 85' lang='lat' dir='ltr'><strong>PRIMUS.</strong></span> <span class='ocrx_word' id='word_1_3' title='bbox 1592 408 1640 448; x_wconf 82' lang='lat'>71</span> 
     </span>
    </p>
   </div>
   <div class='ocr_carea' id='block_1_2' title="bbox 301 512 1773 3015">
    <p class='ocr_par' dir='ltr' id='par_1_2' title="bbox 301 512 1773 2793">
     <span class='ocr_line' id='line_1_2' title="bbox 313 512 1642 578; baseline -0.003 -11"><span class='ocrx_word' id='word_1_4' title='bbox 313 518 376 566; x_wconf 83' lang='lat' dir='ltr'>cla</span> <span class='ocrx_word' id='word_1_5' title='bbox 399 524 507 576; x_wconf 89' lang='lat' dir='ltr'>est;</span> <span class='ocrx_word' id='word_1_6' title='bbox 546 531 659 574; x_wconf 88' lang='lat' dir='ltr'>nec,</span> <span class='ocrx_word' id='word_1_7' title='bbox 684 514 722 561; x_wconf 91' lang='lat' dir='ltr'>si</span> <span class='ocrx_word' id='word_1_8' title='bbox 750 515 803 562; x_wconf 89' lang='lat' dir='ltr'>P.</span> <span class='ocrx_word' id='word_1_9' title='bbox 832 514 1034 562; x_wconf 83' lang='lat' dir='ltr'>Crassus</span> <span class='ocrx_word' id='word_1_10' title='bbox 1058 513 1191 562; x_wconf 90' lang='lat' dir='ltr'>idem</span> <span class='ocrx_word' id='word_1_11' title='bbox 1209 512 1306 562; x_wconf 87' lang='lat' dir='ltr'>fuit</span> <span class='ocrx_word' id='word_1_12' title='bbox 1331 513 1565 578; x_wconf 89' lang='lat' dir='ltr'>eloquens</span> <span class='ocrx_word' id='word_1_13' title='bbox 1591 524 1642 563; x_wconf 93' lang='lat' dir='ltr'>et</span> 
     </span>
     <span class='ocr_line' id='line_1_3' title="bbox 301 592 1641 660; baseline -0.002 -18"><span class='ocrx_word' id='word_1_14' title='bbox 301 593 425 658; x_wconf 87' lang='lat' dir='ltr'>juris</span> <span class='ocrx_word' id='word_1_15' title='bbox 448 595 652 660; x_wconf 88' lang='lat' dir='ltr'>peritus,</span> <span class='ocrx_word' id='word_1_16' title='bbox 693 594 756 641; x_wconf 92' lang='lat' dir='ltr'>ob</span> <span class='ocrx_word' id='word_1_17' title='bbox 783 609 889 641; x_wconf 90' lang='lat' dir='ltr'>eam</span> <span class='ocrx_word' id='word_1_18' title='bbox 916 609 1112 641; x_wconf 88' lang='lat' dir='ltr'>causam</span> <span class='ocrx_word' id='word_1_19' title='bbox 1148 593 1277 640; x_wconf 89' lang='lat' dir='ltr'>inest</span> <span class='ocrx_word' id='word_1_20' title='bbox 1314 592 1365 639; x_wconf 92' lang='lat' dir='ltr'>in</span> <span class='ocrx_word' id='word_1_21' title='bbox 1402 592 1641 640; x_wconf 83' lang='lat' dir='ltr'>facultate</span> 
     </span>
     <span class='ocr_line' id='line_1_4' title="bbox 310 670 1769 737; baseline -0.003 -17"><span class='ocrx_word' id='word_1_22' title='bbox 310 672 508 722; x_wconf 76' lang='lat' dir='ltr'>dicendi</span> <span class='ocrx_word' id='word_1_23' title='bbox 535 671 661 737; x_wconf 87' lang='lat' dir='ltr'>juris</span> <span class='ocrx_word' id='word_1_24' title='bbox 687 671 842 720; x_wconf 88' lang='lat' dir='ltr'>civilis</span> <span class='ocrx_word' id='word_1_25' title='bbox 869 670 1090 719; x_wconf 87' lang='lat' dir='ltr'>scientia.</span> <span class='ocrx_word' id='word_1_26' title='bbox 1162 671 1291 718; x_wconf 89' lang='lat' dir='ltr'>Nam</span> <span class='ocrx_word' id='word_1_27' title='bbox 1335 671 1373 718; x_wconf 90' lang='lat' dir='ltr'>si</span> <span class='ocrx_word' id='word_1_28' title='bbox 1416 671 1769 735; x_wconf 80' lang='lat' dir='ltr'>quisque,217.</span> 
     </span>
     <span class='ocr_line' id='line_1_5' title="bbox 307 749 1642 815; baseline -0.001 -17"><span class='ocrx_word' id='word_1_29' title='bbox 307 758 363 799; x_wconf 87' lang='lat' dir='ltr'>ut</span> <span class='ocrx_word' id='word_1_30' title='bbox 402 751 453 798; x_wconf 92' lang='lat' dir='ltr'>in</span> <span class='ocrx_word' id='word_1_31' title='bbox 495 751 658 815; x_wconf 86' lang='lat' dir='ltr'>aliqua</span> <span class='ocrx_word' id='word_1_32' title='bbox 699 758 803 799; x_wconf 90' lang='lat' dir='ltr'>arte</span> <span class='ocrx_word' id='word_1_33' title='bbox 843 758 893 798; x_wconf 92' lang='lat' dir='ltr'>et</span> <span class='ocrx_word' id='word_1_34' title='bbox 928 749 1166 797; x_wconf 83' lang='lat' dir='ltr'>facultate</span> <span class='ocrx_word' id='word_1_35' title='bbox 1204 749 1472 807; x_wconf 87' lang='lat' dir='ltr'>excellens,</span> <span class='ocrx_word' id='word_1_36' title='bbox 1497 750 1642 797; x_wconf 91' lang='lat' dir='ltr'>aliam</span> 
     </span>
     <span class='ocr_line' id='line_1_6' title="bbox 306 828 1643 895; baseline -0.001 -18"><span class='ocrx_word' id='word_1_37' title='bbox 306 845 503 895; x_wconf 90' lang='lat' dir='ltr'>quoque</span> <span class='ocrx_word' id='word_1_38' title='bbox 542 838 697 878; x_wconf 88' lang='lat' dir='ltr'>artem</span> <span class='ocrx_word' id='word_1_39' title='bbox 734 829 824 878; x_wconf 89' lang='lat' dir='ltr'>sibi</span> <span class='ocrx_word' id='word_1_40' title='bbox 862 829 1160 887; x_wconf 84' lang='lat' dir='ltr'>assumserit,</span> <span class='ocrx_word' id='word_1_41' title='bbox 1198 829 1267 876; x_wconf 84' lang='lat' dir='ltr'>ita</span> <span class='ocrx_word' id='word_1_42' title='bbox 1301 828 1542 892; x_wconf 87' lang='lat' dir='ltr'>perficiet,</span> <span class='ocrx_word' id='word_1_43' title='bbox 1566 836 1643 888; x_wconf 92' lang='lat' dir='ltr'>ut,</span> 
     </span>
     <span class='ocr_line' id='line_1_7' title="bbox 306 906 1642 974; baseline -0.001 -18"><span class='ocrx_word' id='word_1_44' title='bbox 306 908 441 972; x_wconf 90' lang='lat' dir='ltr'>quod</span> <span class='ocrx_word' id='word_1_45' title='bbox 475 916 732 974; x_wconf 86' lang='lat' dir='ltr'>praeterea</span> <span class='ocrx_word' id='word_1_46' title='bbox 767 909 908 967; x_wconf 89' lang='lat' dir='ltr'>sciet,</span> <span class='ocrx_word' id='word_1_47' title='bbox 950 908 1002 955; x_wconf 92' lang='lat' dir='ltr'>id</span> <span class='ocrx_word' id='word_1_48' title='bbox 1043 906 1165 972; x_wconf 89' lang='lat' dir='ltr'>ejus,</span> <span class='ocrx_word' id='word_1_49' title='bbox 1203 908 1255 954; x_wconf 89' lang='lat' dir='ltr'>in</span> <span class='ocrx_word' id='word_1_50' title='bbox 1286 924 1383 971; x_wconf 92' lang='lat' dir='ltr'>quo</span> <span class='ocrx_word' id='word_1_51' title='bbox 1409 906 1642 966; x_wconf 84' lang='lat' dir='ltr'>excellet,</span> 
     </span>
     <span class='ocr_line' id='line_1_8' title="bbox 306 987 1643 1053; baseline 0.001 -19"><span class='ocrx_word' id='word_1_52' title='bbox 306 1003 418 1052; x_wconf 90' lang='lat' dir='ltr'>pars</span> <span class='ocrx_word' id='word_1_53' title='bbox 443 988 685 1053; x_wconf 86' lang='lat' dir='ltr'>quaedam</span> <span class='ocrx_word' id='word_1_54' title='bbox 722 1004 827 1035; x_wconf 89' lang='lat' dir='ltr'>esse</span> <span class='ocrx_word' id='word_1_55' title='bbox 863 987 1119 1035; x_wconf 84' lang='lat' dir='ltr'>videatur:</span> <span class='ocrx_word' id='word_1_56' title='bbox 1159 987 1279 1034; x_wconf 89' lang='lat' dir='ltr'>licet</span> <span class='ocrx_word' id='word_1_57' title='bbox 1318 987 1412 1034; x_wconf 89' lang='lat' dir='ltr'>ista</span> <span class='ocrx_word' id='word_1_58' title='bbox 1452 987 1643 1036; x_wconf 87' lang='lat' dir='ltr'>ratione</span> 
     </span>
     <span class='ocr_line' id='line_1_9' title="bbox 307 1064 1643 1132; baseline 0 -18"><span class='ocrx_word' id='word_1_59' title='bbox 307 1064 546 1126; x_wconf 73' lang='lat' dir='ltr'>dicamus,</span> <span class='ocrx_word' id='word_1_60' title='bbox 571 1066 670 1132; x_wconf 86' lang='lat' dir='ltr'>pila</span> <span class='ocrx_word' id='word_1_61' title='bbox 693 1068 840 1126; x_wconf 90' lang='lat' dir='ltr'>bene,</span> <span class='ocrx_word' id='word_1_62' title='bbox 866 1074 917 1115; x_wconf 88' lang='lat' dir='ltr'>et</span> <span class='ocrx_word' id='word_1_63' title='bbox 942 1066 1208 1114; x_wconf 85' lang='lat' dir='ltr'>duodecim</span> <span class='ocrx_word' id='word_1_64' title='bbox 1234 1066 1427 1130; x_wconf 86' lang='lat' dir='ltr'>scriptis</span> <span class='ocrx_word' id='word_1_65' title='bbox 1451 1065 1643 1126; x_wconf 88' lang='lat' dir='ltr'>ludere,</span> 
     </span>
     <span class='ocr_line' id='line_1_10' title="bbox 305 1145 1642 1212; baseline 0.001 -20"><span class='ocrx_word' id='word_1_66' title='bbox 305 1146 558 1211; x_wconf 90' lang='lat' dir='ltr'>proprium</span> <span class='ocrx_word' id='word_1_67' title='bbox 601 1163 706 1195; x_wconf 91' lang='lat' dir='ltr'>esse</span> <span class='ocrx_word' id='word_1_68' title='bbox 739 1146 864 1212; x_wconf 85' lang='lat' dir='ltr'>juris</span> <span class='ocrx_word' id='word_1_69' title='bbox 902 1145 1075 1204; x_wconf 88' lang='lat' dir='ltr'>civilis,</span> <span class='ocrx_word' id='word_1_70' title='bbox 1113 1146 1345 1209; x_wconf 87' lang='lat' dir='ltr'>quoniam</span> <span class='ocrx_word' id='word_1_71' title='bbox 1371 1154 1642 1210; x_wconf 87' lang='lat' dir='ltr'>utrumque</span> 
     </span>
     <span class='ocr_line' id='line_1_11' title="bbox 308 1223 1642 1290; baseline 0 -18"><span class='ocrx_word' id='word_1_72' title='bbox 308 1240 477 1273; x_wconf 90' lang='lat' dir='ltr'>eorum</span> <span class='ocrx_word' id='word_1_73' title='bbox 505 1225 557 1272; x_wconf 93' lang='lat' dir='ltr'>P.</span> <span class='ocrx_word' id='word_1_74' title='bbox 587 1224 789 1274; x_wconf 89' lang='lat' dir='ltr'>Mucius</span> <span class='ocrx_word' id='word_1_75' title='bbox 809 1225 995 1290; x_wconf 88' lang='lat' dir='ltr'>optime</span> <span class='ocrx_word' id='word_1_76' title='bbox 1021 1223 1199 1271; x_wconf 86' lang='lat' dir='ltr'>fecerit</span> <span class='ocrx_word' id='word_1_77' title='bbox 1220 1241 1232 1270; x_wconf 69' lang='grc' dir='ltr'>ε</span> <span class='ocrx_word' id='word_1_78' title='bbox 1272 1223 1546 1287; x_wconf 89' lang='lat' dir='ltr'>eademque</span> <span class='ocrx_word' id='word_1_79' title='bbox 1571 1241 1642 1273; x_wconf 85' lang='lat' dir='ltr'>ra·</span> 
     </span>
     <span class='ocr_line' id='line_1_12' title="bbox 307 1302 1643 1368; baseline 0.001 -18"><span class='ocrx_word' id='word_1_80' title='bbox 307 1303 444 1352; x_wconf 89' lang='lat' dir='ltr'>tione</span> <span class='ocrx_word' id='word_1_81' title='bbox 470 1304 717 1363; x_wconf 90' lang='lat' dir='ltr'>dicantur,</span> <span class='ocrx_word' id='word_1_82' title='bbox 742 1312 811 1363; x_wconf 90' lang='lat' dir='ltr'>et,</span> <span class='ocrx_word' id='word_1_83' title='bbox 837 1320 958 1368; x_wconf 90' lang='lat' dir='ltr'>quos</span> <span class='ocrx_word' id='word_1_84' title='bbox 982 1302 1125 1359; x_wconf 62' lang='grc' dir='ltr'><em>φυσικές</em></span> <span class='ocrx_word' id='word_1_85' title='bbox 1152 1302 1336 1350; x_wconf 88' lang='lat' dir='ltr'>Graeci</span> <span class='ocrx_word' id='word_1_86' title='bbox 1367 1303 1643 1363; x_wconf 86' lang='lat' dir='ltr'>nominant,</span> 
     </span>
     <span class='ocr_line' id='line_1_13' title="bbox 308 1380 1645 1448; baseline -0.001 -18"><span class='ocrx_word' id='word_1_87' title='bbox 308 1381 458 1431; x_wconf 89' lang='lat' dir='ltr'>iidem</span> <span class='ocrx_word' id='word_1_88' title='bbox 483 1387 679 1448; x_wconf 70' lang='lat' dir='ltr'>poetae,</span> <span class='ocrx_word' id='word_1_89' title='bbox 716 1383 947 1448; x_wconf 79' lang='lat' dir='ltr'>quoniam</span> <span class='ocrx_word' id='word_1_90' title='bbox 974 1380 1303 1445; x_wconf 89' lang='lat' dir='ltr'>Empedocles</span> <span class='ocrx_word' id='word_1_91' title='bbox 1338 1380 1572 1444; x_wconf 86' lang='lat' dir='ltr'>physicus</span> <span class='ocrx_word' id='word_1_92' title='bbox 1597 1398 1645 1428; x_wconf 92' lang='lat' dir='ltr'>e-</span> 
     </span>
     <span class='ocr_line' id='line_1_14' title="bbox 306 1458 1645 1527; baseline -0.001 -19"><span class='ocrx_word' id='word_1_93' title='bbox 306 1462 534 1526; x_wconf 85' lang='lat' dir='ltr'>gregium</span> <span class='ocrx_word' id='word_1_94' title='bbox 558 1467 735 1527; x_wconf 71' lang='lat' dir='ltr'>poema</span> <span class='ocrx_word' id='word_1_95' title='bbox 759 1461 949 1510; x_wconf 90' lang='lat' dir='ltr'>fecerit.</span> <span class='ocrx_word' id='word_1_96' title='bbox 1022 1460 1095 1508; x_wconf 91' lang='lat' dir='ltr'>At</span> <span class='ocrx_word' id='word_1_97' title='bbox 1135 1459 1231 1506; x_wconf 90' lang='lat' dir='ltr'>hoc</span> <span class='ocrx_word' id='word_1_98' title='bbox 1267 1475 1330 1506; x_wconf 90' lang='lat' dir='ltr'>ne</span> <span class='ocrx_word' id='word_1_99' title='bbox 1365 1458 1645 1524; x_wconf 84' lang='lat' dir='ltr'>philosophi</span> 
     </span>
     <span class='ocr_line' id='line_1_15' title="bbox 307 1537 1725 1612; baseline -0.001 -24"><span class='ocrx_word' id='word_1_100' title='bbox 307 1540 507 1606; x_wconf 91' lang='lat' dir='ltr'>quidem</span> <span class='ocrx_word' id='word_1_101' title='bbox 532 1540 641 1604; x_wconf 88' lang='lat' dir='ltr'>ipsi,</span> <span class='ocrx_word' id='word_1_102' title='bbox 679 1541 762 1605; x_wconf 89' lang='lat' dir='ltr'>qui</span> <span class='ocrx_word' id='word_1_103' title='bbox 787 1540 971 1598; x_wconf 87' lang='lat' dir='ltr'>omnia,</span> <span class='ocrx_word' id='word_1_104' title='bbox 1007 1539 1135 1587; x_wconf 83' lang='lat' dir='ltr'>sicut</span> <span class='ocrx_word' id='word_1_105' title='bbox 1158 1537 1372 1602; x_wconf 86' lang='lat' dir='ltr'>propria,</span> <span class='ocrx_word' id='word_1_106' title='bbox 1408 1555 1494 1586; x_wconf 90' lang='lat' dir='ltr'>sua</span> <span class='ocrx_word' id='word_1_107' title='bbox 1520 1554 1644 1598; x_wconf 83' lang='lat' dir='ltr'>esse,</span> <span class='ocrx_word' id='word_1_108' title='bbox 1676 1545 1725 1612; x_wconf 28' lang='grc' dir='ltr'>,ξω</span> 
     </span>
     <span class='ocr_line' id='line_1_16' title="bbox 305 1618 1645 1684; baseline 0 -16"><span class='ocrx_word' id='word_1_109' title='bbox 305 1625 457 1683; x_wconf 83' lang='lat' dir='ltr'>atque</span> <span class='ocrx_word' id='word_1_110' title='bbox 483 1636 511 1666; x_wconf 90' lang='lat' dir='ltr'>a</span> <span class='ocrx_word' id='word_1_111' title='bbox 535 1636 586 1668; x_wconf 87' lang='lat' dir='ltr'>se</span> <span class='ocrx_word' id='word_1_112' title='bbox 609 1619 848 1684; x_wconf 87' lang='lat' dir='ltr'>possideri</span> <span class='ocrx_word' id='word_1_113' title='bbox 872 1618 1066 1678; x_wconf 88' lang='lat' dir='ltr'>volunt,</span> <span class='ocrx_word' id='word_1_114' title='bbox 1099 1618 1266 1666; x_wconf 86' lang='lat' dir='ltr'>dicere</span> <span class='ocrx_word' id='word_1_115' title='bbox 1292 1618 1497 1678; x_wconf 90' lang='lat' dir='ltr'>audent,</span> <span class='ocrx_word' id='word_1_116' title='bbox 1526 1636 1645 1683; x_wconf 86' lang='lat' dir='ltr'>geo-</span> 
     </span>
     <span class='ocr_line' id='line_1_17' title="bbox 306 1697 1644 1765; baseline -0.001 -17"><span class='ocrx_word' id='word_1_117' title='bbox 306 1698 553 1758; x_wconf 87' lang='lat' dir='ltr'>metriam,</span> <span class='ocrx_word' id='word_1_118' title='bbox 573 1707 658 1747; x_wconf 90' lang='lat' dir='ltr'>aut</span> <span class='ocrx_word' id='word_1_119' title='bbox 677 1699 935 1759; x_wconf 80' lang='lat' dir='ltr'>musicam,</span> <span class='ocrx_word' id='word_1_120' title='bbox 954 1697 1233 1765; x_wconf 86' lang='lat' dir='ltr'>philosophi</span> <span class='ocrx_word' id='word_1_121' title='bbox 1253 1714 1376 1757; x_wconf 91' lang='lat' dir='ltr'>esse,</span> <span class='ocrx_word' id='word_1_122' title='bbox 1396 1699 1511 1762; x_wconf 91' lang='lat' dir='ltr'>quia</span> <span class='ocrx_word' id='word_1_123' title='bbox 1538 1698 1644 1747; x_wconf 88' lang='lat' dir='ltr'>Pla-</span> 
     </span>
     <span class='ocr_line' id='line_1_18' title="bbox 304 1779 1645 1846; baseline -0.002 -18"><span class='ocrx_word' id='word_1_124' title='bbox 304 1785 475 1830; x_wconf 82' lang='lat' dir='ltr'>tonem</span> <span class='ocrx_word' id='word_1_125' title='bbox 517 1797 688 1830; x_wconf 91' lang='lat' dir='ltr'>omnes</span> <span class='ocrx_word' id='word_1_126' title='bbox 729 1781 780 1829; x_wconf 92' lang='lat' dir='ltr'>in</span> <span class='ocrx_word' id='word_1_127' title='bbox 815 1781 909 1829; x_wconf 87' lang='lat' dir='ltr'>illis</span> <span class='ocrx_word' id='word_1_128' title='bbox 952 1781 1138 1830; x_wconf 79' lang='lat' dir='ltr'>artibus</span> <span class='ocrx_word' id='word_1_129' title='bbox 1169 1779 1645 1846; x_wconf 88' lang='lat' dir='ltr'>praestantissimum</span> 
     </span>
     <span class='ocr_line' id='line_1_19' title="bbox 305 1857 1773 1925; baseline 0.001 -19"><span class='ocrx_word' id='word_1_130' title='bbox 305 1857 456 1908; x_wconf 79' lang='lat' dir='ltr'>fuisse</span> <span class='ocrx_word' id='word_1_131' title='bbox 481 1859 747 1909; x_wconf 85' lang='lat' dir='ltr'>fateantur.</span> <span class='ocrx_word' id='word_1_132' title='bbox 821 1861 921 1919; x_wconf 91' lang='lat' dir='ltr'>Ac,</span> <span class='ocrx_word' id='word_1_133' title='bbox 947 1861 984 1908; x_wconf 90' lang='lat' dir='ltr'>si</span> <span class='ocrx_word' id='word_1_134' title='bbox 1001 1859 1106 1925; x_wconf 82' lang='lat' dir='ltr'>jam</span> <span class='ocrx_word' id='word_1_135' title='bbox 1130 1859 1297 1925; x_wconf 91' lang='lat' dir='ltr'>placet</span> <span class='ocrx_word' id='word_1_136' title='bbox 1321 1876 1491 1907; x_wconf 90' lang='lat' dir='ltr'>omnes</span> <span class='ocrx_word' id='word_1_137' title='bbox 1517 1868 1646 1908; x_wconf 85' lang='lat' dir='ltr'>artes</span> <span class='ocrx_word' id='word_1_138' title='bbox 1662 1867 1773 1908; x_wconf 67' lang='lat' dir='ltr'>218o</span> 
     </span>
     <span class='ocr_line' id='line_1_20' title="bbox 306 1938 1646 2004; baseline -0.001 -17"><span class='ocrx_word' id='word_1_139' title='bbox 306 1939 489 1987; x_wconf 90' lang='lat' dir='ltr'>oratori</span> <span class='ocrx_word' id='word_1_140' title='bbox 528 1939 846 2004; x_wconf 82' lang='lat' dir='ltr'>subjungere,</span> <span class='ocrx_word' id='word_1_141' title='bbox 888 1939 1190 1989; x_wconf 88' lang='lat' dir='ltr'>tolerabilius</span> <span class='ocrx_word' id='word_1_142' title='bbox 1229 1946 1321 1997; x_wconf 85' lang='lat' dir='ltr'>est,</span> <span class='ocrx_word' id='word_1_143' title='bbox 1363 1938 1433 1985; x_wconf 89' lang='lat' dir='ltr'>sic</span> <span class='ocrx_word' id='word_1_144' title='bbox 1479 1938 1646 2002; x_wconf 89' lang='lat' dir='ltr'>potius</span> 
     </span>
     <span class='ocr_line' id='line_1_21' title="bbox 312 2016 1647 2083; baseline -0.001 -16"><span class='ocrx_word' id='word_1_145' title='bbox 312 2017 498 2077; x_wconf 86' lang='lat' dir='ltr'>dicere,</span> <span class='ocrx_word' id='word_1_146' title='bbox 523 2025 598 2077; x_wconf 89' lang='lat' dir='ltr'>ut,</span> <span class='ocrx_word' id='word_1_147' title='bbox 624 2018 856 2083; x_wconf 90' lang='lat' dir='ltr'>quoniam</span> <span class='ocrx_word' id='word_1_148' title='bbox 882 2018 1082 2066; x_wconf 87' lang='lat' dir='ltr'>dicendi</span> <span class='ocrx_word' id='word_1_149' title='bbox 1106 2016 1315 2065; x_wconf 87' lang='lat' dir='ltr'>facultas</span> <span class='ocrx_word' id='word_1_150' title='bbox 1340 2032 1440 2064; x_wconf 89' lang='lat' dir='ltr'>non</span> <span class='ocrx_word' id='word_1_151' title='bbox 1466 2016 1647 2065; x_wconf 83' lang='lat' dir='ltr'>debeat</span> 
     </span>
     <span class='ocr_line' id='line_1_22' title="bbox 308 2095 1647 2162; baseline -0.001 -17"><span class='ocrx_word' id='word_1_152' title='bbox 308 2112 413 2146; x_wconf 85' lang='lat' dir='ltr'>esse</span> <span class='ocrx_word' id='word_1_153' title='bbox 447 2095 620 2161; x_wconf 85' lang='lat' dir='ltr'>jejuna</span> <span class='ocrx_word' id='word_1_154' title='bbox 661 2106 811 2162; x_wconf 81' lang='lat' dir='ltr'>atque</span> <span class='ocrx_word' id='word_1_155' title='bbox 850 2099 1001 2157; x_wconf 87' lang='lat' dir='ltr'>nuda,</span> <span class='ocrx_word' id='word_1_156' title='bbox 1041 2097 1128 2145; x_wconf 92' lang='lat' dir='ltr'>sed</span> <span class='ocrx_word' id='word_1_157' title='bbox 1164 2114 1358 2162; x_wconf 84' lang='lat' dir='ltr'>aspersa</span> <span class='ocrx_word' id='word_1_158' title='bbox 1393 2104 1542 2159; x_wconf 86' lang='lat' dir='ltr'>atque</span> <span class='ocrx_word' id='word_1_159' title='bbox 1577 2096 1647 2144; x_wconf 88' lang='lat' dir='ltr'>di-</span> 
     </span>
     <span class='ocr_line' id='line_1_23' title="bbox 307 2175 1647 2241; baseline -0.001 -16"><span class='ocrx_word' id='word_1_160' title='bbox 307 2177 490 2225; x_wconf 78' lang='lat' dir='ltr'>stincta</span> <span class='ocrx_word' id='word_1_161' title='bbox 513 2175 778 2227; x_wconf 87' lang='lat' dir='ltr'>multarum</span> <span class='ocrx_word' id='word_1_162' title='bbox 805 2193 967 2224; x_wconf 85' lang='lat' dir='ltr'>rerum</span> <span class='ocrx_word' id='word_1_163' title='bbox 991 2175 1220 2241; x_wconf 83' lang='lat' dir='ltr'>jucunda</span> <span class='ocrx_word' id='word_1_164' title='bbox 1243 2175 1455 2239; x_wconf 91' lang='lat' dir='ltr'>quadam</span> <span class='ocrx_word' id='word_1_165' title='bbox 1493 2175 1647 2223; x_wconf 76' lang='lat' dir='ltr'>varie-</span> 
     </span>
     <span class='ocr_line' id='line_1_24' title="bbox 304 2253 1643 2318; baseline -0.001 -15"><span class='ocrx_word' id='word_1_166' title='bbox 304 2262 430 2314; x_wconf 84' lang='lat' dir='ltr'>tate,</span> <span class='ocrx_word' id='word_1_167' title='bbox 471 2254 534 2302; x_wconf 91' lang='lat' dir='ltr'>sit</span> <span class='ocrx_word' id='word_1_168' title='bbox 570 2255 688 2303; x_wconf 91' lang='lat' dir='ltr'>boni</span> <span class='ocrx_word' id='word_1_169' title='bbox 730 2255 935 2304; x_wconf 88' lang='lat' dir='ltr'>oratoris</span> <span class='ocrx_word' id='word_1_170' title='bbox 973 2254 1130 2302; x_wconf 89' lang='lat' dir='ltr'>multa</span> <span class='ocrx_word' id='word_1_171' title='bbox 1153 2253 1351 2302; x_wconf 90' lang='lat' dir='ltr'>auribus</span> <span class='ocrx_word' id='word_1_172' title='bbox 1376 2254 1643 2318; x_wconf 86' lang='lat' dir='ltr'>accepisse,</span> 
     </span>
     <span class='ocr_line' id='line_1_25' title="bbox 305 2332 1645 2397; baseline -0.001 -15"><span class='ocrx_word' id='word_1_173' title='bbox 305 2333 463 2382; x_wconf 88' lang='lat' dir='ltr'>multa</span> <span class='ocrx_word' id='word_1_174' title='bbox 485 2333 684 2393; x_wconf 87' lang='lat' dir='ltr'>vidisse,</span> <span class='ocrx_word' id='word_1_175' title='bbox 709 2333 865 2384; x_wconf 88' lang='lat' dir='ltr'>multa</span> <span class='ocrx_word' id='word_1_176' title='bbox 889 2334 1053 2381; x_wconf 84' lang='lat' dir='ltr'>animo</span> <span class='ocrx_word' id='word_1_177' title='bbox 1074 2340 1124 2380; x_wconf 91' lang='lat' dir='ltr'>et</span> <span class='ocrx_word' id='word_1_178' title='bbox 1140 2332 1464 2397; x_wconf 82' lang='lat' dir='ltr'>cogitatione,</span> <span class='ocrx_word' id='word_1_179' title='bbox 1490 2333 1645 2381; x_wconf 85' lang='lat' dir='ltr'>multa</span> 
     </span>
     <span class='ocr_line' id='line_1_26' title="bbox 307 2412 1644 2477; baseline -0.001 -15"><span class='ocrx_word' id='word_1_180' title='bbox 307 2412 457 2462; x_wconf 85' lang='lat' dir='ltr'>etiam</span> <span class='ocrx_word' id='word_1_181' title='bbox 497 2412 713 2477; x_wconf 84' lang='lat' dir='ltr'>legendo</span> <span class='ocrx_word' id='word_1_182' title='bbox 750 2413 1084 2477; x_wconf 83' lang='lat' dir='ltr'>percurrisse3</span> <span class='ocrx_word' id='word_1_183' title='bbox 1125 2427 1288 2476; x_wconf 91' lang='lat' dir='ltr'>neque</span> <span class='ocrx_word' id='word_1_184' title='bbox 1331 2428 1407 2470; x_wconf 89' lang='lat' dir='ltr'>ea,</span> <span class='ocrx_word' id='word_1_185' title='bbox 1445 2420 1502 2460; x_wconf 91' lang='lat' dir='ltr'>ut</span> <span class='ocrx_word' id='word_1_186' title='bbox 1540 2429 1644 2472; x_wconf 91' lang='lat' dir='ltr'>sua,</span> 
     </span>
     <span class='ocr_line' id='line_1_27' title="bbox 304 2489 1644 2557; baseline -0.001 -18"><span class='ocrx_word' id='word_1_187' title='bbox 304 2490 598 2557; x_wconf 84' lang='lat' dir='ltr'>possedisse,</span> <span class='ocrx_word' id='word_1_188' title='bbox 624 2490 729 2550; x_wconf 91' lang='lat' dir='ltr'>sed,</span> <span class='ocrx_word' id='word_1_189' title='bbox 755 2498 811 2538; x_wconf 93' lang='lat' dir='ltr'>ut</span> <span class='ocrx_word' id='word_1_190' title='bbox 835 2489 1009 2547; x_wconf 88' lang='lat' dir='ltr'>aliena,</span> <span class='ocrx_word' id='word_1_191' title='bbox 1034 2489 1226 2538; x_wconf 87' lang='lat' dir='ltr'>libasse.</span> <span class='ocrx_word' id='word_1_192' title='bbox 1288 2491 1467 2538; x_wconf 87' lang='lat' dir='ltr'>Fateor</span> <span class='ocrx_word' id='word_1_193' title='bbox 1491 2492 1644 2550; x_wconf 85' lang='lat' dir='ltr'>enim,</span> 
     </span>
     <span class='ocr_line' id='line_1_28' title="bbox 308 2569 1642 2634; baseline -0.001 -16"><span class='ocrx_word' id='word_1_194' title='bbox 308 2570 541 2618; x_wconf 88' lang='lat' dir='ltr'>callidum</span> <span class='ocrx_word' id='word_1_195' title='bbox 567 2569 814 2634; x_wconf 88' lang='lat' dir='ltr'>quendam</span> <span class='ocrx_word' id='word_1_196' title='bbox 839 2569 994 2628; x_wconf 91' lang='lat' dir='ltr'>hunc,</span> <span class='ocrx_word' id='word_1_197' title='bbox 1033 2576 1085 2616; x_wconf 90' lang='lat' dir='ltr'>et</span> <span class='ocrx_word' id='word_1_198' title='bbox 1119 2569 1253 2616; x_wconf 91' lang='lat' dir='ltr'>nulla</span> <span class='ocrx_word' id='word_1_199' title='bbox 1277 2570 1328 2616; x_wconf 90' lang='lat' dir='ltr'>in</span> <span class='ocrx_word' id='word_1_200' title='bbox 1354 2586 1405 2617; x_wconf 87' lang='lat' dir='ltr'>re</span> <span class='ocrx_word' id='word_1_201' title='bbox 1430 2570 1642 2617; x_wconf 87' lang='lat' dir='ltr'>tironem</span> 
     </span>
     <span class='ocr_line' id='line_1_29' title="bbox 308 2647 1643 2712; baseline -0.001 -16"><span class='ocrx_word' id='word_1_202' title='bbox 308 2665 366 2696; x_wconf 90' lang='lat' dir='ltr'>ac</span> <span class='ocrx_word' id='word_1_203' title='bbox 391 2647 585 2706; x_wconf 87' lang='lat' dir='ltr'>rudem,</span> <span class='ocrx_word' id='word_1_204' title='bbox 611 2664 704 2696; x_wconf 91' lang='lat' dir='ltr'>nec</span> <span class='ocrx_word' id='word_1_205' title='bbox 729 2647 1046 2712; x_wconf 84' lang='lat' dir='ltr'>peregrinum</span> <span class='ocrx_word' id='word_1_206' title='bbox 1071 2655 1219 2711; x_wconf 86' lang='lat' dir='ltr'>atque</span> <span class='ocrx_word' id='word_1_207' title='bbox 1245 2647 1490 2712; x_wconf 82' lang='lat' dir='ltr'>hospitem</span> <span class='ocrx_word' id='word_1_208' title='bbox 1520 2648 1571 2695; x_wconf 92' lang='lat' dir='ltr'>in</span> <span class='ocrx_word' id='word_1_209' title='bbox 1596 2665 1643 2695; x_wconf 86' lang='lat' dir='ltr'>a-</span> 
     </span>
     <span class='ocr_line' id='line_1_30' title="bbox 306 2727 827 2793; baseline -0.004 -17"><span class='ocrx_word' id='word_1_210' title='bbox 306 2727 474 2793; x_wconf 84' lang='lat' dir='ltr'>gendo</span> <span class='ocrx_word' id='word_1_211' title='bbox 500 2743 603 2775; x_wconf 89' lang='lat' dir='ltr'>esse</span> <span class='ocrx_word' id='word_1_212' title='bbox 629 2727 827 2775; x_wconf 90' lang='lat' dir='ltr'>debere.</span> 
     </span>
    </p>

    <p class='ocr_par' dir='ltr' id='par_1_3' title="bbox 309 2794 1770 2954">
     <span class='ocr_line' id='line_1_31' title="bbox 376 2794 1765 2871; baseline -0.001 -15"><span class='ocrx_word' id='word_1_213' title='bbox 376 2807 555 2871; x_wconf 86' lang='lat' dir='ltr'>Neque</span> <span class='ocrx_word' id='word_1_214' title='bbox 597 2823 714 2855; x_wconf 88' lang='lat' dir='ltr'>vero</span> <span class='ocrx_word' id='word_1_215' title='bbox 756 2805 860 2854; x_wconf 87' lang='lat' dir='ltr'>istis</span> <span class='ocrx_word' id='word_1_216' title='bbox 895 2805 1161 2870; x_wconf 86' lang='lat' dir='ltr'>tragoediis</span> <span class='ocrx_word' id='word_1_217' title='bbox 1202 2806 1319 2865; x_wconf 86' lang='lat' dir='ltr'>tuis,</span> <span class='ocrx_word' id='word_1_218' title='bbox 1358 2807 1534 2871; x_wconf 90' lang='lat' dir='ltr'>quibus</span> <span class='ocrx_word' id='word_1_219' title='bbox 1569 2794 1765 2857; x_wconf 82' lang='lat' dir='ltr'>uti51.</span> 
     </span>
     <span class='ocr_line' id='line_1_32' title="bbox 309 2885 1770 2954; baseline 0.001 -19"><span class='ocrx_word' id='word_1_220' title='bbox 309 2885 588 2954; x_wconf 87' lang='lat' dir='ltr'>philosophi</span> <span class='ocrx_word' id='word_1_221' title='bbox 637 2885 851 2937; x_wconf 78' lang='lat' dir='ltr'>maxime</span> <span class='ocrx_word' id='word_1_222' title='bbox 897 2886 1077 2948; x_wconf 85' lang='lat' dir='ltr'>solent,</span> <span class='ocrx_word' id='word_1_223' title='bbox 1126 2886 1316 2945; x_wconf 83' lang='lat' dir='ltr'>Crasse,</span> <span class='ocrx_word' id='word_1_224' title='bbox 1363 2888 1770 2952; x_wconf 54' lang='lat' dir='ltr'>perturb013-219-</span> 
     </span>
    </p>

    <p class='ocr_par' dir='ltr' id='par_1_4' title="bbox 1221 2975 1307 3015">
     <span class='ocr_line' id='line_1_33' title="bbox 1221 2975 1307 3015; baseline -0.012 0"><span class='ocrx_word' id='word_1_225' title='bbox 1221 2984 1250 3015; x_wconf 78' lang='lat' dir='ltr'>E</span> <span class='ocrx_word' id='word_1_226' title='bbox 1276 2975 1307 3014; x_wconf 74' lang='lat'>4</span> 
     </span>
    </p>
   </div>
  </div>
 </body>
</html>
