2071 3508
255 1548 356 1609 10.

374 422 454 458 444
874 413 1207 453 ORATORIAE

374 528 666 581 animorum,
707 523 952 588 colloquia
985 538 1324 588 personarum,
1365 520 1573 577 dolores,
1615 519 1706 568 ira-

371 606 599 662 cundias,
636 611 816 662 metus,
839 602 1070 662 laetitias,
1108 601 1419 667 cupiditates.
1491 599 1590 649 Sed
1603 598 1710 664 jam

374 685 444 735 ad
480 684 667 748 reliqua
707 698 985 747 pergamus.
1073 681 1264 729 FILIUS.
1314 681 1510 745 Nempe
1546 695 1605 727 ea
1639 693 1712 726 se-

375 771 617 829 quuntur,
665 777 789 825 quae
831 760 895 808 ad
933 759 1213 808 faciendam
1253 759 1401 807 fidem
1442 758 1711 823 pertinent.

383 844 573 891 PATER.
628 841 707 888 Ita
745 847 846 888 est:
886 855 1011 903 quae
1053 839 1253 902 quidem
1292 839 1345 885 in
1386 837 1714 886 confirmatio-

382 939 499 970 nem
549 928 600 968 et
633 917 1066 984 reprehensionem
1104 917 1407 965 dividuntur.
1495 918 1627 966 Nam
1661 917 1710 965 in

386 998 720 1048 confirmando
744 1004 912 1044 nostra
945 997 1152 1060 probare
1175 995 1401 1044 volumus
1423 1014 1434 1043 :
1478 997 1529 1044 in
1553 1014 1717 1062 repre-

385 1077 671 1135 hendendo,
696 1075 994 1139 redarguere
1019 1075 1279 1123 contraria.
1351 1075 1600 1132 Quoniam
1628 1077 1719 1141 igi-

386 1165 468 1205 tur
492 1171 657 1213 omne,
693 1153 827 1218 quod
850 1153 901 1200 in
938 1153 1321 1201 controversiam
1355 1154 1511 1212 venit,
1546 1154 1600 1202 id
1633 1163 1721 1204 aut

384 1235 469 1294 sit,
494 1250 653 1282 necne
678 1233 741 1280 sit
762 1253 774 1292 ;
814 1239 900 1280 aut
925 1231 1044 1296 quid
1076 1231 1155 1290 sit,
1192 1239 1278 1279 aut
1301 1230 1445 1296 quale
1470 1232 1547 1289 sit,
1575 1249 1722 1297 quae-

387 1315 541 1362 ritur:
579 1313 631 1360 in
655 1313 815 1377 primo
851 1310 1139 1375 conjectura
1172 1310 1323 1369 valet,
1352 1311 1404 1358 in
1428 1310 1582 1360 altero
1607 1311 1724 1360 defi-

389 1392 533 1451 nitio,
561 1392 613 1438 in
637 1390 785 1439 tertio
809 1389 950 1437 ratio.
1021 1388 1213 1436 Fums.
1263 1388 1438 1437 Teneo
1461 1389 1606 1438 istam
1631 1390 1725 1440 dis-

390 1470 727 1519 tributionem.
815 1468 967 1516 Nunc
1003 1466 1320 1532 conjecturae
1354 1466 1491 1515 locos
1526 1485 1725 1534 quaero.

461 1550 649 1598 PATER.
701 1548 761 1596 In
785 1546 1147 1606 verisimilibus,
1180 1554 1231 1594 et
1254 1546 1305 1593 in
1328 1546 1537 1611 propriis
1560 1564 1726 1597 rerum

393 1629 523 1677 notis
557 1628 717 1693 posita
745 1635 826 1675 est
859 1634 981 1675 tota.
1053 1625 1150 1674 Sed
1174 1625 1477 1691 appellemus
1513 1627 1728 1676 docendi

395 1709 555 1774 gratia
587 1707 868 1765 verisimile,
905 1705 1038 1771 quod
1072 1705 1363 1771 plerumque
1397 1705 1469 1754 ita
1502 1706 1616 1755 fiat:
1654 1715 1726 1765 ut,

397 1786 782 1836 adolescentiam
817 1784 1161 1850 procliviorem
1204 1800 1308 1832 esse
1344 1784 1409 1831 ad
1452 1783 1726 1833 libidinem.

399 1866 632 1931 Propriae
668 1872 834 1912 autem
863 1871 1010 1912 notae
1046 1870 1411 1928 argumentum,
1449 1863 1583 1927 quod
1606 1880 1730 1912 nun-

398 1961 545 2010 quam
587 1943 728 1992 aliter
765 1942 838 2002 fit,
874 1950 1166 2006 certumque
1203 1940 1439 2000 declarat,
1473 1949 1532 1989 ut
1564 1939 1731 1990 fumus

397 2025 582 2090 ignem.
653 2022 953 2070 Verisimilia
994 2021 1307 2086 reperiuntur
1332 2037 1395 2069 ex
1417 2020 1638 2085 partibus
1679 2028 1732 2070 et

397 2104 535 2168 quasi
554 2103 786 2151 membris
810 2101 1118 2150 narrationis.
1189 2100 1262 2148 Ea
1280 2108 1396 2148 sunt
1418 2100 1470 2148 in
1493 2100 1733 2164 personis,

399 2184 450 2231 in
474 2183 614 2242 locis,
650 2182 698 2228 in
733 2182 1054 2246 temporibus,
1090 2181 1140 2227 in
1165 2179 1328 2239 factis,
1361 2180 1413 2227 in
1439 2179 1644 2236 eventis,
1680 2179 1733 2227 in

399 2279 563 2311 rerum
588 2261 802 2326 ipsarum
827 2261 1240 2325 negotiorumque
1265 2259 1467 2307 naturis.
1540 2259 1601 2307 In
1625 2276 1733 2324 per-

370 2383 371 2386 ,
400 2340 530 2389 sonis
566 2347 770 2389 naturae
817 2338 1029 2402 primum
1066 2344 1368 2401 spectantur,
1418 2336 1734 2397 valetudinis,

399 2418 605 2483 figurae,
646 2417 842 2476 virium,
878 2416 1067 2472 aetatis,
1108 2416 1334 2475 marium,
1369 2415 1730 2464 foeminarum:

402 2504 551 2561 atque
589 2496 713 2544 haec
747 2495 946 2560 quidem
982 2495 1033 2541 in
1073 2511 1310 2561 empore:
1361 2494 1511 2542 animi
1547 2502 1734 2554 autem,

403 2584 488 2624 aut
523 2575 940 2640 quemadmodum
977 2574 1140 2622 affecti
1175 2574 1292 2634 sint,
1341 2574 1626 2634 virtutibus,
1665 2574 1735 2622 vi-

401 2656 496 2712 tiis,
535 2655 737 2714 artibus,
781 2654 1000 2714 inertiis;
1040 2662 1126 2702 aut
1161 2654 1578 2718 quemadmodum
1604 2670 1736 2703 com-

402 2733 540 2789 moti,
559 2733 848 2798 cupiditate,
876 2740 1032 2791 metu,
1057 2731 1330 2798 voluptate,
1354 2731 1593 2781 molestia.
1643 2732 1738 2781 At-

405 2828 500 2875 que
524 2812 647 2860 haec
672 2811 873 2876 quidem
897 2811 949 2858 in
973 2819 1150 2860 natura
1182 2819 1484 2876 spectantur.
1556 2810 1617 2859 In
1639 2810 1738 2859 for-

404 2896 544 2950 tuna,
567 2906 745 2955 genus,
769 2890 1037 2950 amicitiae,
1060 2890 1223 2953 liberi,
1245 2889 1527 2957 propinqui,
1552 2888 1736 2948 affineS,
