2071 3508
760 419 927 459 LIBER
957 418 1180 459 PRIMUS.
1591 426 1643 461 53

309 529 444 589 istos,
467 529 645 594 inquit,
682 529 908 594 (memini
946 530 1076 577 enim
1113 529 1231 576 mihi
1257 545 1452 576 narrare
1481 529 1643 578 Muci-

310 608 418 668 um)
443 625 540 656 non
567 608 716 657 modo
741 608 945 656 oratoris
970 608 1188 666 nomine,
1209 608 1295 656 sed
1322 624 1382 656 ne
1408 607 1515 655 foro
1543 609 1644 671 qui-

310 685 423 733 dem
449 687 624 751 dignos
648 688 877 752 putarim.
951 687 1110 751 Atqui
1134 704 1234 734 non
1262 687 1422 735 defuit
1447 687 1538 734 illis
1564 705 1650 751 pa-

308 765 477 822 tronis,
505 766 667 830 inquit
691 766 911 825 Crassus,
938 766 1238 830 eloquentia,
1259 782 1419 830 neque
1447 766 1644 814 dicendi

306 844 432 891 ratio
456 853 542 893 aut
567 846 726 909 copia,
752 845 839 893 sed
854 844 979 909 juris
1005 845 1159 893 civilis
1177 845 1442 909 prudentia.
1463 863 1473 892 :
1515 845 1647 908 quod

309 921 433 970 alter
455 923 583 988 plus,
607 924 718 989 lege
743 924 953 989 agendo,
986 925 1207 988 petebat,
1233 941 1379 988 quam
1407 931 1645 987 quantum

309 999 391 1049 lex
430 1002 480 1049 in
523 1003 644 1051 XII.
689 1003 867 1052 tabulis
898 1004 1222 1068 permiserat3
1263 1003 1395 1067 quod
1422 1020 1535 1051 cum
1562 1003 1649 1049 im-

310 1089 570 1145 petrasset,
597 1100 744 1131 causa
769 1083 969 1131 caderet
991 1102 1003 1130 ε
1042 1082 1165 1131 alter
1194 1083 1417 1147 iniquum
1443 1083 1651 1146 putabat

312 1158 422 1223 plus
447 1177 615 1209 secum
641 1162 739 1225 agi,
760 1178 905 1225 quam
932 1162 1066 1224 quod
1091 1170 1196 1208 erat
1220 1161 1270 1207 in
1298 1161 1494 1208 actione
1516 1181 1528 1218 3
1571 1177 1651 1208 nc-

314 1255 410 1302 que
435 1239 763 1304 intelligebat,
788 1240 827 1287 si
851 1240 921 1287 ita
946 1246 1074 1287 esset
1098 1248 1283 1297 actum,
1319 1239 1457 1286 litem
1484 1239 1653 1286 adver-

317 1317 497 1364 sarium
521 1317 847 1381 perditurum.

387 1395 556 1452 Quid?
594 1395 667 1443 his
691 1397 861 1460 paucis
887 1396 1078 1455 diebus,
1114 1412 1298 1454 nonne,
1331 1397 1471 1444 nobis
1496 1397 1547 1443 in
1573 1397 1655 1444 tri·
1674 1390 1777 1451 37.

318 1474 485 1522 bunali
523 1474 585 1531 Q.
621 1476 859 1539 Pompeii,
895 1475 1132 1538 praetoris
1170 1475 1364 1534 urbani,
1405 1475 1656 1524 familiaris
1678 1484 1785 1524 168.

319 1553 491 1611 nostri,
528 1553 831 1612 sedentibus,
868 1553 1016 1601 homo
1042 1571 1104 1601 ex
1128 1570 1335 1602 numero
1363 1554 1656 1604 disertorum

317 1631 615 1695 postulabat,
658 1640 715 1679 ut
750 1631 839 1690 illi,
879 1632 1014 1679 unde
1038 1639 1310 1697 peteretur,
1340 1640 1484 1680 vetus
1508 1641 1658 1697 atque

318 1711 499 1759 usitata
523 1711 754 1776 exceptio
780 1710 998 1770 daretur,
1029 1711 1175 1773 Crgjus
1191 1713 1423 1775 pecuniae
1448 1713 1547 1760 dies
1568 1715 1658 1775 fic-

318 1793 466 1840 isset?
501 1792 634 1856 quod
651 1792 876 1856 petitoris
897 1809 1043 1840 causa
1069 1800 1406 1858 comparatum
1433 1809 1659 1842 essenon

319 1872 630 1938 intelligebat
651 1891 662 1920 z
696 1882 754 1921 ut
779 1873 816 1920 si
840 1872 921 1921 ille
947 1872 1189 1921 inficiator
1207 1874 1461 1938 probasset
1476 1873 1659 1937 judici,

321 1960 436 2000 ante
460 1953 667 2017 petitam
694 1970 798 2001 esse
821 1953 1105 2018 pecuniam,
1146 1969 1292 2017 quam
1330 1960 1457 2000 esset
1483 1961 1660 2017 coepta

320 2030 507 2090 deberi,
545 2032 729 2096 petitor
763 2049 928 2080 rursus
965 2048 1078 2079 cum
1114 2039 1326 2096 peteret,
1363 2032 1661 2096 exceptione

321 2110 691 2171 excluderetur,
732 2113 877 2166 Quod
897 2129 952 2160 ea
975 2128 1053 2159 res
1080 2112 1130 2159 in
1146 2112 1387 2174 judicium
1425 2119 1563 2159 antea.
1588 2129 1661 2160 Te-

323 2191 481 2239 nisset.
554 2191 690 2248 Quid
716 2208 834 2256 ergo
858 2190 953 2239 hoc
977 2190 1081 2238 fieri
1107 2191 1318 2256 turpius,
1343 2198 1428 2239 aut
1453 2191 1553 2238 dici
1576 2208 1660 2256 po·
1683 2197 1790 2239 169.

323 2277 440 2330 test,
465 2287 612 2335 quam
638 2287 769 2329 eum,
813 2271 896 2335 qui
932 2270 1060 2318 hanc
1085 2287 1345 2335 personam
1371 2271 1662 2335 susceperit,

325 2358 382 2398 ut
419 2350 690 2398 amicorum
734 2350 1092 2398 controversias
1135 2367 1403 2414 causasque
1444 2358 1663 2408 tueatur,

275 2428 658 2479 ”laborantibus
683 2437 956 2488 succurrat,
975 2430 1134 2494 aegris
1159 2429 1434 2488 medeatur,
1460 2428 1665 2477 afflictos

326 2510 545 2566 excitet;
586 2508 720 2555 hunc
758 2508 808 2555 in
847 2508 1061 2556 minimis
1097 2509 1493 2572 tenuissimisque
1520 2510 1665 2556 rebus

324 2590 395 2637 ita
417 2588 534 2646 labi,
560 2595 615 2634 ut
639 2586 743 2634 aliis
768 2587 1091 2646 miserandus,
1127 2587 1232 2634 aliis
1257 2588 1535 2636 irridendus
1561 2604 1665 2636 esse

329 2668 556 2716 videatur
577 2667 592 2714 ?
663 2666 909 2730 Equidem
956 2666 1288 2730 propinquum
1335 2674 1557 2713 nostrum
1606 2668 1666 2733 P„
1688 2678 1795 2721 170.

332 2748 562 2795 Crassum
602 2744 740 2792 illum
780 2745 1022 2803 Divitem,
1059 2761 1172 2792 cum
1205 2744 1370 2792 multis
1395 2745 1499 2792 aliis
1525 2747 1670 2795 rebus

331 2826 612 2892 elegantem
636 2824 887 2872 hominem
918 2832 968 2871 et
992 2832 1239 2883 ornatum,
1276 2832 1381 2872 tum
1405 2825 1671 2890 praecipue

335 2906 387 2954 in
423 2905 519 2954 hoc
563 2905 865 2955 efferendum
908 2912 959 2954 et
997 2904 1301 2952 laudandum
1342 2912 1484 2970 puto,
1521 2905 1672 2969 quod,

1184 2993 1272 3031 1)ss
