2071 3508
732 391 1108 432 ORATORIBUS.
1506 398 1585 435 5399

253 517 401 566 quam
446 499 783 559 innocentiae,
834 501 904 548 sic
947 500 1128 547 Latine
1168 498 1434 562 loquendi:
1490 518 1584 551 nec

253 582 475 629 omnium
499 588 682 628 tamen.
754 579 887 626 Nam
910 577 1107 625 illorum
1131 577 1380 641 aequales,
1417 579 1587 628 Caeci-

249 659 373 708 lium
397 668 450 708 et
481 657 767 714 Pacuvium,
806 657 934 705 male
957 656 1154 705 locutos
1177 657 1418 706 videmus.
1490 659 1589 707 Sed

252 755 424 786 omnes
447 745 554 785 tum
573 735 694 793 fere,
723 736 808 800 qui
833 753 927 784 nec
953 745 1094 785 extra
1112 737 1287 785 urbem
1306 737 1435 786 hanc
1456 738 1588 787 vixe-

251 824 377 874 rant,
415 833 510 864 nec
547 833 631 864 eos
670 815 834 880 aliqua
866 816 1116 865 barbaries
1141 815 1416 867 domestica
1438 817 1590 866 infus-

252 903 470 955 caverat,
517 904 654 944 recte
700 895 1048 959 loquebantur.
1137 895 1235 943 Sed
1282 895 1411 944 hanc
1453 905 1589 946 certe

250 991 356 1023 rem
381 974 679 1023 deteriorem
705 983 925 1023 vetustas
965 974 1089 1023 fecit
1113 982 1164 1023 et
1195 975 1402 1032 Romae,
1447 984 1498 1024 et
1536 977 1590 1024 in

252 1052 485 1103 Graecia.
557 1054 922 1103 Confluxerunt
947 1054 1079 1102 enim
1105 1060 1157 1102 et
1183 1054 1424 1111 Athenas,
1464 1064 1514 1104 et
1537 1057 1589 1103 in

250 1132 382 1182 ‘hanc
407 1135 580 1182 urbem
606 1133 750 1182 multi
774 1134 1031 1198 inquinate
1059 1133 1319 1199 loquentes
1345 1151 1407 1183 ex
1432 1135 1590 1184 diver-

253 1212 317 1260 sis
357 1212 496 1262 locis.
569 1214 684 1271 Quo
722 1213 880 1277 magis
918 1214 1270 1278 expurgandus
1312 1222 1387 1262 est
1411 1232 1590 1276 sermo,

255 1298 307 1339 et
352 1291 653 1351 adhibenda,
705 1300 960 1356 tamquam
1008 1294 1227 1352 obrussa,
1278 1296 1417 1352 ratio,
1463 1313 1589 1359 quae

255 1371 436 1419 mutari
478 1388 579 1420 non
624 1378 826 1436 potest3
877 1387 972 1419 nec
1019 1372 1262 1420 utendum
1303 1374 1590 1438 pravissima

256 1451 632 1501 consuetudinis
655 1450 842 1515 regula.
899 1450 960 1498 T.
983 1450 1334 1511 Flamininum,
1365 1454 1449 1517 qui
1475 1471 1588 1503 cum

256 1527 320 1586 Q.
348 1529 561 1579 Metello
598 1529 771 1579 consul
795 1528 908 1588 fuit,
943 1530 1086 1594 pueri
1108 1531 1338 1579 vidimus.
1409 1533 1589 1583 Existi-

255 1610 482 1658 mabatur
505 1611 633 1659 bene
656 1609 856 1669 Latine,
881 1609 969 1657 sed
991 1609 1157 1658 literas
1176 1612 1446 1661 nesciebat.
1498 1615 1589 1663 Ca-

255 1688 389 1737 tulus
415 1698 520 1738 erat
543 1689 626 1738 ille
652 1689 854 1754 quidem
880 1690 1084 1738 minime
1108 1690 1358 1752 indoctus,
1395 1702 1452 1741 ut
1487 1713 1515 1742 a
1538 1704 1588 1745 te

253 1769 403 1834 paulo
428 1778 504 1818 est
538 1779 653 1818 ante
680 1769 902 1818 dictum:
942 1769 1030 1817 sed
1066 1778 1235 1819 tamen
1271 1773 1484 1822 suavitas
1509 1793 1592 1824 vo·

257 1849 347 1908 cis,
383 1858 435 1898 et
457 1850 582 1898 lenis
608 1849 872 1914 appellatio
896 1848 1165 1906 literarum,
1203 1852 1330 1899 bene
1354 1852 1592 1917 loquendi

255 1927 437 1977 famam
473 1928 775 1977 confecerat.
848 1928 1012 1984 Cotta,
1051 1929 1166 1992 quia
1203 1946 1253 1977 se
1291 1930 1435 1979 valde
1474 1933 1591 1983 dila-

259 2009 422 2056 tandis
462 2008 616 2057 literis
654 2024 683 2055 a
717 2007 1039 2056 similitudine
1065 2008 1292 2058 Graecae
1327 2010 1592 2065 locutionis

258 2088 582 2147 abstraxerat,
608 2088 910 2151 sonabatque
937 2089 1238 2136 contrarium
1259 2090 1456 2152 Catulo,
1482 2097 1592 2144 sub-

260 2176 455 2232 agreste
498 2167 734 2232 quiddam
785 2165 1031 2231 planeque
1073 2168 1437 2231 subrusti0um3
1498 2173 1589 2223 alia

218 2262 221 2263 ’
259 2246 481 2312 quidem,
518 2247 656 2310 quasi
696 2245 887 2294 inculta
928 2253 979 2293 et
1021 2245 1229 2295 silvestri
1258 2249 1355 2308 via,
1391 2250 1455 2298 ad
1480 2269 1592 2301 ean-

260 2327 376 2376 dem
399 2326 599 2375 laudem
623 2333 933 2390 pervenerat.
1006 2325 1211 2374 Sisenna
1235 2336 1420 2389 autem,
1457 2335 1593 2396 quasi

261 2405 553 2454 emendator
577 2405 814 2453 sermonis
845 2404 1013 2452 usitati
1052 2422 1167 2453 cum
1193 2423 1297 2454 esse
1321 2407 1490 2468 vellet,
1531 2427 1594 2459 ne

261 2501 290 2532 a
326 2483 383 2533 C.
413 2484 570 2532 Rusio
594 2484 794 2548 quidem
820 2492 1108 2532 accusatore
1139 2485 1377 2534 deterreri
1414 2491 1596 2552 potuit,

262 2580 362 2628 quo
386 2563 549 2610 minus
573 2563 817 2610 inusitatis
842 2563 1002 2611 verbis
1030 2570 1270 2612 uteretur.
1341 2566 1594 2621 Quidnam

262 2643 391 2691 istuc
428 2642 536 2691 est?
588 2641 750 2705 inquit
788 2641 1001 2689 Brutus:
1054 2650 1140 2690 aut
1174 2642 1283 2706 quis
1320 2651 1395 2691 est
1418 2645 1510 2694 iste
1537 2647 1593 2696 C.

263 2721 483 2770 Rusius?
520 2720 587 2768 Et
622 2719 723 2779 ille,
760 2719 875 2767 Fuit
911 2729 1188 2779 accusator,
1222 2721 1402 2786 inquit,
1437 2732 1595 2784 vetus,

264 2816 364 2866 quo
405 2807 672 2848 accusante
712 2797 1010 2854 Chritilium,
1061 2798 1266 2846 Sisenna
1304 2799 1599 2865 defendens,

268 2878 415 2940 dixit,
463 2877 707 2944 quaedam
754 2875 858 2942 ejus
906 2877 1189 2943 sputatilica
1229 2895 1334 2929 esse
1375 2881 1596 2931 crimina.
