2071 3508
490 463 570 499 1222
897 458 1334 497 ANNOTATIONES
1363 459 1422 496 IN

548 566 639 616 Pag.
674 568 734 603 14.
772 565 837 602 lin.
859 568 921 603 ⁶24.
977 580 1021 603 ex
1043 569 1138 617 jure
1171 579 1319 604 manum
1353 571 1559 604 consertum
1591 568 1802 617 voca-rene]

493 632 656 671 Manum
690 644 892 670 conserere
922 640 979 670 est
1008 633 1160 684 proprie
1191 634 1230 670 in
1263 634 1408 684 proelio
1437 633 1566 670 venire
1593 632 1641 670 ad
1660 645 1807 671 manus.

491 698 739 736 Transfertur
757 705 885 736 autem
906 712 928 736 a
947 699 1102 737 militiae
1127 700 1398 737 certaminibus
1427 699 1476 736 ad
1504 699 1575 736 fori
1596 699 1810 737 contentio-

494 778 574 803 nes.
633 765 788 803 Scilicet
815 766 970 816 petitor,
1004 774 1044 803 et
1073 766 1104 803 is
1134 779 1158 804 a
1182 780 1257 817 quo
1286 767 1503 817 petebatur,
1533 766 1636 803 dicto
1666 765 1742 812 die,
1771 765 1811 802 in

493 844 629 882 agrum
649 832 855 883 litigiosum
876 832 1168 878 conveniebant,
1196 833 1449 883 simulatoque
1480 833 1675 878 conflictu,
1706 831 1812 882 quasi

493 911 563 950 per
581 899 656 935 vim
676 898 942 948 expellebatur
964 911 1016 936 ex
1036 911 1128 949 agro
1148 899 1311 949 petitor:
1342 899 1406 937 hic
1425 899 1563 937 deinde
1582 899 1647 943 ad,
1659 905 1812 950 praeto-

495 978 575 1002 rem
596 964 812 1015 appellabat
845 964 893 1001 de
922 965 970 1009 vi,
1005 977 1050 1001 ac
1085 966 1242 1014 petebat
1271 975 1314 1002 ut
1333 978 1401 1002 sua
1419 965 1489 1002 sibi
1509 965 1813 1003 restituerentur.

497 1031 703 1069 Caeterum
724 1030 837 1079 hujus
854 1030 930 1073 loci
951 1030 1141 1067 sententia
1156 1038 1236 1068 est:
1266 1031 1383 1068 Multi
1403 1038 1622 1081 repeterent
1640 1044 1685 1069 ac
1706 1031 1814 1068 resti--

494 1097 553 1134 tui
574 1097 826 1147 postularent,
855 1095 1025 1133 adhibita
1039 1096 1187 1134 solenni
1204 1096 1298 1146 juris
1318 1097 1493 1141 formula,
1521 1110 1600 1134 rem
1619 1110 1642 1135 a
1661 1104 1699 1134 te
1720 1110 1814 1134 con-

496 1171 555 1201 tra
570 1165 632 1213 jus
652 1162 784 1213 fasque
805 1170 1044 1212 occupatam.
1099 1162 1222 1200 IDEM.

552 1229 650 1266 Ibid.
671 1228 735 1266 lin.
753 1230 815 1267 29.
862 1229 974 1266 Justo
990 1236 1221 1266 sacramento
1241 1230 1497 1279 contendere]
1534 1229 1580 1265 In
1594 1228 1678 1265 foro
1693 1240 1818 1265 saera-

497 1303 670 1334 mentum
704 1301 787 1332 erat
819 1294 984 1344 pecunia
1004 1308 1101 1346 quae
1131 1308 1153 1332 a
1172 1295 1408 1346 litigantibus
1434 1295 1699 1346 deponebatur
1717 1295 1819 1345 apud

498 1362 738 1406 Pontificem,
755 1368 810 1406 ut,
828 1360 892 1411 qui
905 1374 1020 1399 causa
1034 1360 1249 1407 cecidisset,
1270 1362 1464 1399 amitteret
1487 1374 1572 1399 eam
1592 1361 1822 1412 pecuniam3

499 1429 605 1481 quod
623 1430 706 1478 ejus
734 1428 789 1465 rei
810 1428 925 1465 causa
951 1427 1082 1474 fiebat,
1110 1441 1159 1465 ne
1188 1429 1344 1479 impune
1378 1428 1491 1466 alicui
1522 1427 1720 1479 negotium
1753 1440 1824 1477 pen

496 1495 630 1540 tendo,
660 1501 727 1532 aut
740 1495 844 1544 justa
872 1494 1019 1545 petenti
1048 1494 1267 1541 inficiando,
1299 1493 1442 1532 frustra
1474 1501 1682 1532 crearetur.
1738 1493 1825 1532 Dif-

498 1563 574 1602 fert
593 1576 616 1601 a
643 1562 847 1613 sponsione
877 1569 1160 1600 sacramentum
1179 1562 1218 1599 in
1239 1575 1298 1607 eo,
1328 1562 1432 1613 quod
1460 1563 1499 1599 in
1519 1562 1722 1613 sponsione
1742 1575 1822 1600 non

499 1630 706 1682 deponitur
735 1629 913 1681 pecunia,
945 1630 1013 1667 sed
1045 1637 1193 1667 tantum
1227 1629 1474 1680 promittitur.
1535 1630 1760 1667 ERNESTUS
1785 1627 1827 1667 in

501 1698 608 1736 Clav.

555 1763 649 1814 Pag.
670 1765 733 1800 42.
762 1762 826 1799 lin.
848 1764 912 1800 23.
966 1762 1106 1800 modice
1134 1769 1171 1800 et
1199 1763 1394 1812 scienter]
1459 1761 1618 1800 Modice
1647 1775 1726 1800 non
1751 1768 1822 1807 est,

502 1830 608 1882 quod
626 1829 764 1880 vulg0;
792 1841 881 1866 nam
905 1828 946 1865 id
963 1842 1033 1879 per
1059 1842 1100 1866 se
1128 1828 1355 1880 intelligitur
1383 1828 1422 1866 in
1451 1828 1494 1866 iis
1523 1829 1588 1881 qui
1615 1827 1826 1866 mediocria

501 1897 647 1935 habent
666 1895 768 1933 dona
786 1901 970 1932 naturae:
1020 1894 1099 1931 Sed
1124 1894 1284 1939 ratione,
1313 1907 1366 1932 sc.
1392 1894 1508 1932 modo
1527 1901 1569 1932 et
1587 1894 1750 1942 ratione,
1782 1901 1826 1933 ut

506 1964 644 2002 Cicero
664 1962 794 2000 dicere
815 1961 926 2007 solet,
955 1960 1005 1999 ad
1024 1961 1150 2012 legem
1171 1968 1327 1999 certam.
1386 1961 1625 1999 ERNESTUS.

558 2031 652 2081 Pag.
672 2033 736 2069 46.
764 2029 830 2067 lin.
856 2032 918 2067 14.
975 2035 1086 2081 atque
1109 2029 1152 2067 id
1167 2028 1322 2081 egisse]
1385 2028 1581 2079 Frigidum
1610 2041 1694 2066 esse
1722 2026 1826 2066 vide-

501 2105 578 2136 tur.
634 2096 845 2134 Lambinus
864 2095 1064 2148 proposuit
1088 2095 1129 2133 in
1148 2101 1265 2132 artem
1286 2095 1486 2146 redegisse,
1517 2094 1621 2146 quod
1640 2101 1723 2133 tota
1740 2106 1828 2133 sen-

503 2163 627 2202 tentia
645 2170 686 2201 et
704 2175 765 2201 res
785 2162 989 2200 desiderat.
1044 2162 1245 2199 Manutius
1263 2161 1371 2199 dedit
1389 2167 1501 2213 atque
1519 2160 1702 2214 selegisse.

560 2230 654 2281 Pag.
675 2233 738 2268 51.
758 2229 824 2266 lin.
848 2233 909 2265 12.
945 2227 1054 2279 quasi
1064 2241 1138 2280 per
1156 2234 1398 2266 transennam
1412 2234 1712 2280 praetereuntes,
1731 2227 1823 2277 850]

506 2298 583 2336 Per
602 2295 793 2334 cancellos
812 2295 989 2333 fenestris
1009 2294 1217 2345 oppositos,
1247 2294 1344 2332 visui
1372 2302 1500 2332 tamen
1519 2294 1682 2344 pervios.
1739 2293 1830 2332 Me-

505 2364 669 2415 taphora
699 2362 817 2400 ducta
846 2368 904 2400 est
936 2374 959 2399 a
990 2361 1281 2407 mercatoribus,
1318 2361 1382 2412 qui
1415 2361 1607 2399 mercibus
1638 2360 1828 2412 pretiosis,

506 2443 602 2483 quas
621 2442 644 2468 a
664 2427 987 2480 praeteriuntibus
1013 2427 1152 2465 nolunt
1171 2427 1417 2474 contrectari,
1438 2427 1532 2465 tales
1553 2427 1744 2466 cancellos
1764 2427 1832 2465 ob-

502 2497 655 2549 jiciunt.
711 2495 846 2546 Itaque
866 2507 935 2546 per
954 2502 1197 2532 transennam
1218 2494 1416 2545 adspicere
1431 2494 1535 2533 idem
1549 2501 1621 2541 est,
1638 2494 1742 2546 quod
1755 2499 1830 2532 ne'c

506 2564 676 2619 propius,
704 2576 777 2601 nec
797 2562 1001 2614 sigillatim.
1059 2562 1293 2600 Pnusmus.

563 2630 658 2681 Pag.
688 2633 752 2669 53.
781 2629 846 2666 lin.
878 2633 940 2667 12.
995 2628 1035 2666 in
1067 2627 1252 2666 tribunali
1282 2627 1529 2678 sedentibus]
1591 2627 1757 2679 Nempe,
1789 2626 1830 2665 in

505 2696 666 2736 consilio
695 2695 897 2748 praetoris,
929 2695 996 2747 qui
1028 2708 1235 2734 assessores
1264 2695 1354 2734 inde
1382 2695 1564 2747 paulatim
1585 2694 1692 2733 dicti.
1748 2693 1832 2732 En-

507 2775 680 2803 NESTUS.
1732 2804 1751 2821 x

562 2830 661 2868 Ibid.
702 2830 770 2869 lin.
795 2832 860 2868 21.
915 2829 965 2867 In
978 2829 1170 2882 judicium
1189 2835 1302 2869 antea
1326 2829 1520 2880 venisset]
1594 2828 1745 2880 Nempe
1775 2826 1832 2866 sic

509 2896 600 2935 olim
626 2904 710 2937 erat
738 2903 940 2948 receptum
968 2896 1009 2934 in
1037 2895 1136 2943 foro,
1170 2903 1226 2943 ut,
1255 2897 1287 2935 si
1315 2896 1458 2950 petitor
1481 2904 1628 2939 temere
1646 2902 1687 2936 et
1704 2894 1829 2935 alieno
