2071 3508
445 429 525 465 418
953 425 1030 464 DE
1061 425 1264 466 CLARIS

447 551 500 584 se
522 534 615 600 ipsi
639 534 898 596 dicebant)
923 543 1159 595 oratores,
1194 552 1295 584 non
1329 535 1398 583 illi
1429 536 1628 601 quidem
1652 535 1785 601 prin.

449 615 603 681 cipes,
628 615 688 663 L.
711 615 995 673 Memmius,
1035 624 1086 664 et
1111 616 1173 673 Q.
1198 616 1480 680 Pompeius,
1517 616 1604 664 sed
1628 622 1787 664 orato-

450 711 528 743 res
551 702 738 753 tamen,
773 702 900 742 teste
927 695 1111 743 diserto
1134 704 1343 759 uterque
1371 695 1615 760 Philippo,
1650 692 1790 758 cujus

453 773 505 821 in
529 773 816 821 testimonio
841 773 1096 820 contentio
1122 780 1172 820 et
1195 773 1295 821 vim
1320 773 1618 822 accusatoris
1641 772 1791 820 habe-

453 852 553 908 bat,
593 859 644 899 et
669 851 877 916 copiam.
951 850 1166 915 Reliqui,
1205 852 1413 915 quitum
1437 852 1686 917 principes
1701 866 1791 897 nu-

454 930 785 986 merabantur,
820 930 872 976 in
896 928 1263 993 magistratibus
1288 938 1447 988 erant,
1472 929 1793 993 quotidieque

453 1008 559 1057 fere
585 1025 614 1055 a
647 1007 789 1055 nobis
813 1008 865 1054 in
902 1008 1224 1056 concionibus
1259 1008 1602 1057 audiebantur.
1672 1007 1795 1055 Erat

456 1087 588 1135 enim
616 1086 845 1134 tribunus
869 1086 1027 1150 plebis
1064 1094 1172 1134 tum
1199 1087 1256 1135 C.
1284 1087 1457 1135 Curio:
1513 1102 1793 1151 quanquam

456 1167 496 1215 is
522 1165 722 1231 quidem
749 1165 936 1222 silebat,
980 1173 1036 1212 ut
1062 1173 1168 1213 erat
1192 1165 1344 1213 semel
1368 1183 1397 1213 a
1421 1167 1663 1213 concione
1686 1165 1795 1213 uni-

456 1262 597 1294 versa
621 1244 839 1292 relictus.
912 1244 976 1301 Q.
1005 1243 1243 1292 Metellus
1269 1243 1430 1301 Celer,
1461 1260 1561 1291 non
1586 1243 1668 1292 ille
1692 1244 1799 1308 qui-

459 1324 572 1373 dem
599 1331 780 1382 orator,
797 1323 884 1370 sed
908 1331 1075 1371 tamen
1100 1338 1200 1370 non
1224 1322 1407 1370 infans:
1436 1323 1606 1370 diserti
1631 1330 1798 1371 autem

461 1403 524 1461 Q.
568 1403 764 1459 Varius,
809 1402 868 1450 C.
913 1402 1090 1458 Carbo,
1137 1401 1230 1449 Cn.
1275 1402 1616 1466 Pomponius:
1672 1409 1724 1450 et
1762 1401 1798 1449 ii

459 1482 660 1547 quidem
685 1481 975 1529 habitabant
1014 1481 1065 1527 in
1104 1480 1288 1528 rostris.
1361 1480 1421 1528 C.
1445 1481 1593 1528 etiam
1613 1480 1795 1542 Julius,

460 1560 631 1610 aedilis
657 1560 858 1619 curulis,
878 1560 1099 1624 quotidie
1123 1559 1228 1608 fere
1253 1568 1508 1608 accuratas
1533 1560 1804 1609 conciones

459 1640 691 1689 habebat.
786 1639 884 1687 Sed
921 1656 1000 1686 me
1038 1638 1410 1702 cupidissimum
1447 1639 1682 1687 audiendi
1705 1640 1802 1704 pri-

462 1737 571 1769 mus
610 1718 751 1767 dolor
790 1718 1052 1783 percussit,
1094 1717 1245 1766 Cotta
1283 1735 1396 1766 cum
1436 1727 1511 1766 est
1548 1719 1797 1783 expulsus.

465 1800 704 1864 Reliquos
739 1797 1025 1863 frequenter
1050 1798 1256 1846 audiens
1280 1800 1519 1848 acerrimo
1544 1801 1708 1849 studio
1731 1809 1805 1849 te-

464 1881 633 1934 nebar,
663 1878 984 1942 quotidieque
1003 1886 1052 1925 et
1070 1878 1306 1936 scribenS,
1326 1877 1583 1942 etxlegens,
1602 1886 1653 1927 et
1671 1896 1804 1927 com-

465 1965 707 2013 mentans,
746 1956 969 2004 oratoriis
1004 1965 1171 2005 tamen
1208 1957 1645 2005 exercitationibus
1688 1974 1804 2006 con-

465 2043 634 2084 tentus
676 2052 777 2082 non
817 2051 965 2082 eram.
1035 2035 1148 2084 Jam
1191 2043 1527 2098 consequente
1567 2052 1698 2084 anno
1738 2036 1802 2094 Q.

466 2113 646 2163 Varius
672 2130 759 2160 sua
781 2101 892 2176 lege
919 2113 1179 2160 damnatus
1221 2121 1515 2161 excesserat.
1587 2113 1697 2178 Ego
1721 2132 1804 2163 au-

467 2200 590 2251 tem,
618 2190 742 2255 juris
769 2191 924 2239 civilis
950 2191 1133 2250 studio,
1175 2191 1387 2239 multum
1412 2208 1590 2255 operae
1627 2192 1806 2242 dabam

471 2271 535 2327 Q.
563 2269 844 2325 Scaevolae,
886 2269 938 2317 P.
976 2268 1090 2326 fih‘o,
1130 2271 1213 2334 qui
1239 2286 1518 2334 quanquam
1544 2271 1730 2318 nemini
1754 2288 1806 2320 se

469 2348 534 2397 ad
570 2348 851 2396 docendum
890 2348 1053 2405 dabat,
1091 2357 1278 2407 tamen,
1314 2348 1686 2397 consulentibus
1710 2366 1807 2398 res-

467 2427 755 2493 pondendo,
798 2426 1041 2475 studiosos
1076 2427 1311 2475 audiendi
1336 2427 1563 2475 docebat.
1635 2427 1806 2493 Atque

471 2506 587 2554 huic
629 2522 758 2554 anno
800 2505 1054 2570 proximus
1091 2506 1222 2572 Sylla
1254 2505 1457 2554 consule
1494 2513 1545 2554 et
1569 2505 1807 2571 Pompeio

471 2584 581 2634 fuit.
671 2585 803 2633 Tum
843 2584 897 2633 P.
942 2585 1146 2650 Sulpicii
1192 2586 1243 2632 in
1283 2585 1539 2634 tribunatu
1586 2585 1808 2648 quotidie

474 2663 816 2713 concionantis
840 2671 1002 2711 totum
1027 2679 1185 2727 genus
1222 2664 1422 2712 dicendi
1456 2663 1655 2728 penitus
1693 2680 1813 2728 cog-

473 2743 714 2791 novimus.
809 2742 1100 2806 Eodemque
1147 2751 1370 2807 tempore
1418 2759 1532 2791 cum
1577 2742 1808 2807 princeps

477 2822 781 2871 Academiae
819 2822 960 2871 Philo
997 2840 1111 2872 cum
1150 2823 1534 2873 Atheniensium
1563 2821 1808 2889 optimati-

475 2900 567 2950 bus
609 2901 955 2952 Mithridatico
989 2901 1121 2953 bello
1163 2902 1312 2953 domo
1348 2902 1666 2970 profugisset,
1707 2901 1808 2950 Ro-
