2071 3508
315 2517 416 2577 853.

460 458 540 495 410
972 454 1048 493 DE
1078 453 1278 494 CLARIS

461 563 544 628 qui
567 578 661 612 nec
683 564 850 628 inepte
887 564 1074 620 dicunt,
1112 580 1205 611 nec
1241 562 1424 617 odiose,
1461 577 1556 609 nec
1589 558 1777 625 putide,

461 641 634 691 Attice
657 650 800 708 putat
823 643 1008 702 dicere,
1043 643 1082 690 is
1106 650 1259 700 recte,
1284 641 1375 689 nisi
1403 640 1646 697 Atticum,
1671 657 1780 705 pro-

458 721 544 768 bat
578 721 841 769 neminem.
935 721 1268 768 Insulsitatem
1310 719 1438 767 enim
1483 726 1533 767 et
1572 718 1781 766 insolen-

460 799 597 858 tiam,
614 807 845 862 tanquam
865 800 1101 847 insaniam
1121 798 1366 862 quandam
1382 797 1630 855 orationis,
1649 796 1778 844 odit:

459 877 718 924 sanitatem
756 884 921 924 autem
958 883 1007 923 et
1042 875 1396 938 integritatem,
1432 875 1567 938 quasi
1592 874 1784 938 religio-

458 970 572 1001 nem
589 961 639 1002 et
653 953 1002 1001 verecundiam
1022 952 1225 1000 oratoris
1249 953 1438 1016 probat.
1513 952 1656 1000 Haec
1680 968 1781 999 om-

459 1032 595 1078 nium
621 1031 770 1078 debet
794 1039 1041 1078 oratorum
1058 1031 1230 1079 eadem
1255 1047 1359 1078 esse
1385 1031 1643 1079 sententia.
1699 1030 1783 1078 Sin

459 1117 623 1157 autem
654 1108 983 1173 jejunitatem,
1029 1117 1080 1157 et
1120 1109 1412 1168 siccitatem,
1463 1117 1513 1157 et
1548 1109 1782 1173 inopiam,

459 1188 727 1236 dummodo
752 1189 815 1236 sit
837 1187 1004 1252 polita,
1044 1187 1162 1235 dum
1188 1189 1385 1243 urbana,
1425 1187 1542 1234 dum
1567 1187 1782 1251 elegans,

457 1273 509 1320 in
551 1273 725 1321 Attico
761 1289 943 1338 genere
981 1272 1156 1336 ponit3
1208 1271 1303 1320 hoc
1338 1279 1474 1320 recte
1513 1271 1782 1319 duntaxat:

459 1352 545 1400 sed
570 1352 684 1415 quia
707 1359 821 1400 sunt
844 1352 896 1399 in
932 1350 1118 1399 Atticis
1153 1350 1247 1398 alia
1280 1350 1497 1406 meliora,
1534 1350 1700 1398 videat
1722 1366 1786 1398 ne

458 1429 654 1494 ignoret
678 1437 728 1478 et
752 1430 950 1494 gradus,
976 1437 1026 1477 et
1052 1429 1484 1485 dissimilitudines,
1513 1436 1563 1477 et
1586 1429 1704 1488 vim,
1736 1437 1787 1477 et

458 1509 745 1556 varietatem
789 1509 1090 1555 Atticorum.
1185 1507 1402 1565 Atticos,
1449 1507 1626 1571 inquit,
1673 1507 1784 1556 volo

459 1586 653 1633 imitari.
748 1586 885 1642 Quos
909 1586 925 1633 ?
984 1602 1076 1634 nec
1120 1585 1250 1632 enim
1293 1593 1367 1633 est
1412 1601 1567 1632 unum
1612 1602 1785 1650 genus.

461 1665 590 1713 Nam
631 1664 749 1728 quid
785 1671 858 1712 est
892 1671 991 1711 tam
1029 1663 1276 1720 dissimile,
1321 1680 1466 1728 quam
1491 1664 1788 1713 Demosthe-

460 1760 546 1792 nes
572 1750 622 1791 et
646 1743 850 1807 Lysias?
876 1759 1022 1807 quam
1047 1743 1197 1801 idem,
1222 1750 1273 1790 et
1300 1742 1613 1808 Hyperides?
1640 1760 1784 1807 quain

461 1822 678 1869 omnium
716 1821 889 1868 horum
918 1820 1227 1869 Aeschines?
1265 1821 1428 1878 Quem
1453 1821 1604 1885 igitur
1628 1821 1785 1870 imita-

458 1900 555 1947 ris?
593 1899 642 1947 Si
667 1898 898 1963 aliquem,
937 1899 1119 1947 caeteri
1159 1916 1276 1963 ergo
1321 1899 1493 1947 Attice
1517 1915 1618 1947 non
1655 1900 1787 1949 dice-

457 1979 592 2026 bant.
664 1978 713 2026 Si
739 1994 908 2025 omnes
930 1998 942 2036 3
986 1978 1068 2042 qui
1091 1986 1247 2042 potes,
1276 1995 1388 2026 cum
1415 1978 1511 2026 sint
1535 1978 1626 2042 ipsi
1652 1978 1787 2026 dissi-

459 2056 649 2103 millimi
674 2056 802 2103 inter
827 2056 905 2102 se?
933 2055 992 2102 In
1013 2072 1108 2119 quo
1135 2056 1281 2103 etiam
1302 2055 1423 2102 illud
1447 2072 1646 2119 quaero,
1664 2056 1787 2104 Pha-

457 2133 618 2181 lereus
663 2133 745 2181 ille
792 2134 1077 2182 Demetrius
1121 2134 1359 2181 Atticene
1407 2134 1619 2182 dixerit?
1667 2135 1786 2183 mihi

459 2212 659 2276 quidem
684 2229 746 2259 ex
765 2212 892 2260 illius
912 2213 1211 2261 orationibus
1231 2213 1451 2260 redolere
1470 2214 1602 2277 ipsae
1629 2213 1787 2264 Athe-

457 2307 549 2339 nae
587 2290 833 2339 videntur.
905 2292 977 2339 At
1015 2299 1088 2339 est
1127 2292 1356 2347 floridior,
1402 2300 1457 2339 ut
1493 2292 1562 2339 ita
1603 2292 1784 2352 dicam,

457 2386 602 2433 quam
644 2369 942 2434 Hyperides,
986 2387 1131 2434 quam
1174 2370 1345 2435 Lysias
1368 2389 1379 2417 ε
1425 2378 1599 2417 natura
1639 2387 1783 2434 quae-

456 2448 587 2506 dam,
624 2456 708 2496 aut
733 2448 959 2496 voluntas
984 2449 1052 2497 ita
1078 2448 1276 2496 dicendi
1301 2447 1410 2495 fuit.

519 2526 586 2574 Et
609 2527 807 2591 quidem
833 2527 931 2575 duo
954 2527 1156 2575 fuerunt
1174 2543 1260 2591 per
1279 2526 1411 2574 idem
1436 2534 1630 2591 tempus
1649 2527 1783 2576 dissi-

453 2605 592 2654 miles
615 2605 744 2653 inter
769 2623 850 2666 se,
891 2606 977 2654 sed
1003 2606 1163 2653 Attici
1191 2614 1386 2653 tamen:
1426 2622 1633 2669 quorum
1659 2605 1784 2654 Cha-

453 2684 593 2732 risius
617 2683 880 2732 multarum
907 2684 1182 2732 orationum
1201 2704 1214 2743 3
1255 2700 1372 2747 quas
1397 2683 1641 2731 scribebat
1659 2683 1781 2742 aliis,

454 2780 569 2810 cum
589 2780 770 2828 cupere
787 2764 1038 2812 videretur
1055 2763 1234 2811 imitari
1255 2762 1474 2828 Lysiam:
1503 2762 1782 2810 Democha-

454 2858 530 2888 res
555 2849 735 2899 autem,
763 2844 846 2907 qui
869 2842 965 2891 fuit
989 2842 1341 2891 Demosthenis
1366 2841 1540 2889 sororis
1563 2841 1707 2898 filius,
1732 2849 1782 2888 et

457 2920 698 2969 orationes
716 2922 908 2986 scripsit
927 2921 1132 2987 aliquot,
1149 2929 1200 2970 et
1224 2936 1392 2972 earum
1410 2936 1574 2969 rerum
1592 2917 1782 2968 histori-
