2071 3508
701 403 869 445 LIBER
899 405 1151 445 TERTIUS.
1540 410 1624 451 ‚283

290 518 408 567 dum
433 514 679 583 quendam
715 514 1025 578 formamque
1062 513 1327 561 desiderat.
1398 513 1622 564 Colloca-

288 598 435 647 tionis
475 603 551 645 est
588 609 888 658 componere
927 600 979 642 et
1019 601 1207 641 struere
1242 594 1412 652 verba,
1448 593 1538 652 sic,
1573 603 1630 643 ut

289 694 416 727 neve
458 691 600 740 asper
642 689 812 722 eorum
853 690 1143 733 concursus,
1178 690 1305 722 neve
1329 672 1524 721 hiulcus
1549 674 1632 733 sit,

291 758 377 807 sed
418 754 787 821 quodammodo
830 762 1208 819 coagmentatus
1247 762 1299 802 et
1332 754 1500 802 laevis.
1574 753 1637 801 In

290 854 388 901 quo
411 835 576 901 lepide
596 835 648 883 in
669 835 826 884 soceri
852 836 950 883 mei
975 851 1186 900 persona
1208 834 1327 882 lusit
1350 834 1409 894 is,
1429 834 1515 900 qui
1541 833 1637 883 ele-

289 916 578 983 gantissime
602 915 656 963 id
678 914 845 964 facere
869 915 1052 981 potuit,
1078 914 1333 976 Lucilius3

404 1008 525 1055 Quam
547 1007 668 1062 lepide
687 1007 801 1048 lexeis
821 1014 1030 1061 compostae
1045 1007 1065 1045 ,9
1093 1014 1134 1047 ut
1153 1007 1358 1047 tesserulae
1376 1022 1501 1047 omnes

405 1078 503 1118 Arte
515 1078 749 1131 pavimento,
769 1083 882 1130 atque
897 1077 1113 1116 emblemate
1129 1075 1383 1115 vermiculato.

298 1158 442 1216 Quae
468 1175 584 1207 cum
611 1158 817 1206 dixisset
858 1158 911 1204 in
949 1156 1222 1205 Albucium
1258 1156 1492 1216 illudens,
1527 1172 1590 1204 ne
1615 1173 1644 1204 a

298 1255 377 1288 me
403 1238 606 1304 quidem
632 1236 887 1293 abstinuit,

411 1330 590 1368 Crassum
606 1329 722 1368 habeo
738 1342 935 1381 generum,
955 1342 1001 1366 ne
1021 1328 1303 1367 rhetoricotero’
1323 1335 1366 1369 tu
1384 1329 1448 1367 sis.

303 1410 442 1468 Quid
467 1427 587 1474 ergo
609 1410 625 1457 ?
662 1409 754 1457 iste
781 1409 1005 1468 Crassus,
1044 1409 1277 1472 quoniam
1303 1408 1407 1472 ejus
1432 1409 1649 1457 abuteris

302 1491 524 1549 nomine,
549 1489 671 1554 quid
695 1488 844 1537 efficit
866 1489 882 1536 ?
918 1488 1051 1536 idem
1092 1487 1217 1536 illud
1253 1487 1459 1544 scilicet,
1486 1496 1545 1536 ut
1568 1488 1650 1537 ille

303 1569 480 1629 voluit,
500 1577 551 1618 et
575 1585 670 1633 ego
695 1567 893 1627 vellem,
911 1567 1087 1616 melius
1106 1567 1378 1632 aliquanto,
1398 1584 1546 1633 quam
1564 1567 1653 1615 Al-

304 1650 515 1709 bucius;
552 1663 725 1696 verum
768 1648 819 1694 in
859 1663 938 1695 me
974 1647 1176 1712 quidem
1201 1647 1319 1696 lusit
1349 1647 1452 1708 ille,
1487 1655 1545 1696 ut
1581 1665 1653 1697 so-

307 1729 394 1777 let.
466 1728 566 1777 Sed
590 1735 665 1776 est
688 1734 857 1775 tamen
882 1726 1006 1775 haec
1027 1727 1290 1776 collocatio
1316 1729 1656 1777 conservanda
1693 1736 1799 1783 172„

307 1810 591 1867 verborum,
627 1807 690 1856 de
726 1825 824 1872 qua
851 1806 1042 1872 loquor,
1081 1825 1206 1872 quae
1222 1807 1453 1873 junctam
1479 1809 1657 1857 oratio-

310 1906 427 1938 nem
453 1888 621 1947 efficit,
638 1904 765 1952 quae
792 1886 1162 1948 cohaerentem,
1183 1906 1308 1953 quae
1327 1888 1508 1945 lenem,
1531 1905 1657 1953 quae

313 1967 638 2033 aequabiliter
662 1967 918 2016 fluentem.
991 1967 1052 2015 Id
1076 1968 1420 2033 assequemini,
1443 1969 1482 2016 si
1505 1969 1659 2017 verba

315 2057 540 2097 extrema
581 2064 696 2097 cum
741 2048 1161 2112 consequentibus
1198 2047 1368 2114 primis
1392 2048 1463 2096 ita
1477 2047 1660 2113 junge-

315 2128 398 2187 tis,
422 2136 480 2177 ut
504 2145 566 2177 ne
591 2144 761 2193 aspere
787 2136 1106 2187 concurrant,
1146 2145 1273 2177 neve
1308 2128 1493 2177 vastius
1518 2127 1660 2177 didu-

319 2216 512 2260 cantur.

389 2288 539 2337 Hanc
565 2287 875 2352 diligentiam
896 2288 1211 2353 subsequitur
1235 2287 1412 2337 modus
1438 2288 1587 2337 etiam
1614 2295 1665 2336 et
1696 2281 1803 2342 44⁴.

319 2368 481 2418 forma
503 2369 802 2428 verborum3
843 2368 977 2433 quod
1003 2367 1107 2432 jam
1143 2385 1317 2418 vereor
1341 2385 1404 2417 ne
1429 2368 1547 2419 huic
1573 2367 1665 2417 Ca·
1702 2375 1809 2420 173.

322 2448 431 2497 tulo
453 2448 683 2497 videatur
708 2465 813 2496 esse
838 2449 1045 2513 puerile.
1105 2448 1292 2497 Versus
1317 2449 1450 2497 enim
1475 2455 1668 2497 veteres

325 2527 397 2583 illi
422 2528 474 2576 in
498 2528 592 2576 hac
618 2526 779 2576 soluta
802 2529 1026 2577 oratione
1051 2529 1430 2594 propemodum,
1454 2526 1551 2576 hoc
1576 2536 1669 2587 est,

328 2624 562 2658 numeros
588 2606 846 2672 quosdam,
885 2609 1027 2657 nobis
1062 2625 1168 2657 esse
1198 2608 1506 2657 adhibendos
1529 2615 1672 2672 puta-

331 2695 514 2736 verunt
534 2705 547 2735 :
602 2687 1012 2752 interspirationis
1060 2689 1212 2748 enim,
1250 2705 1351 2736 non
1392 2687 1672 2754 defatigati-

331 2768 440 2823 onis
464 2774 682 2826 nostrae,
723 2783 886 2831 neque
910 2765 1219 2816 librariorum
1255 2767 1404 2828 notis,
1445 2767 1534 2816 sed
1567 2784 1674 2817 ver-

331 2848 511 2900 borum
536 2854 588 2895 et
612 2847 968 2895 sententiarum
994 2847 1144 2896 modo
1167 2848 1526 2914 interpunctaS,
1543 2846 1675 2897 clau-

336 2927 468 2978 sulas
491 2928 544 2977 in
567 2926 873 2986 orationibus
904 2944 1010 2978 esse
1035 2928 1301 2980 voluerunt
1322 2947 1334 2979 :
1373 2928 1522 2994 idque
1545 2928 1676 2995 prin-
