2071 3508
748 377 1092 420 PARTITIONE
1099 380 1135 419 S.
1531 384 1606 421 441

276 490 414 555 quasi
457 505 647 539 sursum
684 505 853 537 versus
902 496 1134 551 retroque
1160 486 1355 535 dicatur
1375 507 1389 547 ;
1429 488 1611 538 deinde

274 570 408 619 idem
448 569 680 618 intercise
717 575 865 631 atque
889 566 1140 631 permiste.
1212 565 1494 630 Eloquendi
1530 585 1612 616 au-

272 657 375 697 tem
400 647 692 697 exercitatio
716 646 931 694 maxime
956 645 1008 692 in
1032 645 1128 693 hoc
1152 652 1260 693 toto
1286 647 1611 694 convertendi

269 743 453 791 genere
473 734 710 775 versatur.
771 726 966 773 FILIUS.
1017 724 1171 773 Actio
1195 724 1348 789 igitur
1372 725 1613 790 sequitur,

270 814 326 855 ut
349 807 539 871 opinor.
612 806 801 854 PATER.
846 805 936 854 Est
971 805 1073 854 ita:
1113 822 1238 869 quae
1281 805 1481 870 quidem
1509 823 1613 854 ora-

267 881 380 943 tori,
409 894 461 935 et
485 903 600 935 cum
625 903 809 945 rerum,
835 893 885 933 et
907 901 1022 933 cum
1038 886 1301 933 verborum
1327 886 1613 946 momentis,

271 965 626 1014 commutanda
660 965 875 1013 maxime
912 972 1001 1035 est.
1075 963 1216 1012 Facit
1255 964 1386 1012 enim
1413 973 1464 1012 et
1489 964 1612 1014 dilu-

270 1044 433 1093 cidam
472 1044 768 1102 orationem,
805 1050 856 1092 et
893 1043 1153 1101 illustrem,
1196 1050 1247 1090 et
1286 1044 1611 1107 probabilem,

268 1131 320 1173 et
360 1141 577 1181 suavem,
627 1140 729 1171 non
763 1123 940 1179 verbis,
991 1122 1079 1171 sed
1125 1121 1364 1170 varietate
1410 1140 1611 1185 vocum,

268 1209 410 1250 motu
435 1202 671 1267 corporis,
695 1201 869 1261 vultu3
912 1219 1038 1266 quae
1062 1200 1330 1266 plurimum
1354 1201 1610 1264 valebunt,

268 1282 309 1330 si
352 1299 467 1331 cum
509 1281 744 1329 orationis
785 1297 970 1345 genere
1020 1279 1349 1337 consentient,
1406 1280 1610 1347 ejusque

269 1361 368 1410 vim
393 1378 451 1410 ac
466 1361 758 1409 varietatem
779 1361 1157 1424 subsequentur.
1229 1358 1422 1408 FILIUS.
1474 1362 1609 1409 Num

268 1441 507 1505 quidnam
532 1440 594 1489 de
620 1448 814 1489 oratore
838 1440 945 1504 ipso
969 1439 1158 1488 restat?
1231 1438 1420 1487 PATER.
1471 1441 1611 1489 Nihil

267 1537 400 1578 sane,
437 1528 634 1586 praeter
668 1519 972 1576 memoriam,
1011 1535 1137 1583 quae
1179 1525 1254 1566 est
1277 1519 1478 1583 gemina
1500 1519 1609 1569 lite-

267 1607 463 1648 raturae
511 1597 900 1663 quodammodo,
960 1604 1011 1645 et
1055 1596 1107 1643 in
1156 1595 1377 1644 dissimili
1424 1615 1610 1662 genere

265 1678 542 1744 persimilis.
613 1679 745 1727 Nam
780 1686 839 1727 ut
878 1677 962 1726 illa
986 1684 1182 1726 constat
1206 1694 1269 1726 ex
1293 1678 1424 1726 notis
1447 1678 1610 1727 litera-

265 1775 394 1819 rum,
420 1766 471 1807 et
496 1775 559 1807 ex
597 1775 671 1816 eo,
711 1758 762 1806 in
788 1775 885 1823 quo
909 1757 1262 1822 imprimuntur
1284 1756 1396 1806 illae
1422 1767 1571 1807 notae
1593 1780 1606 1820 ;

266 1839 337 1888 sic
363 1837 614 1887 confectio
638 1837 926 1896 memoriae,
949 1844 1187 1901 tanquam
1213 1853 1344 1895 cera,
1368 1836 1491 1886 locis
1515 1838 1609 1886 uti-

269 1926 364 1976 tur,
403 1926 454 1966 et
479 1917 530 1964 in
553 1916 629 1964 his
653 1916 909 1980 imagines,
938 1924 995 1963 ut
1018 1915 1200 1972 literas,
1230 1915 1460 1965 collocat.

335 1998 530 2045 FILIUS.
572 1995 823 2053 Quoniam
842 1995 995 2060 igitur
1009 1995 1082 2043 vis
1108 1995 1315 2043 oratoris
1340 1996 1500 2044 omnis
1525 1992 1629 2045 ex-v
1690 2037 1702 2050 .

267 2077 428 2143 posita
453 2083 545 2135 est,
571 2075 692 2140 quid
714 2075 865 2124 habes
891 2075 953 2122 de
979 2074 1213 2123 orationis
1237 2076 1517 2141 praeceptis
1537 2076 1607 2124 di-
1651 2102 1654 2105 ,

269 2174 382 2206 cere
405 2157 421 2205 ?
494 2156 684 2203 PATER.
738 2155 967 2212 Quatuor
992 2171 1098 2202 esse
1125 2153 1229 2219 ejus
1252 2163 1417 2219 partes
1439 2174 1452 2203 z
1491 2174 1607 2220 qua-

267 2254 376 2285 rum
400 2236 560 2302 prima
584 2243 635 2284 et
650 2242 901 2300 postrema
936 2234 999 2282 ad
1035 2242 1226 2282 motum
1263 2235 1414 2283 animi
1439 2233 1572 2286 Valet
1593 2256 1605 2287 :

266 2318 306 2366 is
332 2316 464 2366 enim
488 2315 641 2364 initiis
666 2323 741 2364 est
765 2323 816 2364 et
838 2314 1234 2380 perorationibus
1260 2316 1605 2366 concitandus.

268 2396 513 2453 Secunda,
540 2395 786 2455 narrati03
828 2402 879 2443 et
902 2394 1068 2453 tertia,
1094 2393 1422 2455 confirmatio,
1456 2395 1607 2446 fidem

263 2476 387 2525 facit
424 2477 650 2525 orationi.
723 2476 822 2524 Sed
863 2474 1180 2540 amplificatio
1217 2491 1498 2539 quanquam
1523 2477 1608 2525 ha-

263 2557 352 2604 bet
374 2556 627 2620 proprium
667 2555 853 2614 locum,
896 2571 1041 2618 saepe
1067 2553 1216 2601 etiam
1240 2553 1474 2617 primum,
1498 2571 1608 2619 pos-

266 2644 481 2684 tremum
507 2635 706 2699 quidem
732 2634 837 2682 fere
879 2649 1091 2698 semper,
1126 2640 1295 2681 tamen
1331 2632 1521 2698 reliquo
1555 2636 1608 2683 in

268 2732 417 2765 cursu
442 2714 675 2763 orationis
700 2713 983 2762 adhibenda
1007 2720 1099 2772 est,
1141 2712 1455 2777 maximeque
1493 2731 1608 2764 cum

270 2794 456 2860 aliquid
480 2802 566 2842 aut
604 2792 948 2842 confirmatum
985 2800 1078 2852 est,
1114 2799 1200 2840 aut
1235 2792 1606 2857 reprehensum.

272 2875 448 2941 ltaque
473 2873 537 2925 ad
560 2872 709 2923 fidem
729 2887 927 2939 quoque
945 2871 1023 2923 vel
1041 2870 1309 2939 plurimum
1332 2871 1480 2925 valet.
1517 2873 1608 2926 Est
