2071 3508
768 357 1158 397 PARTITIONES.
1548 364 1628 402 4:39

284 465 473 515 tatione
520 467 801 514 verborum.
875 467 1099 514 Brevitas
1147 473 1315 514 autem
1365 468 1630 517 conficitur

284 544 589 609 simplicibus
608 544 794 591 verbis:
823 543 976 591 semel
997 560 1294 608 unaquaque
1314 561 1366 591 re
1387 545 1626 596 dicenda:

283 624 407 671 nulli
431 624 520 682 rei,
546 623 654 679 nisi,
681 630 739 670 ut
764 622 983 670 dilucide
1005 622 1156 679 dicas,
1184 623 1462 672 serviendo.
1515 625 1631 674 Pro-

282 703 446 752 babile
482 710 650 750 autem
685 719 846 767 genus
880 710 955 750 est
987 703 1254 763 orationis,
1278 703 1317 751 si
1350 720 1451 752 non
1484 705 1631 753 nimis

283 790 360 831 est
389 790 647 846 comptum
678 790 828 847 atque
855 782 1150 847 expolitum,
1187 783 1227 830 si
1258 791 1334 831 est
1362 784 1633 832 auctoritas

283 869 338 910 et
370 862 568 927 pondus
609 862 661 909 in
697 862 878 921 verbis,
922 862 961 909 si
998 862 1275 911 sententiae
1315 863 1397 911 vel
1436 880 1633 928 graveS‚

282 941 363 990 vel
388 950 533 1007 aptae
558 943 876 1008 opinionibus
900 941 1160 991 hominum
1186 951 1237 991 et
1260 943 1494 992 moribus.
1565 943 1632 991 Il-

282 1021 449 1070 lustris
491 1030 659 1070 autem
704 1023 862 1070 oratio
899 1030 992 1081 est,
1035 1023 1074 1069 si
1112 1029 1162 1070 et
1196 1023 1348 1071 verba
1384 1023 1632 1087 gravitate

285 1101 484 1150 delecta
506 1110 778 1167 ponuntur,
819 1110 872 1151 et
903 1101 1157 1161 translata,
1195 1110 1246 1150 et
1278 1101 1545 1167 superlata,
1582 1111 1634 1151 et

285 1181 351 1230 ad
375 1198 559 1229 nomen
584 1181 841 1245 adjuncta,
871 1189 922 1229 et
948 1180 1220 1245 duplicata,
1250 1189 1301 1230 et
1324 1181 1459 1230 idem
1485 1183 1636 1247 signi-

285 1261 505 1321 ficantia,
543 1270 692 1326 atque
719 1263 779 1310 ab
806 1262 911 1326 ipsa
935 1262 1149 1318 actione,
1177 1270 1327 1326 atque
1353 1262 1635 1313 imitatione

286 1358 452 1390 rerum
495 1358 597 1389 non
639 1341 973 1390 abhorrentia.
1045 1341 1135 1389 Est
1177 1341 1310 1389 enim
1357 1341 1482 1390 haec
1522 1359 1637 1407 pars

287 1422 540 1478 orationis,
579 1439 706 1487 quae
741 1439 846 1470 rem
885 1421 1158 1470 constituat
1198 1438 1328 1486 pene
1365 1430 1481 1470 ante
1519 1440 1639 1471 ocu-

286 1501 377 1550 los.
463 1501 513 1549 Is
556 1502 689 1550 enim
731 1502 948 1550 maxime
992 1518 1163 1550 sensus
1199 1502 1498 1566 attingitur:
1549 1502 1638 1552 Sed

289 1581 475 1630 caeteri
500 1590 688 1641 tamen,
726 1589 777 1630 et
801 1581 1017 1630 maxime
1042 1598 1181 1629 mens
1207 1581 1313 1646 ipsa
1340 1583 1529 1630 moveri
1553 1599 1642 1647 po-

287 1669 404 1710 test.
477 1661 576 1710 Sed
601 1679 727 1726 quae
754 1662 889 1710 dicta
919 1668 1036 1709 sunt
1061 1661 1124 1709 de
1150 1661 1374 1709 oratione
1399 1661 1641 1723 dilucida,

289 1742 480 1790 cadunt
503 1741 554 1788 in
580 1742 709 1790 hanc
729 1741 972 1790 illustrem
998 1741 1178 1789 omnia.
1252 1741 1343 1789 Est
1369 1741 1502 1790 enim
1526 1741 1639 1807 plus

289 1822 545 1887 aliquanto
570 1822 775 1879 illustre,
817 1839 965 1886 quam
1002 1822 1127 1869 illud
1163 1821 1478 1870 dilucidum:
1518 1822 1641 1870 alte-

290 1919 346 1950 ro
370 1902 426 1950 fit
456 1909 514 1950 ut
545 1901 902 1967 intelligamus,
940 1902 1097 1951 altero
1120 1919 1258 1961 vero,
1294 1910 1352 1950 ut
1375 1902 1547 1950 videre
1572 1903 1643 1951 vi-

293 1980 516 2028 deamur.
589 1981 748 2029 Suave
781 1988 950 2028 autem
983 1997 1142 2045 genus
1169 1981 1264 2029 erit
1288 1980 1507 2038 dicendi,
1545 1981 1644 2045 pri-

291 2076 431 2126 mum
465 2059 714 2124 elegantia
743 2068 793 2108 et
816 2060 1139 2124 jucunditate
1164 2061 1431 2108 verborum
1465 2077 1642 2108 sonan-

291 2139 418 2187 tium
472 2148 523 2188 et
574 2139 794 2189 lenium:
849 2140 1031 2188 deinde
1087 2139 1463 2204 conjunctione,
1514 2156 1642 2204 quae

291 2236 457 2284 neque
483 2237 680 2285 asperos
706 2220 887 2268 habeat
913 2237 1203 2279 concursus,
1236 2236 1400 2284 neque
1427 2219 1644 2284 disjunc-

291 2306 370 2347 tos
395 2307 545 2364 atque
572 2299 766 2347 hiantes
792 2318 803 2347 ε
844 2308 893 2347 et
919 2300 983 2348 sit
1009 2300 1388 2365 circumscripta
1411 2316 1513 2347 non
1537 2299 1644 2347 lon-

291 2395 357 2443 go
382 2378 631 2438 anfractu,
668 2379 756 2428 sed
781 2380 844 2427 ad
869 2380 1095 2444 spiritum
1115 2380 1253 2428 vocis
1277 2388 1411 2445 apto,
1439 2378 1642 2429 habeat-

295 2474 392 2522 que
435 2458 811 2507 similitudinem
853 2458 1306 2523 aequalitatemque
1338 2459 1638 2509 verborum:

293 2546 402 2587 tum
429 2556 491 2587 ex
512 2540 770 2588 contrariis
790 2550 987 2604 sumpta
1004 2541 1168 2589 verbis
1191 2559 1202 2588 ε
1243 2541 1416 2589 crebra
1437 2539 1641 2598 crebris,

294 2619 433 2684 paria
467 2619 667 2683 paribus
703 2620 1056 2684 respondeant,
1106 2619 1361 2684 relataque
1403 2619 1468 2667 ad
1508 2618 1642 2681 idem

295 2698 505 2746 verbum
524 2715 535 2745 :
573 2706 623 2745 et
640 2698 913 2762 geminata,
933 2705 1082 2762 atque
1103 2697 1372 2762 duplicata,
1393 2696 1473 2746 vel
1492 2697 1643 2745 etiam

298 2777 493 2842 saepius
518 2777 695 2826 iterata
718 2786 998 2842 ponantur:
1039 2777 1445 2842 constructioque
1470 2777 1643 2825 verbo-

297 2874 410 2911 rum
434 2865 542 2908 tum
575 2856 1012 2923 conjunctionibus
1037 2856 1319 2924 copuletur,
1354 2865 1463 2907 tum
1494 2857 1644 2908 (lisso,

1170 2953 1201 2986 E
1228 2952 1255 2986 e
1280 2945 1312 2985 4
