2071 3508
263 840 364 904 19.

397 502 479 540 454
900 502 976 541 OR
984 501 1232 541 ATORIAE

399 616 516 658 sunt
539 625 729 669 omnes,
768 609 820 657 in
856 611 1051 675 quibus,
1091 619 1150 659 ut
1174 612 1226 659 in
1251 611 1470 660 obscuris
1495 611 1727 659 naturali·

397 702 589 767 busque
613 702 1000 766 quaestionibus,
1025 720 1201 752 causae
1225 703 1538 768 rationesque
1562 716 1730 752 rerum·

399 781 725 847 explicantur.

470 859 611 908 Illius
645 867 812 908 autem
838 860 1053 925 generis,
1088 860 1140 907 in
1165 877 1276 925 quo,
1316 861 1436 926 quid
1470 861 1533 908 sit
1555 860 1627 919 id,
1668 859 1736 908 de

399 955 498 1003 quo
539 939 717 1003 agitur,
762 938 1032 1002 quaeritur,
1075 939 1174 987 duo
1204 946 1320 987 sunt
1352 952 1568 1003 genera3
1608 955 1727 1002 quo-

396 1033 507 1064 rum
555 1016 609 1062 in
649 1014 805 1063 altero
853 1015 1205 1080 disputandum
1244 1024 1334 1073 est,
1377 1016 1530 1076 aliud,
1579 1033 1641 1064 an
1687 1015 1725 1063 i-

397 1095 511 1144 dem
547 1094 626 1151 sit,
663 1101 720 1142 ut
747 1093 1024 1158 pertinacia
1061 1102 1112 1142 et
1141 1095 1534 1159 perseverantia:
1572 1095 1624 1142 in
1659 1094 1725 1143 al-

395 1181 504 1222 tero
529 1180 696 1221 autem
730 1173 997 1237 descriptio
1021 1174 1218 1238 generis
1253 1173 1474 1238 alicujus,
1501 1181 1553 1223 et
1587 1162 1725 1238 quasi

394 1251 561 1316 imago
585 1251 909 1316 exprimenda
933 1259 1025 1311 est,
1061 1259 1136 1311 ut,
1161 1251 1316 1316 qualis
1340 1252 1403 1300 sit
1425 1268 1614 1309 avarus,
1641 1259 1726 1300 aut

394 1330 515 1395 quid
544 1331 607 1378 sit
645 1330 888 1394 superbia.
959 1330 1134 1379 Tertio
1170 1338 1336 1380 autem
1360 1330 1412 1377 in
1434 1347 1635 1395 genere,
1672 1329 1727 1378 in

394 1426 511 1474 quo,
537 1408 680 1474 quale
705 1409 785 1468 sit,
822 1409 1091 1473 quaeritur,
1128 1417 1214 1458 aut
1238 1410 1300 1458 de
1324 1409 1602 1468 honestate,
1638 1417 1724 1458 aut

393 1487 457 1536 de
481 1487 715 1548 utilitate,
740 1495 827 1536 aut
851 1488 913 1536 de
939 1488 1188 1553 aequitate
1209 1489 1477 1537 dicendum
1503 1496 1591 1537 est.
1641 1489 1726 1537 De

391 1565 652 1616 honestate
690 1567 794 1615 sic:
846 1574 921 1626 ut,
959 1567 1309 1616 Honestumne
1345 1568 1408 1616 sit
1442 1585 1532 1632 pro
1561 1567 1725 1616 amico

389 1645 667 1709 periculum
709 1653 796 1693 aut
835 1646 1071 1694 invidiam
1115 1647 1295 1694 subire.
1388 1647 1469 1694 De
1507 1646 1726 1695 utilitate

389 1730 557 1772 autem
583 1725 683 1773 sic:
723 1732 799 1784 ut,
838 1725 977 1773 Sitne
1002 1724 1123 1772 utile
1160 1725 1211 1772 in
1235 1724 1490 1789 republica
1513 1724 1723 1772 admini-

389 1803 590 1851 stranda
628 1803 827 1851 versari.
911 1804 993 1851 De
1040 1804 1290 1868 aequitate
1330 1820 1448 1851 vero
1490 1802 1590 1851 sic:
1643 1809 1724 1862 ut,

390 1882 529 1931 Sitne
555 1899 768 1946 aequum
811 1883 995 1930 amicos
1022 1883 1246 1946 cognatis
1271 1881 1538 1929 anteferre.
1626 1880 1719 1929 At-

387 1978 485 2026 que
526 1961 578 2008 in
618 1961 713 2010 hoc
756 1961 933 2009 eodem
973 1978 1177 2025 genere,
1217 1961 1269 2008 in
1305 1977 1418 2025 quo,
1458 1959 1601 2024 quale
1637 1960 1720 2019 sit,

385 2039 658 2104 quaeritur,
707 2040 926 2088 exoritur
967 2040 1101 2088 aliud
1142 2039 1394 2104 quoddam
1434 2039 1722 2104 disputandi,

383 2135 560 2183 genus.
629 2119 746 2167 Non
782 2119 913 2167 enim
950 2118 1239 2183 simpliciter
1263 2118 1420 2167 solum
1447 2117 1722 2182 quaeritur,

385 2198 506 2262 quid
545 2198 810 2246 honestum
852 2198 933 2257 sit,
975 2198 1095 2261 quid
1136 2197 1272 2254 utile,
1312 2197 1431 2261 quid
1469 2213 1715 2261 aequum;

385 2277 474 2324 sed
492 2276 641 2325 etiam
661 2293 723 2324 ex
743 2276 1130 2340 comparatione,
1156 2275 1275 2339 quid
1298 2275 1570 2334 honestius,
1595 2274 1717 2339 quid

382 2355 568 2411 utilius,
607 2355 726 2419 quid
750 2355 984 2418 aequius3
1023 2363 1174 2419 atque
1211 2355 1359 2402 etiam
1396 2354 1517 2418 quid
1541 2353 1715 2402 hones·

383 2434 645 2493 tissimum,
682 2434 808 2498 quid>
825 2433 1158 2492 utilissimum,
1184 2433 1302 2498 quid
1327 2431 1673 2498 aequissimum
1695 2450 1711 2480 ε

384 2513 523 2578 cujus
546 2514 742 2578 generis
765 2512 848 2561 illa
873 2521 1002 2569 sunt,
1042 2530 1166 2578 quae
1206 2512 1626 2577 praestantissima
1649 2511 1712 2559 sit

383 2593 599 2657 dignitas
640 2593 786 2641 vitae.
860 2592 1030 2657 Atque
1071 2610 1128 2641 ea
1169 2592 1389 2656 quidem,
1425 2608 1551 2656 quae
1589 2590 1713 2650 dixi,

382 2671 680 2736 cognitionis
716 2679 830 2720 sunt
860 2672 1039 2719 omnia.
1113 2672 1327 2719 Restant
1350 2670 1589 2719 actionis:
1628 2686 1712 2718 cu-

371 2749 454 2815 jus
479 2751 688 2799 alterum
713 2759 789 2799 est
810 2751 1149 2816 praecipiendi
1180 2767 1358 2816 genus,
1393 2749 1528 2815 quod
1552 2748 1616 2797 ad
1638 2765 1711 2797 ra-

379 2830 567 2878 tionem
605 2830 752 2879 officii
791 2831 1024 2896 pertinet,
1062 2838 1133 2888 ut,
1178 2828 1598 2894 quemadmodum
1628 2844 1710 2880 co·

376 2905 514 2955 lendi
538 2909 636 2957 sint
658 2916 917 2972 parentes:
956 2907 1166 2969 alterum
1191 2914 1356 2969 autem
1375 2906 1441 2955 ad
1463 2904 1710 2955 sedandos

380 2985 583 3046 anim05‚
623 2995 676 3039 et
697 2987 920 3041 oratione
944 2987 1205 3048 sanandOS‚
1240 2994 1298 3037 ut
1319 2987 1373 3036 in
1397 2981 1709 3036 consolandis
