2071 3508
677 388 845 426 LIBER
875 389 1180 430 SECUNDUS.
1529 399 1605 436 109

271 513 367 560 que
405 497 473 545 sic
510 496 651 544 initio
687 496 1043 560 scriptitarunt,
1081 506 1139 547 ut
1173 506 1339 547 noster
1366 501 1509 561 Cato,
1546 512 1602 552 nt

272 576 456 633 Pictor,
483 581 536 622 ut
561 573 687 621 Piso.
760 573 881 622 Erat
906 577 1037 623 enim
1064 576 1266 625 historia
1291 579 1411 626 nihil
1448 581 1600 642 aliud,
1635 594 1713 633 52.

268 659 360 706 nisi
401 657 648 706 annalium
686 655 937 705 confectio
959 675 970 704 ε
1011 657 1149 722 cujus
1188 660 1276 719 rei,
1317 663 1602 711 memoriae-

268 752 362 799 que
384 735 612 800 publicae
637 735 927 783 retinendae
954 753 1118 796 causa,
1162 739 1221 785 ab
1258 739 1399 787 initio
1437 758 1599 789 rerum

265 813 602 862 Romanarum
638 829 793 877 usque
835 814 898 861 ad
938 815 991 862 P.
1021 814 1265 874 Mucium,
1311 819 1599 882 pontificem

263 891 552 951 maximum,
578 908 654 940 res
674 908 844 939 omnes
871 892 1176 957 singulorum
1201 912 1445 944 annorum
1466 915 1599 946 mans·

264 969 412 1018 dabat
435 970 588 1019 literis
618 969 846 1035 pontifex
882 970 1140 1028 maximus,
1181 973 1513 1040 efferebatque
1548 979 1601 1026 in

262 1047 446 1109 album,
483 1056 532 1097 et
555 1049 864 1113 proponebat
888 1049 1105 1097 tabulam
1132 1051 1285 1112 domi,
1309 1062 1526 1118 potestas
1545 1058 1620 1106 ut'

261 1134 389 1175 esset
402 1126 587 1192 populo
604 1126 969 1190 cognoscendi3
998 1127 1130 1191 iique
1156 1129 1304 1178 etiam
1330 1149 1464 1182 nunc
1492 1135 1598 1183 An-

261 1205 395 1255 nales
420 1205 622 1253 maximi
646 1203 980 1252 nominantur.
1048 1206 1196 1255 Hanc
1222 1209 1594 1263 similitudinem
1626 1227 1707 1268 53,

262 1290 509 1339 scribendi
550 1290 693 1338 multi
730 1291 887 1338 secuti
913 1298 1045 1349 sunt,
1082 1291 1166 1354 qui
1192 1292 1295 1341 sine
1321 1293 1431 1342 ullis
1456 1313 1595 1345 orna-

260 1369 440 1417 mentis
464 1377 788 1418 monumenta
812 1369 968 1417 solum
993 1377 1294 1434 temporum,
1319 1371 1594 1434 hominum,

257 1447 500 1506 locorum,
537 1456 887 1512 gestarumque
913 1464 1076 1495 rerum
1103 1449 1423 1513 reliquerunt.
1496 1453 1595 1501 Ita*

257 1542 352 1590 que
395 1525 550 1589 qualis
585 1525 719 1589 apud
754 1525 976 1573 Graecos
1014 1525 1343 1592 Pherecydes,
1372 1529 1595 1580 Hellania

256 1620 362 1663 cus,
390 1603 619 1652 Acusilas
642 1602 756 1663 fuit,
781 1603 961 1668 aliique
985 1605 1218 1669 permulti
1239 1627 1253 1666 3
1292 1607 1402 1656 talis
1427 1618 1594 1660 noster

256 1684 400 1743 Cato,
427 1692 477 1732 et
503 1684 688 1743 Pictor,
728 1691 779 1731 et
804 1683 935 1743 Piso,
973 1685 1056 1749 qui
1081 1702 1242 1750 neque
1267 1694 1462 1747 tenent,
1488 1691 1591 1754 qui-

252 1763 344 1812 bus
380 1763 527 1811 rebus
568 1771 771 1812 ornatur
795 1764 970 1823 oratio,
1008 1764 1182 1828 (modo
1219 1765 1350 1813 enim
1375 1766 1473 1815 huc
1498 1768 1592 1818 ista

253 1849 368 1891 sunt
390 1842 680 1908 importata)
707 1850 775 1901 et,
796 1842 915 1890 dum
939 1842 1246 1907 intelligatur
1265 1845 1384 1908 quid
1400 1846 1589 1907 dicant,

253 1938 402 1969 unam
442 1920 643 1969 dicendi
684 1920 883 1968 laudem
919 1928 1100 1984 putant
1135 1938 1239 1970 esse
1274 1924 1585 1974 brevitatem.

251 1999 515 2049 Paululum
541 2017 590 2048 se
617 2000 789 2055 erexit,
813 2007 864 2047 et
879 1999 1072 2047 addidit
1095 1999 1327 2049 historiae
1352 2002 1586 2067 majorem
1618 2018 1697 2059 54.

253 2096 428 2128 sonum
452 2079 588 2127 vocis
622 2079 696 2126 vir
731 2079 966 2142 optimus,
1000 2078 1160 2127 Crassi
1186 2080 1454 2142 familiaris,
1482 2083 1587 2132 An-

251 2160 432 2225 tipater
453 2178 465 2207 ε
494 2159 678 2208 caeteri
702 2175 802 2206 non
828 2167 1146 2209 exornatores
1169 2178 1353 2218 rerum,
1370 2164 1458 2211 sed
1481 2172 1588 2212 tan·
1643 2191 1648 2196 ·

251 2239 511 2287 tummodo
536 2246 811 2286 narratores
834 2238 1054 2286 suerunt.

319 2317 427 2376 Est,
466 2316 628 2381 inquit
670 2316 896 2375 Catulus,
938 2324 994 2364 ut
1030 2317 1187 2365 dicis:
1227 2320 1314 2368 sed
1353 2321 1446 2371 iste
1483 2324 1587 2390 ipse
1610 2308 1710 2367 13·

254 2397 453 2447 Coelius
477 2413 639 2461 neque
666 2396 891 2445 distinxit
915 2396 1169 2445 historiam
1194 2400 1432 2450 varietate
1456 2403 1590 2453 loco-

252 2495 360 2526 rum
382 2498 395 2537 ;
439 2493 602 2540 neque
643 2476 905 2524 verborum
949 2475 1293 2538 collocatione,
1337 2489 1388 2529 et
1423 2490 1587 2532 tractu

252 2556 486 2606 orationis
509 2555 609 2603 leni
645 2563 696 2604 et
731 2554 974 2619 aequabili
996 2557 1260 2620 perpolivit
1283 2558 1407 2607 illud
1431 2578 1553 2626 opus
1572 2581 1586 2610 ε

253 2637 340 2686 sed
365 2644 421 2684 ut
443 2635 592 2683 homo
617 2651 777 2699 neque
804 2634 999 2693 doctus,
1018 2651 1180 2699 neque
1206 2638 1418 2686 maxime
1444 2649 1587 2704 aptus

253 2716 317 2764 ad
340 2714 627 2773 dicendum,
653 2713 782 2762 sicut
804 2713 988 2777 potuit,
1014 2713 1229 2762 dolavit:
1256 2716 1376 2765 vicit
1402 2726 1586 2780 tamen,

253 2803 310 2844 ut
335 2795 476 2853 dicis,
501 2793 790 2859 superiores.
840 2791 1052 2841 Minime
1072 2793 1269 2855 mirum,
1294 2795 1454 2861 inquit
1481 2798 1584 2848 An·
1617 2802 1696 2844 55.
