2071 3508
762 412 1151 457 PARTITIONE'S.
1544 422 1621 463 471

286 535 626 577 accusatorem
670 541 760 589 pro
802 525 938 572 omni
979 532 1149 574 actore
1191 532 1243 573 et
1287 526 1502 590 petitore
1543 544 1625 595 ap.

282 608 444 673 pello:
482 612 690 671 possunt
731 604 864 651 enim
906 604 1057 652 etiam
1099 605 1203 653 sine
1247 616 1538 657 accusatore
1573 611 1626 658 in

284 686 441 735 causis
465 685 590 732 haec
628 682 805 732 eadem
832 685 1282 733 controversiarum
1306 702 1496 750 genera
1518 705 1625 736 ver-

282 765 418 826 sari,)
456 763 544 812 sed
579 763 703 812 haec
741 763 841 811 duo
878 772 994 813 sunt
1024 765 1071 812 ei
1100 765 1278 830 prima,
1311 783 1460 816 causa
1490 775 1543 816 et
1578 785 1627 817 e-

278 852 473 894 ventus.
546 843 758 892 Causam
806 843 1001 909 appello
1049 845 1291 894 rationem
1337 845 1617 896 efficiendi:

279 932 535 983 eventum,
577 923 647 983 id,
686 923 820 988 quod
863 932 938 972 est
979 924 1231 973 effectum.
1305 924 1478 990 Atque
1521 927 1628 992 ipsa

278 1005 481 1070 quidem
516 1003 718 1069 partitio
744 1020 1003 1052 causarum
1037 1004 1186 1070 paulo
1211 1011 1328 1053 ante
1360 1005 1411 1053 in
1444 1007 1626 1055 suasio-

276 1084 353 1131 nis
377 1083 500 1132 locis
526 1082 790 1131 distributa
819 1092 908 1132 est.
983 1084 1127 1141 Quae
1158 1084 1291 1132 enim
1327 1084 1379 1132 in
1416 1086 1623 1135 consilio

279 1162 523 1228 capiendo
542 1161 698 1210 futuri
718 1163 955 1228 temporis
978 1164 1429 1229 praecipiebantur,
1452 1182 1625 1229 quam-

277 1244 448 1291 obrem
492 1250 578 1293 aut
617 1242 886 1292 utilitatem
924 1243 1215 1292 viderentur
1250 1244 1498 1305 habitura,
1536 1254 1624 1296 aut

277 1322 523 1371 efficiendi
548 1323 861 1383 facultatem,
899 1324 1094 1383 eadem,
1121 1324 1204 1389 qui
1231 1324 1294 1372 de
1319 1323 1455 1373 facto
1480 1343 1625 1391 argu-

274 1402 599 1461 mentabitur,
651 1400 888 1466 colligere
926 1402 1150 1462 debebit,
1199 1404 1523 1468 quamobrem
1572 1414 1625 1454 et

274 1480 416 1528 utilia
451 1470 540 1539 illi,
567 1497 715 1544 quem
757 1488 953 1543 arguet,
990 1480 1156 1538 fuisse,
1202 1490 1254 1530 et
1295 1484 1355 1531 ab
1398 1500 1457 1531 eo
1495 1483 1622 1533 effici

272 1559 493 1625 potuisse
521 1559 845 1607 demonstret.
917 1560 1162 1608 Utilitatis
1195 1560 1485 1626 conjectura
1520 1580 1625 1612 mo-

272 1647 436 1698 vetur,
466 1639 504 1686 si
529 1637 672 1697 illud,
698 1638 834 1702 quod
866 1640 1109 1703 arguitur,
1135 1648 1222 1688 aut
1247 1658 1333 1705 spe
1357 1642 1621 1702 bonorum,

272 1727 359 1767 aut
378 1718 619 1767 malorum
639 1725 796 1777 metu,
821 1716 997 1766 fecisse
1019 1718 1230 1767 dicitur:
1271 1720 1406 1784 quod
1424 1721 1479 1770 fit
1497 1723 1622 1771 acri-

270 1816 347 1858 us,
373 1816 473 1864 quo
497 1797 581 1846 illa
605 1798 657 1845 in
681 1805 895 1862 utroque
920 1815 1106 1863 genere
1131 1799 1316 1864 majora
1344 1811 1617 1865 ponuntur.

273 1878 576 1943 Spectantur
608 1877 758 1925 etiam
798 1877 862 1925 ad
893 1894 1091 1926 causam
1129 1878 1271 1938 facti,
1313 1889 1477 1929 motus
1515 1884 1618 1930 ani-

271 1973 484 2015 morum,
519 1956 558 2003 si
590 1956 662 2003 ira
693 1972 887 2015 recens,
925 1955 964 2004 si
997 1956 1167 2004 odium
1200 1965 1360 2016 vetus,
1399 1960 1439 2007 si
1471 1960 1618 2010 ulcis-

271 2035 420 2085 cendi
470 2035 709 2095 studium,
760 2036 799 2083 si
840 2035 1048 2101 injuriae
1091 2036 1261 2085 dolor:
1314 2039 1354 2086 si
1395 2039 1615 2103 honoris,

269 2116 308 2164 si
333 2115 535 2181 gloriae,
574 2116 613 2163 si
649 2115 862 2181 imperii,
899 2117 937 2164 si
973 2117 1218 2181 pecuniae
1256 2119 1533 2183 cupiditas:
1573 2123 1614 2170 si

265 2196 478 2261 periculi
513 2196 680 2256 timor,
717 2196 756 2243 si
789 2213 871 2245 aes
905 2196 1141 2257 alienum,
1178 2198 1214 2245 si
1250 2200 1508 2263 angustiae
1540 2202 1613 2251 rei

266 2275 554 2324 familiaris:
594 2276 633 2324 si
663 2276 845 2336 audax,
883 2278 922 2325 si
945 2276 1087 2337 levis,
1123 2277 1162 2326 si
1189 2279 1422 2340 crudelis,
1459 2281 1499 2329 si
1523 2282 1613 2330 im-

264 2364 463 2421 potens,
514 2356 553 2404 si
588 2356 839 2416 incautus,
890 2357 929 2405 si
964 2357 1220 2422 insipiens,
1267 2358 1307 2406 si
1343 2376 1527 2417 amans,
1572 2362 1613 2410 si

267 2445 520 2485 commota
544 2435 737 2496 mente,
758 2437 798 2484 si
821 2437 1122 2495 vinolentus,
1150 2438 1188 2486 si
1211 2455 1326 2486 cum
1352 2456 1438 2504 spe
1464 2439 1613 2489 effici-

264 2515 404 2575 endi,
441 2515 480 2562 si
518 2531 633 2563 cum
662 2515 896 2579 opinione
933 2515 1144 2573 celandi,
1184 2525 1289 2577 aut,
1323 2518 1361 2565 si
1392 2518 1614 2583 patefac-

265 2604 377 2644 tum
404 2602 547 2651 esset,
577 2593 862 2658 depellendi
892 2594 1129 2654 criminis,
1154 2595 1233 2643 vel
1256 2599 1614 2662 perrumpendi

264 2673 495 2740 periculi,
530 2672 611 2722 vel
646 2673 698 2720 in
732 2672 1063 2738 longinquum
1093 2682 1290 2739 tempus
1316 2674 1609 2726 differendi:

265 2762 353 2803 aut
390 2753 429 2801 si
461 2751 642 2817 judicii
681 2768 845 2817 poena
875 2751 1050 2812 levior,
1087 2769 1235 2817 quam
1258 2752 1380 2802 facti
1404 2756 1613 2820 praemi-

264 2849 350 2881 um
374 2851 386 2880 ε
428 2840 514 2880 aut
534 2831 572 2879 si
591 2829 825 2880 facinoris
848 2831 1076 2897 voluptas
1101 2831 1278 2896 major,
1304 2850 1450 2897 quam
1477 2834 1612 2882 dam-

265 2912 479 2963 nationis
523 2910 679 2961 dolor.
754 2911 850 2960 His
890 2910 995 2961 fere
1044 2913 1191 2961 rebus
1232 2910 1355 2962 facti
1397 2914 1610 2980 suspicio

1119 3009 1150 3040 G
1175 3007 1208 3056 g
1245 3001 1276 3040 4
