2071 3508
751 379 919 420 LIBER
948 379 1172 420 PRIMUS.
1575 383 1624 421 19

290 508 407 542 nem
430 506 592 540 rerum
614 491 932 549 concesserit,
957 490 1091 554 quod
1109 489 1159 536 in
1185 505 1243 537 ea
1267 488 1424 536 solum
1449 487 1518 536 illi
1541 506 1625 538 vo-

289 571 472 619 luerint
495 569 774 630 elaborare3
818 569 1167 618 tractationem
1203 567 1455 627 orationis,
1497 584 1622 632 quae

288 649 392 698 sine
427 648 510 698 illa
544 649 750 698 scientia
784 648 920 696 nulla
950 657 1042 708 est,
1078 649 1168 697 sibi
1204 654 1432 696 assumet.
1508 646 1623 695 Hoc

287 727 420 776 enim
440 736 514 777 est
536 729 788 792 proprium
805 729 1029 788 oratoris,
1055 729 1188 792 quod
1211 744 1354 792 saepe
1371 726 1476 791 jam
1501 725 1623 784 dixi,

285 807 443 856 oratio
476 808 656 872 gravis,
699 816 749 854 et
783 816 974 866 ornata,
1024 817 1076 856 et
1110 808 1365 857 hominum
1402 806 1624 854 sensibus

286 902 344 935 ac
369 887 616 936 mentibus
641 887 1033 935 accommodata.

351 966 545 1023 Quibus
579 965 641 1014 de
666 967 811 1014 rebus
839 965 1181 1024 Aristotelem,
1223 971 1273 1013 et
1311 963 1741 1027 Τ11ε1οΡ111Ἱε15-13ι

285 1053 392 1093 tum
425 1045 672 1110 scripsisse
697 1044 871 1094 fateor.
945 1045 1043 1092 Sed
1068 1045 1200 1103 vide,
1237 1060 1299 1091 ne
1336 1043 1451 1102 hoc,
1479 1044 1620 1090 Scae·
1651 1059 1729 1097 55,

284 1124 413 1183 vola,
447 1132 609 1173 totum
647 1125 710 1173 sit
733 1143 760 1172 a
785 1142 894 1174 me:
934 1142 1047 1172 nam
1075 1142 1186 1189 ego,
1220 1140 1346 1189 quae
1380 1131 1493 1171 sunt
1518 1139 1622 1170 ora-

285 1203 380 1251 tori
415 1221 528 1252 cum
567 1204 660 1253 illis
702 1204 1004 1263 communia,
1042 1221 1143 1252 non
1184 1212 1385 1250 mutuor
1410 1204 1469 1249 ab
1494 1201 1619 1261 illis3

286 1281 383 1340 isti,
408 1299 532 1346 quae
572 1283 634 1330 de
672 1284 747 1331 his
772 1285 917 1332 rebus
943 1283 1215 1347 disputant,
1241 1290 1489 1329 oratorum
1517 1297 1621 1328 esse

286 1361 585 1408 concedunt.
629 1362 806 1424 Itaque
832 1369 1051 1409 caeteros
1075 1361 1238 1416 libros,
1266 1360 1383 1407 artis
1407 1359 1487 1406 isti
1507 1375 1622 1406 suae

288 1439 504 1497 nomine,
551 1440 639 1486 hos
677 1440 946 1487 rhetoricos
971 1446 1023 1487 et
1045 1440 1339 1497 inscribunt,
1377 1444 1428 1485 et
1460 1437 1623 1501 appel-

282 1516 402 1563 lant.
463 1517 662 1563 Etenim
683 1533 795 1564 cum
821 1516 891 1563 illi
915 1517 966 1565 in
993 1517 1208 1565 dicendo
1233 1517 1500 1567 inciderint
1523 1515 1619 1564 loci
1651 1527 1727 1567 56.

282 1594 441 1658 (quod
463 1611 698 1659 persaepe
724 1595 915 1656 evenit)
952 1603 1009 1644 ut
1040 1596 1102 1644 de
1129 1595 1220 1643 diis
1244 1594 1620 1655 immortalibus,

280 1671 344 1721 de
373 1673 579 1737 pietate,
616 1673 678 1722 de
715 1674 1000 1734 concordia,
1038 1675 1100 1722 de
1125 1675 1360 1734 amicitia,
1398 1674 1459 1722 de
1486 1691 1618 1722 com-

279 1753 416 1800 muni
452 1752 653 1812 civium,
679 1753 741 1801 de
766 1753 1041 1814 hominum,
1067 1753 1129 1802 de
1153 1755 1379 1818 gentium
1395 1753 1528 1818 jure,
1555 1754 1617 1802 de

278 1831 546 1896 aequitate,
584 1832 646 1880 de
681 1833 1028 1897 temperantia,
1059 1833 1121 1882 de
1147 1833 1491 1897 magnitudine
1516 1833 1617 1880 ani-

277 1912 364 1971 mi,
381 1912 443 1961 de
468 1913 603 1961 omni
617 1914 812 1962 virtutis
827 1930 1012 1979 genere
1035 1914 1097 1962 sit
1117 1913 1384 1961 dicendum
1397 1933 1410 1972 3
1440 1912 1618 1960 clama-

275 1991 422 2051 bunt,
438 1993 606 2052 credo,
622 1994 788 2041 omnia
805 1993 1080 2059 gymnasia,
1100 2001 1247 2057 atque
1267 2007 1438 2039 omnes
1462 1990 1619 2054 philo-

278 2070 544 2135 sophorum
563 2072 779 2131 scholae,
805 2090 890 2120 sua
915 2072 1039 2121 haec
1064 2089 1168 2121 esse
1194 2071 1359 2119 omnia
1383 2070 1614 2135 propria;

277 2149 401 2197 nihil
441 2151 643 2199 omnino
690 2152 754 2198 ad
800 2159 1043 2199 oratorem
1085 2151 1349 2215 pertinere.
1423 2148 1616 2205 Quibus

278 2244 392 2292 ego,
427 2236 484 2277 ut
519 2229 581 2277 de
617 2229 692 2277 his
727 2231 873 2277 rebus
909 2229 1155 2288 omnibus,
1180 2230 1231 2276 111
1257 2227 1467 2292 angulis,
1501 2243 1617 2276 con·

277 2307 505 2355 sumendi
563 2308 651 2356 otii
710 2325 877 2367 causa,
936 2308 1197 2367 disserant,
1248 2324 1362 2356 011111
1416 2321 1618 2355 conces-

276 2401 403 2446 sero,
442 2385 564 2434 illud
603 2395 772 2435 tamen
807 2388 989 2435 oratori
1029 2388 1243 2436 tribuam
1285 2395 1335 2434 et
1376 2385 1522 2443 dabo,
1561 2394 1619 2434 ut

276 2465 470 2525 eadem,
513 2466 573 2514 de
614 2467 790 2533 quibus
825 2465 895 2513 illi
930 2467 1070 2514 tenui
1106 2466 1319 2531 quodam
1357 2464 1619 2527 exsangui-

277 2560 374 2608 que
421 2561 646 2593 sermone
689 2545 961 2610 disputant,
997 2545 1078 2593 hic
1128 2562 1240 2593 011111
1277 2543 1411 2592 0111111
1458 2542 1618 2606 gravi-

279 2631 381 2672 tate
423 2631 474 2672 et
505 2623 823 2688 jucunditate
866 2624 1098 2688 explicet.
1174 2624 1316 2671 Haec
1365 2637 1459 2684 ego
1502 2636 1616 2669 cum

279 2702 395 2769 ipsis
418 2703 721 2770 philosophis
739 2712 846 2753 tum
869 2704 1082 2753 Athenis
1102 2704 1416 2752 disserebam.
1457 2702 1618 2766 Coge-

279 2784 366 2831 bat
390 2784 521 2833 enim
546 2801 625 2833 me
653 2783 727 2853 M.
756 2783 1027 2833 Marcellus
1052 2784 1133 2833 hic
1159 2792 1343 2842 noster,
1374 2782 1458 2848 qui
1482 2797 1617 2830 nunc

282 2862 454 2912 aedilis
479 2863 662 2914 curulis
700 2872 774 2914 est
791 2884 806 2926 ;
846 2872 898 2914 et
921 2862 1166 2930 profecto,
1201 2863 1295 2912 nisi
1317 2862 1459 2913 ludos
1484 2878 1618 2912 nunc

1144 2959 1174 2992 B
1202 2951 1231 2991 2

1648 2162 1676 2201 (ἢ
