2071 3508
326 521 433 581 45.

330 621 436 661 188.

325 1476 431 1519 189.

320 2834 340 2872 1
349 2830 427 2873 90.

472 432 549 469 156
946 431 1023 470 DE
1053 431 1322 471 ORATORE

538 537 681 586 Haec
707 546 822 587 sunt
844 538 943 599 illa,
975 557 1100 604 quae
1125 558 1204 589 me
1222 541 1398 589 ludens
1424 541 1625 590 Crassus
1648 542 1798 591 modo

469 616 736 681 flagitabat,
766 635 878 666 cum
904 636 931 667 a
955 635 1034 667 me
1061 619 1296 668 divinitus
1322 621 1523 669 tractari
1547 621 1702 670 solere
1727 621 1798 669 di-

470 703 624 755 ceret,
661 704 711 744 et
735 696 786 743 in
812 714 958 745 causa
985 697 1065 745 M:
1088 697 1296 762 Aquilii,
1326 699 1532 763 Caiique
1556 699 1798 759 Norbani,

467 774 812 840 nonnullisque
856 776 977 835 aliis,
1021 777 1156 840 quasi
1181 777 1429 840 praeclare
1462 785 1591 837 acta,
1631 778 1798 826 lauda-

466 862 541 900 ret
562 875 574 912 3
605 871 729 917 quae
754 855 1036 903 mehercule
1056 872 1169 919 ego,
1195 856 1387 915 Crasse,
1413 873 1526 904 cum
1545 874 1573 904 a
1596 865 1647 905 te
1670 848 1800 913 trac?

463 938 632 979 tantur
657 934 706 979 in
734 934 909 992 causis,
945 934 1144 982 horrere
1170 934 1333 982 soleo:
1370 942 1510 982 tanta
1531 934 1604 982 vis
1629 935 1799 994 animi,

464 1018 631 1059 tantus
655 1012 886 1076 impetus,
911 1021 1077 1061 tantus
1115 1013 1268 1071 dolor,
1307 1013 1478 1070 oculis,
1506 1012 1666 1072 vultu,
1689 1029 1799 1077 ges-

464 1097 534 1144 tu,
589 1090 745 1153 digito
788 1092 1001 1156 denique
1039 1093 1133 1140 isto
1179 1102 1285 1152 tuo,
1334 1092 1599 1157 significari
1641 1091 1794 1140 solet:

463 1175 658 1214 tantum
679 1178 754 1216 est
777 1169 961 1217 flumen
979 1171 1375 1234 gravissimorum
1401 1171 1798 1235 optimorumque

463 1247 743 1305 verborum,
784 1254 885 1294 tam
911 1247 1134 1311 integrae
1161 1248 1452 1306 sententiae,
1494 1255 1596 1295 tam
1633 1264 1796 1304 verae,

441 1325 565 1371 ¹tam
589 1339 765 1382 novae,
807 1331 909 1371 tam
936 1324 1039 1371 sine
1072 1324 1339 1387 pigmentis
1362 1324 1578 1387 fucoque
1602 1324 1800 1388 puerili,

462 1410 519 1449 ut
544 1402 662 1449 mihi
688 1418 788 1450 non
814 1401 969 1450 solum
990 1409 1046 1449 tu
1065 1401 1332 1449 incendere
1349 1401 1592 1465 judicem,
1617 1401 1704 1450 sed
1727 1402 1799 1467 ip.

465 1497 514 1529 se
541 1480 711 1528 ardere
736 1480 962 1527 videaris.
1033 1479 1213 1542 Neque
1238 1478 1342 1527 fieri
1366 1486 1545 1543 potest,
1585 1488 1643 1528 ut
1667 1479 1800 1528 dole-

465 1568 514 1608 at
538 1561 591 1615 is,
621 1559 703 1623 qui
729 1559 881 1615 audit,
925 1567 982 1606 ut
1006 1558 1184 1617 oderit,
1219 1566 1277 1606 ut
1300 1559 1537 1617 invideat,
1569 1566 1626 1606 ut
1648 1560 1798 1624 perti-

463 1646 651 1686 mescat
692 1637 891 1701 aliquid,
936 1645 992 1684 ut
1027 1636 1091 1684 ad
1115 1636 1285 1684 fletum
1310 1636 1795 1702 misericordiamque

462 1717 756 1773 deducatur,
794 1715 886 1762 nisi
906 1731 1075 1762 omnes
1101 1715 1134 1761 ii
1160 1722 1338 1771 motus,
1377 1732 1499 1779 quos
1525 1724 1687 1763 orator
1712 1716 1798 1763 ad-

461 1795 631 1844 hibere
655 1795 789 1842 volet
804 1793 983 1857 judici,
1008 1795 1058 1840 in
1076 1787 1182 1858 ipso
1207 1803 1399 1842 oratore
1424 1794 1645 1858 impressi
1671 1811 1796 1853 esse,

460 1883 609 1937 atque
634 1872 784 1920 inusti
809 1872 1125 1919 videbuntur.
1214 1871 1364 1928 Quod
1390 1872 1428 1919 si
1452 1871 1596 1919 fictus
1620 1872 1794 1936 aliquis

461 1951 600 2000 dolor
625 1950 965 2015 suscipiendus
991 1957 1137 2008 esset,
1163 1957 1213 1997 et
1238 1951 1276 1997 si
1300 1950 1351 1997 in
1377 1949 1615 2014 ejusmodi
1643 1967 1794 2015 gene-

459 2046 511 2078 re
537 2030 768 2077 orationis
809 2027 931 2075 nihil
956 2036 1099 2084 esset,
1142 2028 1235 2076 nisi
1259 2027 1435 2076 falsum
1461 2035 1609 2092 atque
1633 2029 1793 2077 imita-

459 2108 595 2156 tione
621 2106 920 2164 simulatum‚
956 2104 1110 2169 inajor
1149 2122 1225 2153 ars
1249 2105 1412 2169 aliqua
1434 2100 1639 2154 forsitan
1664 2115 1794 2156 esset

461 2184 770 2247 requirenda.
854 2184 1004 2232 Nunc
1032 2201 1140 2247 ego,
1168 2184 1288 2247 quid
1311 2183 1417 2240 tibi,
1445 2183 1637 2243 Crasse,
1673 2185 1794 2248 quid

461 2261 667 2309 caeteris
710 2261 923 2319 accidat,
965 2261 1132 2309 nescio
1154 2279 1165 2308 :
1222 2261 1283 2308 de
1320 2277 1399 2308 me
1435 2270 1602 2309 autem
1644 2279 1792 2312 causa

459 2340 593 2386 nulla
632 2347 724 2398 est,
764 2357 850 2388 cur
875 2339 1008 2403 apud
1042 2338 1265 2386 homines
1289 2339 1696 2402 prudentissimos
1720 2349 1791 2389 at-

459 2435 553 2482 que
595 2418 912 2466 amicissimos
952 2417 1177 2466 mentiar.
1247 2417 1364 2464 Non
1393 2416 1675 2467 mehercule
1700 2435 1789 2467 un-

458 2511 606 2560 quam
630 2497 762 2561 apud
792 2496 1007 2560 judices,
1033 2504 1118 2544 aut
1142 2495 1380 2554 dolorem,
1405 2504 1491 2543 aut
1516 2497 1789 2546 misericor-

459 2575 608 2636 diam,
634 2584 720 2624 aut
743 2576 996 2634 invidiam,
1026 2583 1112 2623 aut
1136 2574 1305 2622 odium
1331 2574 1547 2622 excitare
1573 2575 1789 2625 dicendo

457 2656 604 2713 volui,
650 2655 767 2720 quin
809 2655 912 2719 ipse
949 2654 1001 2701 in
1027 2653 1398 2701 commovendis
1418 2652 1689 2717 judicibus,
1728 2654 1788 2703 iis

458 2735 571 2799 ipsis
611 2735 849 2793 sensibus,
888 2733 951 2781 ad
993 2749 1114 2796 quos
1155 2731 1262 2779 illos
1301 2731 1548 2780 adducere
1589 2731 1786 2797 vellem,

458 2829 786 2876 permoverer.
872 2812 1050 2876 Neque
1092 2812 1223 2859 enim
1252 2809 1397 2859 facile
1434 2818 1509 2859 est
1530 2810 1786 2876 perficere,

459 2898 515 2939 ut
539 2892 789 2950 irascatur,
812 2892 891 2942 cui
917 2899 972 2940 tu
998 2891 1135 2951 velis,
1151 2890 1329 2955 judex,
1354 2890 1392 2938 si
1411 2897 1467 2938 tu
1490 2889 1594 2954 ipse
1610 2889 1662 2938 id
1682 2888 1784 2939 len-
