2071 3508
271 1786 378 1848 95.

402 420 483 457 426
908 413 985 452 DE
1019 411 1222 452 CLARIS

401 543 521 575 vero
549 532 812 590 perspecta
852 531 928 572 est
967 522 1224 587 utriusque
1248 529 1472 570 nostrum
1497 521 1736 570 exercita-

402 606 474 654 tio
497 604 646 670 paulo
671 611 806 662 ante,
833 619 980 667 quam
1004 602 1322 667 perterritum
1347 600 1492 649 armis
1515 601 1613 649 hoc
1637 607 1736 648 stu-

404 683 557 741 dium,
597 683 770 742 Brute,
806 689 1029 729 nostrum
1067 680 1311 729 conticuit
1345 680 1523 736 subito,
1568 686 1620 728 et
1653 679 1738 727 ob-

403 762 621 810 mutuit:
661 778 775 809 cum
799 760 911 824 lege
938 759 1174 823 Pompeia
1203 758 1355 807 ternis
1396 757 1528 806 horis
1566 757 1631 806 ad
1668 756 1741 805 di-

404 841 621 890 cendum
647 839 793 898 datis,
829 838 893 886 ad
918 854 1089 886 causas
1114 837 1382 885 simillimas
1406 837 1537 885 inter
1560 853 1631 897 se,
1659 835 1740 885 vel

402 919 568 985 potius
594 917 807 974 easdem,
835 915 951 964 novi
970 915 1289 964 veniebamus
1308 915 1547 979 quotidie.
1620 914 1742 973 Qui-

402 1000 495 1046 bus
521 997 721 1061 quidem
748 996 905 1044 causis
937 1002 994 1043 tu
1019 994 1186 1053 etiam,
1230 994 1402 1052 Brute,
1444 1000 1642 1057 praesto
1664 993 1742 1042 fu-

404 1077 505 1136 isti,
531 1075 907 1140 compluresque
933 1082 984 1122 et
1008 1074 1283 1129 nobiscum,
1323 1080 1374 1120 et
1398 1072 1529 1120 solus
1565 1073 1739 1137 egisti:

407 1164 482 1215 ut,
507 1156 591 1220 qui
616 1171 716 1203 non
742 1153 856 1201 satis
883 1152 969 1200 diu
992 1152 1190 1210 vixerit,
1218 1151 1536 1209 Hortensius,
1573 1158 1745 1200 tamen

406 1236 542 1284 hunc
586 1251 786 1283 cursum
829 1231 1121 1281 confecerit.
1202 1230 1365 1279 Annis
1407 1238 1524 1279 ante
1568 1230 1744 1280 decem

410 1332 580 1364 causas
622 1331 770 1379 agere
812 1313 997 1378 coepit,
1040 1328 1187 1376 quam
1224 1319 1281 1360 tu
1320 1329 1371 1360 es
1394 1319 1573 1360 natus:
1610 1310 1746 1359 idem

410 1403 586 1460 quarto
611 1403 662 1443 et
686 1392 996 1458 sexagesimo
1021 1408 1166 1448 anno,
1193 1392 1455 1456 perpaucis
1480 1398 1596 1440 ante
1620 1406 1748 1438 mor-

411 1482 515 1522 tem
541 1474 734 1532 diebus,
773 1490 874 1521 una
907 1480 1077 1522 tecum
1103 1488 1329 1520 socerum
1353 1479 1496 1520 tuum
1522 1469 1750 1519 defendit

415 1553 654 1618 Appium.
725 1549 946 1599 Dicendi
971 1557 1136 1598 autem
1162 1567 1336 1614 genus,
1365 1549 1499 1615 quod
1522 1548 1749 1598 fueritin

416 1640 644 1695 utroque,
680 1629 928 1679 orationes
951 1629 1208 1692 utriusque
1233 1629 1383 1677 etiam
1406 1629 1616 1693 posteris
1639 1644 1750 1676 nos-

413 1712 501 1760 tris
525 1711 835 1759 indicabunt.

483 1790 599 1849 Sed,
637 1789 675 1837 si
700 1788 999 1852 quaerimuS,
1035 1803 1124 1835 cur
1159 1786 1447 1838 adolescens
1485 1786 1642 1851 magis
1664 1786 1750 1836 flo-

417 1869 572 1918 ruerit
604 1867 838 1926 dicendo,
875 1883 1021 1931 quam
1064 1866 1226 1914 senior
1264 1865 1597 1925 Hortensius余
1637 1882 1752 1914 cau-

419 1966 493 1998 sas
517 1947 818 2014 reperiemus
842 1946 1117 1995 verissimas
1143 1945 1280 1993 duas,
1354 1944 1592 2004 Primum,
1616 1945 1754 2009 quod

418 2045 576 2095 genus
619 2034 723 2075 erat
764 2025 998 2074 orationis
1042 2024 1341 2084 Asiaticum,
1388 2024 1754 2075 adolescentiae

419 2109 576 2173 magis
602 2123 912 2165 concessum,
938 2122 1085 2170 quam
1111 2104 1372 2154 senectuti.
1445 2104 1648 2153 Genera
1671 2121 1755 2153 au-

419 2195 521 2236 tem
550 2187 801 2235 Asiaticae
844 2185 1076 2233 dictionis
1113 2185 1213 2232 duo
1249 2191 1378 2232 sunt.
1450 2183 1621 2232 Unum
1646 2199 1756 2232 sen-

419 2267 689 2315 tentiosum
729 2273 780 2314 et
817 2272 1064 2329 argutum,
1104 2263 1363 2312 sententiis
1394 2279 1494 2311 non
1519 2270 1621 2310 tam
1644 2279 1755 2327 gra-

420 2346 563 2394 vibus
599 2354 650 2394 et
685 2345 883 2403 severis,
925 2359 1072 2410 quam
1115 2342 1371 2391 concinnis
1413 2349 1464 2389 et
1500 2342 1752 2392 venustis:

423 2424 579 2489 qualis
614 2425 665 2472 in
689 2424 892 2472 historia
916 2422 1186 2481 Timaeus余
1225 2421 1278 2468 in
1316 2421 1532 2470 dicendo
1567 2429 1755 2480 autem,

421 2503 587 2568 pueris
606 2503 765 2561 nobis,
793 2500 1053 2550 Hierocles
1074 2501 1410 2557 Alabandeus,
1432 2499 1588 2564 magis
1604 2499 1756 2548 etiam

426 2582 704 2642 Menecles,
741 2581 893 2630 frater
934 2581 1058 2646 ejus,
1098 2581 1225 2641 fuit余
1264 2596 1473 2644 quorum
1498 2580 1756 2643 utriusque

424 2662 670 2711 orationes
695 2670 811 2710 sunt
835 2662 886 2709 in
921 2661 1110 2727 primiS,
1145 2668 1203 2708 ut
1228 2659 1453 2708 Asiatico
1477 2659 1529 2706 in
1552 2674 1757 2723 genere,

424 2739 709 2790 laudabiles.
799 2741 955 2789 Aliud
992 2748 1159 2789 autem
1199 2755 1358 2804 genus
1399 2746 1474 2787 est
1513 2754 1615 2786 non
1653 2744 1757 2785 tam

427 2821 684 2869 sententiis
724 2820 1116 2885 frequentatum,
1157 2835 1305 2884 quam
1340 2817 1501 2867 verbis
1536 2815 1758 2873 volucre,

429 2905 576 2962 atque
599 2898 892 2959 incitatum3
932 2896 1064 2963 quali
1089 2904 1165 2946 est
1186 2912 1322 2946 nunc
1343 2894 1465 2944 Asia
1487 2901 1624 2955 tota余
1660 2907 1756 2940 nec
