2071 3508
242 773 349 835 48.

249 856 354 908 184.

247 1660 354 1700 185.

240 2921 347 2965 186.

389 435 466 472 288
870 429 948 469 DE
978 428 1250 469 ORATORE'

389 544 468 598 tes,
505 541 654 589 minas
692 540 1066 589 illius—Hunc
1107 539 1188 587 ille
1226 536 1452 587 clausulis
1478 535 1716 602 aptiorem

383 628 543 686 putat,
587 636 705 683 quas
727 618 835 666 vult
857 618 1007 682 longa
1030 617 1320 682 plerumque
1345 615 1528 681 syllaba
1551 614 1717 664 termi-

387 700 508 748 nari.
1666 702 1670 706 “

453 779 630 843 Neque
667 794 784 825 vero
825 776 948 824 haec
990 782 1091 822 tam
1130 790 1291 822 acrem
1319 791 1487 823 curam
1513 774 1720 838 diligen-

387 859 604 923 tiamque
645 856 946 913 desiderant,
1000 869 1146 917 quam
1189 861 1263 900 est
1304 853 1387 900 illa
1425 857 1717 917 poetarum3

389 955 510 1002 quos
534 936 799 985 necessitas
842 933 991 997 cogit,
1033 939 1083 979 et
1120 931 1212 995 ipsi
1253 931 1445 978 numeri
1486 947 1544 978 ac
1568 931 1719 988 modi,

388 1018 458 1065 sic
481 1017 630 1064 verba
652 1031 797 1061 versu
821 1011 1091 1069 includere,
1119 1017 1176 1057 ut
1199 1009 1321 1056 nihil
1345 1010 1421 1065 sit,
1461 1025 1523 1057 ne
1549 1009 1723 1074 spiritu

389 1096 589 1160 quidem
625 1092 845 1146 minimo,
883 1089 1079 1137 brevius
1109 1097 1194 1136 aut
1217 1088 1432 1153 longius,
1469 1105 1615 1152 quam
1639 1105 1724 1136 ne-

389 1190 523 1221 cesse
550 1180 638 1220 est.
709 1169 933 1216 Liberior
959 1175 1033 1215 est
1057 1167 1231 1226 oratio,
1258 1175 1308 1215 et
1331 1166 1493 1231 plane,
1521 1174 1578 1214 ut
1603 1166 1724 1215 dici-

387 1260 482 1308 tur,
521 1251 590 1298 sic
627 1257 678 1297 et
713 1255 806 1306 est,
842 1264 957 1295 vere
997 1246 1187 1306 soluta3
1229 1262 1329 1294 non
1365 1253 1421 1293 ut
1456 1244 1616 1309 fugiat
1651 1253 1726 1294 ta-

385 1347 500 1379 men
525 1338 612 1378 aut
635 1338 779 1383 erret,
819 1326 906 1374 sed
930 1334 986 1373 ut
1010 1326 1113 1373 sine
1138 1325 1350 1374 vinculis
1377 1324 1467 1372 sibi
1492 1325 1596 1389 ipsa
1621 1341 1724 1374 mo-

387 1412 601 1459 deretur.
706 1409 934 1471 Namque
983 1423 1078 1470 ego
1115 1405 1239 1453 illud
1280 1406 1520 1453 assentior
1561 1404 1725 1454 Theo-

385 1490 604 1555 phrasto,
640 1487 723 1552 qui
757 1494 901 1550 putat
937 1485 1227 1539 orationem,
1268 1501 1394 1548 quae
1431 1484 1631 1548 quidem
1661 1485 1724 1534 sit

386 1570 539 1634 polita
563 1576 711 1631 atque
736 1565 868 1613 facta
893 1562 1307 1629 quoddammodo,
1344 1579 1443 1611 non
1469 1563 1723 1624 adstricte,

388 1650 474 1698 sed
515 1647 760 1696 remissius
798 1661 1108 1692 numerosam
1152 1660 1254 1692 esse
1292 1652 1535 1708 oportere.
1608 1644 1723 1693 Ete-

388 1729 489 1777 nim
515 1728 644 1775 sicut
667 1725 749 1774 ille
788 1725 1077 1789 suspicatur,
1117 1740 1179 1771 ex
1215 1722 1307 1770 iilis
1333 1724 1506 1779 modis,
1545 1724 1722 1788 quibus

386 1808 467 1855 hic
509 1807 716 1855 usitatus
763 1820 930 1852 versus
979 1802 1206 1860 efficitur,
1258 1810 1369 1866 post
1411 1811 1722 1867 anapaestus,

384 1886 635 1950 procerior
676 1883 875 1948 quidam
918 1899 1168 1941 numerus,
1206 1881 1450 1940 effloruit3
1496 1882 1612 1930 inde
1637 1881 1720 1930 ille

384 1965 612 2014 licentior
650 1971 700 2012 et
743 1963 940 2010 divitior
981 1961 1125 2008 fluxit
1167 1961 1536 2025 dithyrambus:
1582 1960 1722 2025 cujus

383 2046 603 2094 membra
628 2052 678 2092 et
702 2043 871 2107 pedes,
908 2050 963 2089 ut
988 2041 1055 2089 ait
1080 2041 1233 2100 idem,
1270 2050 1383 2088 sunt
1419 2041 1468 2087 in
1495 2041 1629 2088 omni
1653 2040 1722 2089 lo-

384 2124 569 2188 cupleti
611 2123 832 2170 oratione
858 2121 1049 2169 diffusa.
1122 2120 1205 2178 Et,
1243 2121 1280 2166 si
1306 2136 1621 2167 numerosum
1648 2126 1722 2168 est

384 2204 435 2251 id
460 2204 510 2249 in
535 2202 761 2250 omnibus
801 2201 930 2247 sonis
972 2208 1120 2262 atque
1157 2199 1378 2256 vocibus,
1413 2198 1546 2262 quod
1569 2198 1720 2247 habet

384 2281 619 2346 quasdam
643 2279 1000 2343 impressiones,
1040 2287 1091 2325 et
1117 2278 1250 2341 quod
1275 2277 1436 2325 metiri
1461 2293 1718 2341 possumus

383 2359 649 2408 intervallis
691 2358 992 2422 aequalibus,
1044 2365 1181 2404 recte
1217 2373 1374 2420 genus
1409 2356 1504 2404 hoc
1547 2372 1718 2404 nume-

383 2456 566 2497 rorum,
621 2436 890 2485 dummodo
928 2452 990 2483 ne
1029 2436 1319 2483 continuum
1346 2435 1422 2491 sit,
1466 2435 1515 2481 in
1542 2435 1719 2484 oratio-

382 2519 457 2566 nis
498 2517 644 2564 laude
685 2523 913 2580 ponetur.
1001 2514 1130 2561 Nam
1174 2514 1211 2560 si
1253 2514 1389 2561 rudis
1422 2522 1470 2561 et
1497 2513 1721 2578 impolita

382 2596 603 2662 putanda
628 2602 702 2643 est
725 2594 808 2641 illa
833 2594 935 2641 sine
957 2592 1225 2641 intervallis
1249 2591 1521 2656 loquacitas
1544 2609 1717 2657 peren-

383 2676 457 2723 nis
483 2685 533 2724 et
556 2675 822 2740 profluens,
859 2673 978 2737 quid
1015 2681 1088 2720 est
1124 2672 1256 2719 aliud
1294 2688 1485 2728 causae,
1524 2688 1612 2719 cur
1632 2665 1716 2721 're-

381 2755 632 2818 pudietur,
668 2754 761 2802 nisi
802 2753 937 2820 quod
976 2752 1232 2800 hominum
1268 2767 1408 2799 aures
1432 2767 1606 2799 vocem
1631 2767 1713 2799 na-

382 2842 493 2881 tura
516 2833 834 2882 modulantur
869 2832 1006 2897 ipsa?
1044 2831 1177 2895 quod
1200 2830 1322 2889 fieri,
1359 2829 1451 2878 nisi
1474 2829 1602 2878 inest
1625 2846 1714 2877 nu-

383 2928 545 2961 merus
569 2913 621 2961 in
643 2929 783 2970 voce,
820 2928 921 2961 non
945 2918 1124 2976 potest.
1196 2910 1445 2959 Numerus
1469 2917 1634 2959 autem
1658 2908 1709 2956 in
