2071 3508
730 412 1119 453 PARTITIONES.
1512 417 1590 456 457

262 524 476 590 quodam
502 522 638 589 quasi
662 523 927 570 verborum
952 519 1118 568 modo.
1190 517 1594 585 Adhibendaque

260 603 570 670 frequentius
611 602 761 651 etiam
802 600 886 648 illa
926 605 1217 648 ornamenta
1255 615 1418 646 rerum
1461 610 1594 662 sunt,

263 683 365 730 sive
390 697 514 745 quae
549 678 869 734 admirabilia,
912 685 963 726 et
1000 677 1338 741 nec-opinata,
1377 678 1478 727 sive
1503 681 1598 744 sig-

263 759 460 807 nificata
499 757 750 816 monstris,
797 756 1054 822 prodigiis,
1103 763 1154 804 et
1201 755 1441 804 oraculis:
1497 758 1598 806 sive

263 853 390 901 quae
427 836 729 884 videbuntur
768 836 831 894 ei,
871 835 931 883 de
975 853 1073 899 quo
1114 835 1325 899 agimus,
1362 836 1600 885 accidisse

263 914 432 963 divina
467 922 615 978 atque
640 913 824 962 fatalia.
918 913 1096 963 Omnis
1133 915 1260 963 euin]
1292 917 1600 979 exspectatio

264 992 389 1058 ejus,
425 994 510 1058 qui
534 994 692 1053 audit,
729 1002 780 1042 et
805 993 1084 1052 admiratio,
1122 1002 1172 1042 et
1209 994 1460 1058 improvisi
1500 996 1601 1043 exi-

264 1081 359 1130 tus,
398 1073 584 1121 habent
609 1073 822 1138 aliquam
850 1074 899 1120 in
925 1073 1173 1121 audiendo
1194 1073 1516 1138 voluptatem.

333 1153 432 1202 Sed
458 1152 690 1216 quoniam
728 1152 778 1199 in
810 1152 966 1200 tribus
995 1152 1262 1216 generibus
1291 1154 1423 1202 bona
1457 1154 1604 1203 mala·
1637 1143 1747 1204 QQ·

266 1250 329 1282 ve
347 1242 623 1293 versantur,
650 1233 887 1293 externis,
908 1234 1143 1298 corporis,
1164 1242 1214 1282 et
1238 1234 1420 1296 animi;
1446 1236 1606 1300 prima

269 1321 385 1362 sunt
405 1323 625 1371 externa,
648 1331 773 1378 quae
794 1314 1047 1362 ducuntur
1071 1331 1097 1361 a
1121 1330 1336 1378 genere:
1376 1332 1474 1379 quo
1497 1318 1606 1366 bre-

270 1393 398 1441 viter
438 1394 734 1458 modiceque
775 1393 996 1452 laudato,
1039 1401 1143 1453 aut,
1185 1394 1225 1441 si
1268 1394 1360 1442 erit
1401 1395 1606 1458 infame,

268 1473 648 1537 praetermisso3
690 1473 728 1520 si
765 1472 970 1531 humile,
1011 1472 1090 1520 vel
1113 1474 1399 1537 praeterito,
1441 1475 1521 1523 vel
1545 1477 1610 1524 ad

272 1552 552 1617 augendam
594 1551 713 1616 ejus,
753 1569 900 1616 quem
940 1551 1132 1611 laudas,
1167 1552 1394 1616 gloriam,
1431 1562 1606 1617 tact03

274 1632 529 1696 deinceps,
566 1632 605 1680 si
629 1648 706 1679 res
729 1632 969 1696 patietur,
1005 1632 1068 1679 de
1092 1631 1305 1680 fortunis
1330 1633 1441 1693 erit,
1467 1643 1518 1683 et
1540 1634 1612 1684 fa-

274 1712 551 1761 cultatibus·
583 1711 894 1760 dicendum:
945 1720 1119 1777 postea
1162 1712 1224 1761 de
1267 1713 1486 1778 corporis
1526 1715 1614 1764 bo-

274 1792 382 1852 nis3
421 1792 473 1838 in
510 1791 690 1855 quibus
715 1791 937 1854 quidem,
974 1808 1100 1855 quae
1127 1792 1362 1840 virtutem
1398 1794 1613 1844 maxime

277 1871 543 1938 significat,
568 1869 803 1918 facillime
827 1869 986 1918 forma
1008 1869 1254 1920 laudatur.
1314 1872 1517 1921 Deinde
1543 1884 1617 1923 est

278 1952 344 2001 ad
366 1949 500 1999 facta
522 1949 845 2007 veniendum,
888 1966 1098 2014 quorum
1136 1949 1399 1999 collocatio
1434 1951 1617 2017 triplex

280 2040 371 2080 est.
445 2029 553 2077 Aut
595 2028 727 2076 enim
769 2035 1049 2093 temporum
1081 2029 1349 2077 servandus
1376 2038 1450 2078 est
1475 2032 1615 2091 ordo,

282 2118 368 2159 aut
407 2110 457 2156 in
500 2108 669 2173 primis
718 2108 1113 2156 recentissimum
1162 2109 1395 2173 quodque
1449 2110 1616 2159 dicen-

283 2190 419 2246 dum,
457 2198 543 2236 aut
583 2186 738 2234 multa
763 2198 813 2235 et
837 2188 971 2234 varia
1011 2186 1146 2236 facta
1171 2189 1222 2235 in
1246 2189 1444 2253 propria
1468 2191 1619 2238 virtu-

282 2278 391 2317 tum
414 2283 600 2333 genera
624 2274 740 2313 sunt
766 2265 1041 2330 dirigenda.
1115 2267 1214 2316 Sed
1248 2267 1330 2315 hic
1364 2267 1502 2316 locus
1526 2270 1621 2316 vir-

284 2356 450 2398 tutum
488 2354 636 2410 atque
661 2345 894 2393 vitiorum
919 2346 1154 2395 latissime
1178 2355 1373 2412 patens,
1417 2364 1479 2396 ex
1499 2348 1622 2396 mul-

287 2428 350 2477 tis
387 2434 437 2475 et
466 2424 612 2474 variis
649 2423 1066 2488 disputationibus
1104 2441 1240 2473 nunc
1280 2426 1333 2472 in
1372 2426 1621 2490 quandam

288 2513 548 2570 angustam
592 2511 642 2551 et
682 2503 884 2551 brevem
928 2503 1272 2552 concludetur.
1344 2503 1434 2552 Est
1470 2505 1623 2569 igitur

290 2587 362 2636 vis
386 2582 581 2634 virtutis
602 2580 803 2645 duplex.
878 2582 986 2631 Aut
1011 2582 1143 2630 enim
1169 2582 1378 2631 scientia
1402 2584 1623 2632 cernitur

288 2667 464 2722 vil-ms,
489 2669 575 2710 aut
599 2660 812 2708 actione.
864 2660 1012 2719 Nam,
1038 2678 1163 2725 quae
1187 2661 1470 2726 prudentia,
1496 2679 1622 2728 quae

291 2745 555 2806 calliditas,
592 2763 816 2812 quaeque
840 2746 1129 2811 gravissimo
1153 2747 1354 2796 nomine
1384 2748 1625 2812 sapientia

291 2825 586 2891 appellatur,
611 2826 736 2874 haec
763 2825 971 2873 scientia
994 2825 1150 2890 pollet
1173 2842 1288 2875 una.
1345 2826 1488 2883 Quae
1506 2844 1626 2876 vero

294 2905 608 2955 moderandis
663 2904 1035 2971 cupiditatibus,
1098 2905 1426 2971 regendisque
1475 2906 1624 2956 animi
