2071 3508
281 897 387 959 37.

416 410 495 447 354
930 406 1007 445 DE
1036 404 1238 446 CLARIS

419 514 609 565 dudum
650 515 715 565 ad
759 515 1151 564 Demosthenem
1199 521 1250 561 et
1298 511 1627 577 Hyperidem,
1674 508 1744 557 sic

419 611 555 643 nunc
597 595 660 643 ad
702 594 979 643 Antonium
1023 593 1350 656 Crassumque
1395 588 1746 655 pervenimus?

420 674 550 722 Nam
578 690 672 738 ego
697 673 766 721 sic
796 673 1038 728 existimo,
1075 671 1164 719 hos
1184 679 1399 719 oratores
1422 669 1571 716 fuisse
1595 665 1750 713 maxi-

421 771 546 813 mos,
589 762 640 802 et
673 753 724 800 in
767 753 839 800 his
873 752 1085 817 primum
1124 767 1236 799 cum
1263 749 1569 798 Graecorum
1593 745 1750 810 gloria

423 833 602 881 Latine
628 831 826 880 dicendi
854 828 1045 893 copiam
1070 836 1343 892 aequatam.

492 911 675 960 Omnia
698 909 964 957 veniebant
988 907 1210 954 Antonio
1234 907 1285 953 in
1310 914 1554 963 mentem3
1595 919 1752 967 eaque

425 1006 513 1038 suo
539 1004 762 1052 quaeque
786 987 917 1045 loco,
941 986 1026 1034 ubi
1050 984 1315 1050 plurimum
1340 984 1578 1049 proficere
1597 991 1648 1031 et
1671 998 1752 1030 va-

423 1067 525 1116 lere
548 1074 766 1132 possent.
821 1065 894 1113 Ut
911 1066 970 1112 ab
991 1065 1284 1128 imperatore
1311 1064 1518 1127 equites,
1541 1061 1754 1126 pedites,

423 1145 546 1195 levis
570 1152 849 1202 armatura3
889 1144 958 1191 sic
995 1143 1054 1190 ab
1092 1143 1176 1189 illo
1210 1143 1260 1189 in
1286 1144 1499 1189 maxime
1524 1148 1756 1205 opportu-

426 1225 502 1272 nis
518 1223 752 1272 orationis
766 1223 985 1287 partibus
1006 1221 1390 1269 collocabantur.
1438 1221 1559 1269 Erat
1573 1236 1756 1268 memo-

428 1303 500 1351 ria
524 1318 727 1358 summa,
767 1300 901 1349 nulla
936 1301 1270 1348 meditationis
1295 1299 1525 1364 suspicio.
1597 1298 1758 1363 Impa-

428 1390 562 1430 ratus
601 1397 793 1445 semper
833 1380 1037 1444 aggredi
1073 1380 1137 1428 ad
1172 1380 1439 1428 dicendum
1463 1365 1757 1427 videbatur:

431 1461 602 1511 sedita
621 1469 730 1508 erat
748 1467 964 1524 paratUS,
988 1467 1045 1507 ut
1060 1458 1275 1523 judices,
1299 1458 1383 1506 illo
1403 1458 1617 1514 dicente,
1639 1473 1761 1505 non-

430 1555 683 1605 nunquam
707 1539 996 1587 viderentur
1031 1554 1131 1584 non
1167 1538 1282 1584 satis
1317 1537 1478 1601 parati
1499 1536 1561 1584 ad
1586 1552 1761 1584 caven-

432 1620 553 1668 dum
577 1619 741 1666 fuisse.
812 1617 981 1665 Verba
1019 1616 1137 1679 ipsa,
1180 1632 1279 1663 non
1318 1615 1400 1663 illa
1437 1614 1760 1679 quidem-ele-

431 1682 721 1764 gantissimo
746 1710 971 1743 sermone
993 1712 1004 1742 :
1043 1694 1210 1757 itaque
1237 1693 1500 1757 diligenter
1522 1693 1759 1758 loquendi

429 1776 577 1825 laude
603 1775 794 1824 caruit:
832 1790 993 1837 neque
1018 1781 1185 1821 tamen
1210 1780 1285 1820 est
1309 1772 1574 1820 admodum
1600 1772 1759 1837 inqui-

431 1864 547 1904 nate
570 1855 800 1903 locutus:
839 1852 927 1900 sed
961 1851 1060 1910 illa,
1097 1868 1221 1915 quae
1256 1852 1451 1916 proprie
1474 1852 1580 1899 laus
1604 1859 1762 1900 orato-

431 1935 496 1982 ris
522 1941 597 1982 est
619 1934 671 1980 in
695 1931 870 1980 verbis.
943 1931 1073 1978 Nam
1097 1930 1256 1995 ipsum
1283 1930 1461 1978 Latine
1496 1929 1648 1995 loqui,
1687 1922 1760 1979 est

430 2013 556 2061 illud
579 2011 799 2076 quidem,
824 2018 879 2058 ut
902 2009 1050 2074 paulo
1074 2017 1189 2057 ante
1207 2009 1327 2068 dixi,
1343 2010 1393 2056 in
1413 2026 1593 2074 magna
1615 2000 1762 2058 laude

430 2091 719 2157 ponendum
739 2108 750 2137 ι
778 2088 866 2137 sed
890 2104 990 2135 non
1014 2095 1115 2134 tam
1135 2104 1222 2135 sua
1246 2095 1435 2151 sponte,
1464 2103 1610 2152 quam
1630 2088 1763 2153 quod

433 2178 508 2219 est
533 2187 561 2217 a
583 2168 828 2232 plerisque
853 2165 1154 2229 neglectum.
1206 2166 1318 2213 Non
1346 2167 1477 2214 enim
1502 2175 1603 2214 tam
1626 2183 1765 2231 prae-

435 2248 622 2298 clarum
664 2253 738 2293 est
780 2244 905 2292 scire
947 2243 1143 2301 Latine,
1187 2260 1331 2307 quam
1369 2253 1512 2308 turpe
1536 2245 1760 2294 nescire:

434 2342 597 2390 neque
620 2332 723 2372 tam
747 2323 798 2370 id
823 2322 941 2369 mihi
967 2321 1170 2369 oratoris
1194 2322 1330 2380 boni,
1351 2339 1497 2385 quam
1523 2323 1642 2370 civis
1662 2323 1763 2371 Ro-

435 2404 568 2452 mani
604 2401 856 2467 proprium
892 2400 1102 2448 videtur.
1174 2399 1272 2447 Sed
1306 2408 1472 2448 tamen
1512 2400 1762 2449 Antonius

434 2484 486 2532 in
510 2481 672 2531 verbis
697 2487 748 2528 et
781 2479 1040 2543 eligendis,
1077 2481 1264 2543 (neque
1300 2479 1352 2526 id
1386 2480 1544 2544 ipsum
1571 2488 1672 2528 tam
1695 2480 1763 2528 le-

433 2562 566 2628 poris
593 2575 758 2617 causa,
797 2575 943 2622 quam
978 2557 1234 2621 ponderis)
1272 2566 1323 2606 et
1359 2557 1674 2616 collocandis,
1713 2566 1761 2608 et

436 2637 875 2705 comprehensione
901 2636 1259 2695 devinciendis,
1295 2636 1416 2684 nihil
1440 2653 1540 2685 non
1564 2637 1628 2685 ad
1650 2637 1763 2686 rati-

435 2735 600 2777 onem,
642 2725 694 2765 et
728 2725 962 2780 tanquam
998 2715 1061 2762 ad
1096 2725 1252 2763 arteni
1278 2715 1553 2779 dirigebat:
1590 2732 1762 2764 verum

435 2796 592 2850 multo
633 2796 790 2861 magis
830 2795 925 2843 hoc
968 2794 1100 2843 idem
1139 2794 1189 2841 in
1228 2794 1582 2845 sententiarum
1623 2810 1762 2842 orna-

434 2875 613 2925 mentis
651 2882 702 2924 et
737 2872 1228 2925 conformationibus.
1297 2873 1412 2931 Quo
1435 2889 1618 2938 genere
1643 2871 1758 2937 quia
