2071 3508
309 1227 416 1267 153.

311 1681 414 1743 34.

313 1775 421 1816 154.

438 415 490 451 48
905 411 981 451 DE
1011 411 1277 451 ORATORE

439 520 626 569 toribus
661 519 908 580 efficiunt3
951 535 1113 585 neque
1151 537 1208 569 ea
1242 520 1515 585 quisquam,
1550 518 1641 566 nisi
1677 518 1763 567 diu

441 598 750 662 multumque
775 599 1078 663 scriptitarit,
1113 599 1303 647 etiamsi
1337 598 1764 646 vehementissime

443 693 493 724 se
531 677 581 724 in
621 678 696 725 his
738 678 908 726 subitis
944 677 1242 726 dictionibus
1278 676 1572 734 exercuerit,
1598 692 1766 723 conse-

442 763 653 819 quetur:
693 763 743 804 et
779 756 863 819 qui
901 772 929 803 a
960 755 1204 803 scribendi
1229 754 1586 802 consuetudine
1611 754 1674 801 ad
1697 754 1768 802 di-

444 834 658 880 cendum
682 834 836 892 venit,
871 833 999 880 hanc
1024 832 1162 880 affert
1184 831 1491 890 facultatem,
1521 840 1604 893 ut,
1620 832 1769 879 etiam

443 910 605 958 subito
630 910 668 957 si
693 911 845 968 dicat,
869 918 1035 958 tamen
1058 910 1157 968 illa,
1178 926 1301 973 quae
1327 910 1572 968 dicantur,
1597 909 1772 958 similia

444 988 736 1053 scriptorum
762 1005 865 1037 esse
888 989 1179 1047 videantur,
1208 996 1354 1052 atque
1381 988 1545 1046 etiam,
1563 988 1601 1035 si
1621 1004 1772 1052 quan-

445 1067 509 1114 do
533 1068 583 1113 in
604 1066 816 1114 dicendo
841 1067 1076 1130 scriptum
1101 1066 1321 1114 attulerit
1346 1066 1544 1131 aliquid,
1573 1083 1686 1114 cum
1711 1068 1771 1115 ab

445 1161 504 1192 eo
529 1145 823 1202 discesserit,
847 1144 1034 1207 reliqua
1057 1144 1223 1192 similis
1248 1146 1402 1192 oratio
1428 1153 1771 1209 consequetur.

448 1222 520 1270 Ut
544 1223 794 1269 concitato
818 1222 1033 1285 navigio,
1065 1239 1178 1270 cum
1203 1224 1412 1287 remiges
1436 1224 1775 1284 inhibuerunt,

447 1300 629 1348 retinet
652 1307 819 1348 tamen
842 1300 947 1363 ipsa
971 1300 1106 1347 navis
1125 1308 1314 1348 motum
1331 1310 1381 1349 et
1400 1319 1596 1349 cursum
1612 1319 1775 1362 suum,

447 1378 724 1427 intermisso
764 1379 954 1443 impetu
993 1378 1235 1443 pulsuque
1282 1396 1558 1427 remorum:
1609 1380 1678 1427 sic
1724 1381 1777 1428 in

448 1457 669 1505 oratione
692 1466 948 1522 perpetua,
987 1474 1099 1505 cum
1125 1458 1306 1522 scripta
1331 1458 1585 1517 deficiunt,
1609 1476 1777 1522 parem

448 1543 615 1584 tamen
640 1536 831 1584 obtinet
854 1537 1009 1584 oratio
1034 1536 1220 1599 reliqua
1244 1553 1460 1595 cursum,
1485 1538 1778 1602 scriptorum

449 1614 768 1662 similitudine
794 1622 845 1662 et
866 1615 916 1662 vi
940 1615 1202 1663 concitata.

519 1693 580 1740 In
617 1693 912 1757 quotidianis
948 1702 1113 1741 autem
1144 1694 1526 1758 cogitationibus
1551 1696 1779 1759 equidem

453 1772 573 1819 mihi
597 1771 992 1820 adolescentulus
1015 1789 1289 1836 proponere
1309 1773 1523 1820 solebam
1547 1773 1679 1821 illam
1700 1791 1781 1822 ex-

453 1851 793 1899 ercitationem
835 1851 1066 1910 maxime,
1110 1868 1206 1916 qua
1243 1851 1299 1899 C.
1337 1851 1633 1911 Carbonem,
1671 1869 1781 1900 nos-

452 1936 584 1976 trum
607 1929 745 1976 illum
769 1928 1043 1987 inimicum,
1081 1928 1277 1977 solitum
1316 1946 1420 1977 esse
1450 1931 1522 1977 uti
1548 1931 1781 1990 sciebam,

454 2016 528 2066 ut,
567 2015 652 2055 aut
687 2007 906 2055 versibus
935 2007 1194 2071 propositis
1220 2024 1364 2071 quam
1389 2009 1601 2056 maxime
1625 2010 1782 2073 gravi-

454 2087 564 2144 bus,
581 2094 666 2133 aut
680 2086 901 2133 oratione
918 2085 1079 2149 aliqua
1096 2084 1228 2133 lecta
1246 2085 1308 2133 ad
1325 2102 1437 2133 eum
1453 2085 1619 2145 finem,
1636 2103 1783 2151 quem

455 2164 691 2211 memoria
729 2180 922 2227 possem
961 2163 1397 2226 comprehendere,
1433 2181 1539 2211 eam
1575 2182 1679 2213 rem
1715 2166 1785 2230 ip-

458 2258 560 2289 sam
598 2258 744 2305 quam
784 2241 1030 2304 legissem,
1065 2242 1224 2289 verbis
1254 2241 1357 2288 aliis
1391 2259 1533 2305 quam
1572 2244 1785 2292 maxime

456 2336 649 2386 possem
673 2319 832 2377 lectis,
859 2320 1244 2382 pronuntiarem.
1316 2320 1413 2367 Sed
1436 2328 1548 2383 post
1571 2321 1786 2369 animad-

458 2398 602 2456 verti,
626 2398 721 2445 hoc
747 2414 850 2445 esse
874 2398 925 2443 in
950 2398 1044 2445 hoc
1069 2398 1194 2455 vitii,
1233 2398 1365 2461 quod
1390 2415 1447 2446 ea
1470 2400 1637 2458 verba,
1661 2416 1786 2463 quae

460 2477 672 2524 maxime
698 2476 933 2540 cujusque
957 2477 1027 2523 rei
1050 2476 1261 2540 propria,
1279 2493 1500 2540 quaeque
1526 2484 1690 2532 essent
1714 2494 1786 2525 or-

460 2555 710 2603 natissima
734 2561 881 2618 atque
917 2555 1120 2618 optima,
1156 2562 1448 2618 occupasset
1470 2562 1556 2602 aut
1580 2555 1787 2615 Ennius,

461 2634 500 2682 si
525 2633 588 2681 ad
612 2632 715 2696 ejus
739 2649 905 2680 versus
940 2649 1020 2680 me
1056 2649 1358 2691 exercerem,
1394 2641 1479 2680 aut
1512 2633 1788 2694 Gracchus,

463 2712 501 2761 si
527 2711 629 2775 ejus
653 2712 925 2760 orationem
955 2711 1075 2759 mihi
1111 2710 1239 2759 forte
1273 2711 1662 2777 proposuissem:
1700 2713 1787 2772 ita,

464 2790 503 2839 si
540 2790 711 2837 iisdem
749 2790 908 2838 verbis
943 2797 1126 2848 uterer,
1160 2789 1282 2837 nihil
1304 2789 1564 2854 prodesse:
1603 2790 1641 2837 si
1666 2790 1794 2850 aliis,

465 2866 612 2921 etiam
636 2869 826 2927 obesse,
861 2884 975 2917 cum
1010 2868 1170 2916 minus
1193 2868 1383 2918 idoneis
1406 2867 1479 2917 uti
1504 2884 1789 2921 consuesce·
