2071 3508
345 703 443 762 10.

356 795 433 836 39.

357 1256 437 1294 40.

357 1887 436 1926 41.

364 2437 439 2476 42.

465 441 512 475 Μ
935 436 1010 475 DE
1040 434 1311 476 ORATORE

461 544 668 604 natrice,
700 552 756 592 ut
779 545 865 603 aiS,
900 545 1170 600 civitatum,
1198 541 1495 607 eloquentia,
1519 537 1782 605 rempubli1

463 640 570 671 cam
596 623 966 687 dissipaverunt.

554 702 725 759 Quid?
760 702 894 766 leges
940 709 1149 759 vetereS,
1207 715 1463 762 moresque
1510 696 1783 761 majorum?

464 780 582 844 quid
600 781 616 827 ?
641 781 873 844 auspicia,
894 780 1067 844 quibus
1087 787 1136 826 et
1156 795 1266 842 ego,
1293 785 1342 825 et
1359 786 1432 835 tu,
1454 776 1644 834 Crasse,
1669 790 1782 824 cum

465 875 643 922 magna
666 858 962 923 reipublicae
989 857 1142 905 salute
1167 872 1450 920 praesumus
1471 856 1487 903 ?
1524 854 1675 917 quid?
1711 869 1784 900 re-

462 936 670 999 ligiones
691 944 741 983 et
760 935 1093 983 caeremoniae
1113 935 1128 981 ?
1154 933 1305 997 quid?
1330 933 1452 980 haec
1469 932 1582 996 jura
1606 930 1782 986 civilia,

465 1031 590 1078 quae
613 1014 908 1077 jampridem
941 1013 992 1059 in
1024 1020 1188 1059 nostra
1218 1010 1402 1058 familia
1434 1011 1536 1058 sine
1564 1009 1665 1056 ulla
1689 1007 1785 1055 elo-

467 1093 696 1155 quentiae
721 1092 865 1139 laude
885 1098 1157 1148 versantur,
1183 1106 1299 1136 num
1325 1097 1410 1136 aut
1433 1089 1635 1135 inventa
1652 1092 1785 1144 sunt,

467 1177 553 1215 aut
588 1170 805 1231 cognita,
846 1178 930 1215 aut
971 1169 1170 1215 omnino
1212 1168 1272 1214 ab
1314 1174 1562 1214 oratorum
1602 1180 1785 1228 genere

466 1254 675 1293 tractata
696 1246 711 1293 ?
749 1246 993 1308 Equidem
1020 1253 1069 1291 et
1094 1245 1195 1291 Ser.
1223 1244 1433 1292 Galbam
1458 1243 1692 1291 memoria
1715 1250 1786 1289 te-

467 1341 577 1381 neo,
605 1324 826 1371 divinum
850 1323 1099 1370 hominem
1124 1323 1172 1368 in
1194 1322 1425 1379 dicendo,
1451 1330 1502 1368 et
1523 1321 1595 1368 M.
1619 1320 1786 1368 Aemi-

464 1403 584 1450 lium
613 1402 888 1459 Porcinam,
915 1409 965 1448 et
984 1402 1040 1448 C.
1068 1401 1224 1464 ipsum
1247 1400 1538 1454 Carbonem,
1567 1415 1713 1462 quem
1731 1406 1787 1446 tu

465 1479 861 1529 adolescentulus
880 1479 1149 1543 perculisti,
1174 1479 1400 1542 ignarum
1424 1479 1610 1542 legum,
1634 1477 1788 1524 haesi-

465 1567 653 1608 tantem
679 1559 729 1605 in
754 1557 991 1622 majorum
1017 1557 1270 1615 institutis,
1304 1557 1476 1604 rudem
1509 1556 1559 1602 in
1583 1555 1696 1618 jure
1722 1556 1787 1602 ci-

464 1639 580 1686 vili:
625 1645 676 1685 et
712 1637 834 1684 haec
873 1644 1005 1683 aetas
1043 1644 1221 1690 nostra,
1265 1642 1459 1698 praeter
1496 1642 1561 1689 te,
1597 1633 1788 1692 Crasse,

465 1719 567 1782 qui,
591 1725 678 1765 tuo
703 1715 857 1778 magis
882 1714 1060 1769 studio,
1088 1729 1232 1777 quam
1257 1714 1453 1777 proprio
1478 1729 1683 1761 munere
1705 1712 1788 1760 ali-

465 1814 562 1861 quo
582 1796 889 1851 disertorum,
908 1794 990 1859 jus
1015 1812 1042 1842 a
1066 1794 1205 1842 nobis
1229 1794 1370 1842 civile
1397 1793 1630 1852 didicisti,
1656 1793 1788 1857 quod

465 1874 715 1923 interdum
732 1873 936 1937 pudeat,
953 1872 1077 1936 juris
1096 1872 1265 1935 ignara
1286 1880 1374 1919 est.
1436 1870 1586 1928 Quod
1603 1888 1719 1919 vero
1737 1871 1788 1918 in

467 1961 688 2001 extrema
711 1952 949 2009 oratione,
987 1950 1122 2014 quasi
1146 1958 1233 1998 tuo
1253 1949 1384 2014 jure,
1421 1949 1650 2008 sumsisti,
1686 1966 1790 1997 ora-

466 2040 625 2080 torem
649 2031 701 2077 in
725 2030 882 2078 omnis
908 2029 1142 2077 sermonis
1169 2028 1499 2092 disputatione
1521 2027 1789 2091 copiosissi-

467 2126 546 2157 me
569 2125 711 2173 posse
735 2108 934 2166 versari,
969 2108 1039 2166 id,
1075 2107 1167 2154 nisi
1195 2107 1276 2154 hic
1302 2107 1352 2153 in
1376 2114 1463 2154 tuo
1488 2121 1641 2169 regno
1667 2122 1791 2154 esse·

467 2205 593 2245 mus,
640 2203 740 2234 non
786 2186 1025 2244 tulissem,
1071 2185 1335 2247 multisque
1382 2191 1576 2248 praesto
1617 2200 1788 2240 essem,

469 2266 553 2331 qui
588 2273 673 2313 aut
707 2264 972 2312 interdicto
1007 2271 1175 2311 tecum
1211 2262 1588 2319 contenderent,
1624 2270 1710 2308 aut
1739 2269 1792 2309 te

470 2361 530 2392 ex
573 2344 686 2408 jure
734 2359 882 2390 manu
930 2350 1210 2390 consertum
1256 2348 1508 2398 vocarent,
1561 2339 1694 2403 quod
1739 2340 1790 2386 in

471 2423 650 2471 alienas
689 2421 1016 2486 possessiones
1055 2429 1154 2467 tam
1192 2428 1378 2467 temere
1415 2418 1650 2465 irruisses.
1721 2418 1790 2465 A-

470 2508 644 2565 gerent
691 2500 822 2548 enim
868 2508 1035 2547 tecum
1082 2499 1192 2562 lege
1237 2498 1449 2562 primum
1493 2496 1792 2562 Pythagorei

472 2597 640 2627 omnes
687 2587 834 2642 atque
882 2577 1227 2634 Democritici,
1281 2575 1559 2639 caeterique
1605 2575 1657 2621 in
1704 2591 1792 2622 suo

473 2674 653 2720 genere
688 2657 883 2722 Physici
921 2655 1246 2712 vindicarent,
1285 2654 1443 2701 ornati
1481 2653 1702 2700 homines
1739 2651 1791 2698 in

474 2735 685 2782 dicendo
721 2744 771 2783 et
801 2751 992 2799 graves,
1025 2734 1315 2797 quibuscum
1351 2732 1439 2779 tibi
1465 2731 1602 2794 justo
1637 2746 1793 2778 sacra-

473 2819 644 2860 mento
665 2812 965 2860 contendere
990 2828 1089 2859 non
1120 2810 1306 2858 liceret.
1378 2810 1626 2873 Urgerent
1656 2823 1794 2872 prae-

472 2897 607 2937 terea
645 2889 1044 2954 philosophorum
1085 2904 1278 2954 greges,
1316 2886 1420 2951 jam
1461 2887 1521 2934 ab
1561 2885 1645 2933 illo
1683 2884 1791 2932 fon-
