2071 3508
742 381 911 420 LIBER
940 380 1247 422 SECUNDUS.
1605 389 1658 427 99

319 511 433 543 cum
458 491 622 542 omnia
643 492 899 556 gymnasia
921 491 1201 557 philosophi
1226 498 1450 551 teneant,
1485 501 1654 547 tamen

318 588 487 621 eorum
524 569 773 619 auditores
816 571 1008 619 discum
1045 571 1234 630 audire,
1271 588 1416 635 quam
1441 573 1655 637 philoso-

315 651 488 716 phum,
524 649 750 710 malunt3
791 651 874 716 qui
911 650 1055 699 simul
1090 658 1147 699 ut
1175 651 1441 716 increpuit,
1477 653 1528 700 in
1554 671 1655 703 me-

315 729 396 777 dia
420 729 641 778 oratione
668 729 729 778 de
754 729 981 778 maximis
1001 731 1147 778 rebus
1168 736 1217 778 et
1236 730 1534 794 gravissimis
1560 733 1656 781 dis-

311 815 572 871 putantem
613 808 961 873 philosophum
1000 824 1170 856 omnes
1213 808 1464 857 unctionis
1506 828 1655 861 causa

312 886 632 951 relinquunt:
684 888 755 936 ita
788 887 1084 936 levissimam
1121 886 1506 938 delectationem
1544 908 1654 955 gra-

312 965 557 1026 vissimae,
610 975 667 1016 ut
708 968 799 1032 ipsi
840 966 1027 1027 ferunt,
1081 967 1284 1016 utilitati
1323 977 1651 1034 anteponunt.

312 1045 489 1095 Otium
514 1056 681 1097 autem
708 1048 842 1114 quod
867 1048 990 1098 dicis
1016 1065 1140 1108 esse,
1170 1049 1441 1098 assentior:
1479 1067 1652 1098 verum
1681 1061 1762 1102 22.

311 1126 399 1174 otii
423 1125 617 1176 fructus
643 1136 736 1188 est,
769 1145 869 1176 non
896 1128 1153 1177 contentio
1178 1129 1348 1187 animi,
1385 1129 1473 1177 sed
1497 1129 1653 1178 relax-

311 1205 426 1254 atio.
499 1207 656 1272 Saepe
699 1222 762 1256 ex
798 1224 970 1256 socero
1006 1224 1118 1255 meo
1155 1207 1340 1267 audivi,
1378 1225 1491 1256 cum
1516 1209 1556 1257 is
1581 1208 1652 1256 di·
1685 1199 1747 1260 6,

311 1293 466 1346 ceret,
503 1304 728 1335 socerum
754 1304 896 1335 suum
923 1286 1149 1335 Laelium
1176 1304 1370 1352 semper
1392 1288 1497 1336 fere
1537 1305 1652 1336 cum

312 1363 543 1430 Scipione
569 1367 768 1415 solitum
793 1367 1038 1426 rusticari,
1075 1383 1256 1431 eosque
1294 1367 1654 1415 incredibiliter

309 1461 658 1509 repuerascere
685 1463 789 1494 esse
815 1445 1003 1504 solitos,
1034 1462 1149 1493 cum
1174 1462 1255 1492 rus
1281 1462 1344 1493 ex
1367 1447 1509 1503 urbe,
1546 1454 1654 1493 tan-

310 1540 457 1588 quam
494 1542 521 1573 e
556 1525 786 1585 vinculis,
823 1523 1165 1573 evol-avissent.
1238 1524 1356 1572 Non
1395 1524 1556 1573 audeo
1581 1526 1654 1573 di-

309 1618 422 1652 cere
449 1604 511 1652 de
535 1604 716 1653 talibus
740 1605 874 1664 viris,
912 1604 1000 1652 sed
1034 1611 1203 1652 tamen
1238 1603 1310 1651 ita
1340 1602 1466 1652 solet
1489 1620 1654 1652 narra-

306 1699 359 1731 re
402 1683 657 1744 Scaevola,
695 1684 911 1732 conchas
937 1700 1020 1732 eos
1045 1692 1096 1731 et
1121 1682 1381 1732 umbilicos
1406 1683 1469 1731 ad
1512 1682 1655 1732 Caie-

305 1769 408 1811 tam
452 1771 502 1812 et
544 1764 607 1812 ad
648 1763 958 1812 Laurentum
999 1763 1167 1828 legere
1194 1779 1473 1819 consuesse,
1514 1770 1564 1812 et
1588 1763 1653 1811 ad

307 1859 506 1891 omnem
549 1843 700 1891 animi
742 1842 1082 1891 remissionem
1122 1841 1398 1906 ludumque
1445 1842 1651 1890 descen-

307 1921 440 1971 dere.
514 1923 595 1971 Sic
620 1923 753 1970 enim
790 1939 840 1970 se
866 1939 943 1969 res
972 1922 1145 1970 habet:
1186 1921 1302 1986 [ut]
1330 1921 1649 1985 quemadmo-
1681 1938 1761 1980 23,

308 2001 427 2050 dum
451 2002 678 2052 volucres
713 2002 938 2050 videmus
963 2001 1320 2067 procreationis
1345 2008 1494 2064 atque
1521 1999 1650 2048 utili·

305 2081 422 2130 tatis
462 2098 577 2129 suae
618 2098 764 2130 causa
807 2080 995 2145 fingere
1039 2088 1090 2127 et
1137 2086 1424 2127 construere
1465 2079 1645 2139 nidos3

307 2161 506 2209 easdem
542 2168 724 2217 autem,
765 2176 878 2208 cum
916 2158 1102 2223 aliquid
1138 2158 1411 2216 effecerint,
1448 2157 1648 2206 levandi

305 2239 484 2288 laboris
510 2240 583 2288 sui
609 2256 775 2298 causa,
810 2238 990 2303 passim
1028 2254 1086 2285 ac
1109 2235 1264 2285 libere
1290 2236 1472 2285 solutas
1497 2254 1648 2302 opere

304 2320 511 2368 volitare
534 2337 545 2367 ε
586 2319 654 2367 sic
680 2318 834 2366 nostri
860 2317 1010 2364 animi
1034 2315 1312 2364 forensibus
1338 2317 1551 2381 negotiis
1576 2324 1647 2365 at-

305 2415 402 2464 que
427 2400 616 2447 urbano
652 2415 802 2463 opere
844 2395 1043 2456 defessi,
1077 2395 1319 2460 gestiunt,
1357 2413 1414 2443 ac
1439 2396 1645 2465 volitare

306 2479 534 2543 cupiunt,
558 2477 704 2526 vacui
730 2493 848 2525 cura
872 2483 1021 2540 atque
1044 2475 1227 2524 labore.
1300 2475 1477 2539 Itaque
1501 2473 1644 2534 illud,
1676 2487 1756 2529 54,

306 2557 440 2623 quod
466 2573 560 2621 ego
584 2556 636 2603 in
661 2573 809 2604 causa
845 2555 1060 2603 Curiana
1093 2552 1358 2602 Scaevolae
1384 2553 1507 2611 dixi,
1542 2569 1644 2601 non

306 2635 410 2683 dixi
449 2652 610 2694 secus,
663 2652 720 2682 ac
763 2634 1051 2682 sentiebam.
1135 2631 1266 2680 Nam
1314 2631 1372 2690 si,
1421 2631 1643 2695 inquam,

306 2714 560 2773 Scaevola,
610 2713 801 2761 nullum
849 2713 942 2760 erit
975 2718 1330 2759 testamentum
1364 2717 1501 2757 recte
1541 2708 1644 2759 fac-

303 2802 431 2854 tum,
468 2795 560 2842 nisi
586 2794 720 2859 quod
755 2800 811 2841 tu
846 2791 1114 2857 scripseris,
1151 2805 1322 2838 omnes
1347 2789 1410 2838 ad
1432 2797 1483 2838 te
1508 2790 1642 2838 cives

307 2889 423 2922 cum
446 2873 626 2923 tabulis
649 2872 936 2932 veniemus5
986 2869 1208 2919 omnium
1250 2876 1550 2919 testamenta
1583 2876 1642 2921 tu

1238 2955 1309 2998 02
