2071 3508
299 570 375 612 94⁴.

292 1347 369 1390 95.

253 2048 358 2108 25.

285 2140 364 2181 96.

282 2848 360 2895 97.

410 465 490 502 256
952 462 1029 501 DE
1059 462 1327 503 ORATORE

410 571 627 619 roborari
670 570 1045 635 impudentiam.
1150 572 1281 620 Nam
1323 571 1456 637 apud
1497 572 1737 632 Graecos,

412 647 688 713 eujusmodi
717 656 897 709 essent,
933 650 1161 698 videbam
1197 658 1363 698 tamen
1389 667 1508 706 esse,
1545 658 1739 714 praeter

407 728 535 776 hanc
586 727 992 776 exercitationem
1050 727 1268 792 linguae,
1328 727 1603 785 doctrinam
1655 727 1740 775 ali-

408 824 575 870 quam,
619 814 669 853 et
710 806 1088 864 humanitatem,
1125 806 1326 870 dignam
1368 805 1605 854 scientia:
1650 805 1738 853 hos

406 902 525 933 vero
563 902 715 933 novos
754 885 1014 949 magistros
1056 884 1178 931 nihil
1221 884 1558 948 intelligebam
1595 900 1738 948 posse

409 963 604 1019 docere,
643 964 735 1010 nisi
761 971 817 1010 ut
841 963 1081 1010 auderent
1101 982 1114 1022 ;
1155 962 1305 1025 quod,
1342 962 1490 1008 etiam
1516 977 1630 1008 cum
1654 963 1739 1009 bo-

406 1041 482 1088 nis
508 1042 653 1089 rebus
680 1040 1023 1103 conjunctum,
1064 1056 1153 1103 per
1178 1055 1228 1086 se
1254 1040 1414 1103 ipsum
1440 1046 1514 1085 est
1538 1055 1737 1102 magno-

402 1135 521 1182 pere
554 1118 868 1182 fugiendum.
958 1117 1074 1165 Hoc
1112 1134 1225 1165 cum
1262 1133 1416 1165 unum
1441 1116 1738 1175 traderetur,

404 1204 454 1243 et
497 1213 610 1244 cum
650 1196 988 1259 impudentiae
1027 1195 1174 1242 ludus
1215 1202 1379 1253 esset-3
1418 1195 1587 1258 putavi
1631 1212 1735 1243 esse

403 1276 640 1333 censoris,
711 1291 773 1321 ne
821 1273 1018 1337 longius
1064 1272 1117 1319 id
1167 1281 1400 1336 serperet,
1459 1273 1734 1337 providere.

403 1353 701 1416 Quanquam
738 1368 839 1398 non
876 1351 999 1398 haec
1036 1352 1105 1397 ita
1131 1358 1293 1397 statuo
1329 1359 1477 1415 atque
1502 1352 1736 1412 decerno,

400 1439 457 1479 ut
496 1432 772 1494 desperem,
827 1430 1006 1477 Latine
1051 1446 1127 1488 ea,
1165 1429 1227 1478 de
1269 1430 1445 1494 quibus
1471 1430 1735 1494 disputavi-

400 1527 528 1569 mus,
564 1510 692 1558 tradi
719 1526 775 1556 ac
816 1509 1049 1573 perpoliri
1072 1527 1084 1556 :
1122 1509 1309 1573 patitur
1334 1510 1465 1557 enim
1492 1518 1542 1558 et
1564 1509 1734 1574 lingua

399 1598 584 1648 nostra,
629 1597 679 1636 et
717 1597 892 1635 natura
935 1604 1117 1646 rerum,
1154 1596 1373 1636 veterem
1413 1588 1544 1635 illam
1571 1587 1733 1636 excel-

398 1668 682 1731 lentemque
723 1667 1038 1731 prudentiam
1081 1666 1390 1722 Graecorum
1416 1666 1480 1714 ad
1505 1675 1727 1715 nostrum

399 1763 541 1794 usum
569 1763 853 1809 moremque
880 1745 1132 1793 transferri
1154 1763 1165 1792 ε
1195 1745 1281 1792 sed
1305 1745 1583 1793 hominibus
1609 1762 1731 1810 opus

399 1834 474 1873 est
512 1825 734 1882 eruditis,
772 1825 855 1888 qui
897 1824 1058 1871 adhuc
1098 1825 1149 1870 in
1188 1823 1282 1871 hoe
1322 1823 1521 1887 quidem
1546 1840 1730 1887 genere

398 1904 552 1951 nostri
597 1903 717 1950 nulli
761 1902 963 1950 fuerunt
985 1921 996 1949 :
1037 1902 1110 1949 sin
1137 1902 1334 1966 quando
1360 1902 1657 1961 exstiterint,
1683 1919 1729 1951 e-

397 1983 516 2031 tiam
543 1981 752 2030 Graecis
770 1989 916 2029 erunt
940 1980 1288 2045 anteponendi.

465 2061 685 2110 Ornatur
709 2061 860 2123 igitur
884 2060 1040 2107 oratio
1063 2075 1249 2124 genere
1271 2060 1503 2123 primum,
1540 2067 1591 2108 et
1614 2077 1729 2125 qua-

397 2142 435 2188 si
461 2141 625 2189 eolore
651 2139 883 2203 quodam,
923 2146 973 2186 et
997 2155 1147 2186 succo
1172 2156 1259 2186 suo
1281 2157 1292 2185 ε
1331 2155 1444 2186 nam
1471 2147 1526 2186 ut
1547 2140 1729 2204 gravis,

394 2228 451 2267 ut
476 2219 653 2276 suavis,
689 2226 744 2264 ut
770 2217 962 2264 erudita
986 2217 1062 2272 sit,
1100 2226 1156 2264 ut
1180 2216 1410 2275 liberalis,
1442 2227 1498 2265 ut
1522 2217 1729 2266 admira.-

393 2297 519 2353 bilis,
574 2304 631 2343 ut
670 2295 837 2359 polita,
881 2303 937 2343 ut
978 2311 1161 2354 sensus,
1200 2303 1256 2342 ut
1297 2294 1488 2343 dolores
1529 2296 1726 2356 habeat,

395 2382 634 2439 quantum
660 2391 781 2438 opus
799 2427 802 2430 Α
823 2374 899 2429 sit,
945 2389 1044 2419 non
1070 2381 1145 2420 est
1169 2372 1472 2436 singulorum
1497 2373 1725 2422 articulo-

393 2469 525 2512 rum3
565 2453 615 2499 in
640 2461 747 2500 toto
772 2458 1058 2516 spectantur
1081 2449 1203 2497 haec
1230 2467 1450 2515 corpore.
1520 2451 1593 2500 Ut
1614 2468 1725 2516 por-

393 2549 447 2580 ro
473 2548 735 2596 conspersa
775 2531 837 2578 sit
872 2528 1008 2592 quasi
1045 2529 1307 2576 verborum
1349 2525 1724 2578 sententiarum-

393 2627 488 2673 que
513 2609 728 2665 floribus,
766 2608 819 2655 id
842 2624 942 2655 non
968 2607 1118 2655 debet
1142 2623 1246 2654 esse
1270 2605 1434 2654 fusum
1460 2608 1723 2672 aequabili·

390 2699 467 2737 ter
506 2706 595 2753 per
636 2705 832 2736 omnem
874 2687 1161 2742 orationem,
1201 2686 1288 2734 sed
1322 2687 1392 2734 ita
1415 2686 1719 2744 distinctum,

392 2775 449 2815 ut
472 2768 569 2815 sint
609 2768 746 2832 quasi
770 2768 822 2814 in
846 2774 1023 2814 ornatu
1049 2765 1284 2829 disposita
1308 2765 1549 2829 quaedam
1572 2765 1720 2830 insig-

392 2845 472 2892 nia
497 2853 547 2893 et
568 2845 769 2894 lumina.
841 2845 1015 2894 Genus
1039 2844 1190 2908 igitur
1215 2843 1415 2892 dicendi
1439 2851 1512 2892 est
1536 2843 1719 2907 eligen-

392 2923 524 2981 dum,
563 2924 696 2987 quod
730 2924 944 2973 maxime
967 2930 1138 2974 teneat
1162 2939 1264 2984 eOS,
1299 2923 1382 2987 qui
1406 2922 1626 2983 audiant,
1666 2930 1719 2977 et
