2071 3508
793 388 960 427 LIBER
990 387 1214 427 PRIMUS.
1626 393 1675 433 57

340 495 492 561 quod,
544 496 839 561 cuicumque
886 497 1158 561 particulae
1207 497 1332 546 coeli
1379 497 1674 559 officeretur,

339 575 558 639 quamvis
600 582 728 623 esset
766 575 960 639 procul,
1001 576 1180 624 mutari
1221 576 1409 624 lumina
1449 580 1671 642 putabat.

338 651 476 708 Quid
513 654 672 701 vero?
732 653 999 702 clarissima
1042 654 1117 702 M.
1161 655 1299 704 Curii
1335 672 1501 715 causa,
1539 655 1801 707 Mar-180.

333 730 478 796 cique
505 731 716 796 Coponii
741 748 900 797 nuper
914 733 1046 797 apud
1072 734 1424 793 centumvirOS,
1441 751 1538 800 quo
1559 752 1673 783 con-

332 826 481 858 cursu
505 811 779 871 hominum,
817 827 914 876 qua
938 814 1311 877 exspectatione
1337 813 1542 862 defensa
1566 814 1673 863 est?

332 905 448 937 cum
475 889 538 946 Q.
567 889 821 949 Scaevola,
846 890 1081 955 aequalis,
1114 900 1166 939 et
1191 892 1383 956 collega
1407 909 1564 952 meUS,
1588 893 1674 941 ho-

330 984 413 1016 mo
449 969 670 1016 omnium
709 977 760 1018 et
798 969 1058 1034 disciplina
1073 969 1198 1034 juris
1225 970 1380 1018 civilis
1406 972 1674 1020 eruditissi-

329 1061 456 1106 mus,
504 1055 556 1095 et
599 1047 802 1112 ingenio
847 1047 1211 1112 prudentiaque
1250 1049 1580 1110 acutissimus,
1623 1061 1674 1100 et

306 1127 555 1175 -oratione
596 1128 811 1175 maxime
849 1127 1046 1175 limatus
1083 1136 1231 1192 atque
1269 1129 1478 1188 subtilis,
1503 1139 1671 1194 atque,

330 1198 507 1270 ut'ego
533 1205 668 1253 soleo
695 1205 880 1263 dicere,
913 1203 1038 1268 juris
1076 1206 1347 1270 peritorum
1374 1207 1670 1272 eloquentis-

307 1306 310 1309 *
331 1284 499 1343 simus,
525 1283 863 1347 eloquentium
880 1282 1005 1347 juris
1029 1284 1371 1348 peritissimus,
1397 1303 1460 1334 ex
1485 1288 1670 1352 scripto

326 1370 737 1412 testamentorum
753 1361 867 1427 jura
891 1362 1201 1422 defenderet,
1227 1373 1551 1429 negaretque,
1577 1367 1674 1414 nisi

325 1441 637 1505 posthumus,
664 1448 714 1489 et
737 1448 900 1498 natus,
917 1447 986 1498 et,
1011 1448 1276 1505 antequam
1300 1442 1352 1489 in
1376 1459 1514 1490 suam
1539 1452 1668 1494 tute-

326 1518 425 1566 lam
450 1519 684 1577 venisset,
708 1526 931 1565 mortuus
957 1526 1104 1578 esset,
1129 1518 1395 1568 haeredem
1421 1538 1535 1569 eum
1561 1539 1666 1572 esse

325 1613 487 1661 posse,
508 1596 590 1659 qui
611 1603 739 1644 esset
755 1595 1031 1643 secundum
1049 1596 1390 1660 posthumum,
1405 1607 1455 1647 et
1474 1609 1665 1662 natum,

323 1683 374 1725 et
414 1682 664 1723 mortuum
700 1674 873 1721 haeres
908 1671 1197 1722 institutus:
1237 1692 1332 1740 ego
1355 1677 1664 1729 voluntatem

321 1754 663 1812 defenderem,
710 1752 804 1801 hac
852 1770 966 1801 eum
1014 1761 1122 1802 tum
1162 1763 1331 1804 mente
1371 1756 1540 1818 fuisse,
1580 1761 1662 1824 qui

319 1841 675 1884 testamentum
699 1832 919 1892 fecisset,
954 1841 1030 1892 ut,
1066 1834 1105 1881 si
1129 1833 1255 1883 filius
1280 1852 1380 1884 non
1406 1847 1552 1897 esset,
1578 1842 1660 1905 qui

319 1915 371 1962 in
395 1916 603 1964 tutelam
622 1915 833 1972 veniret,
854 1912 929 1961 M.
951 1913 1130 1962 Curius
1150 1922 1279 1963 esset
1297 1915 1484 1965 haeres.
1523 1919 1660 1966 Num

320 1994 513 2043 destitit
536 2002 745 2058 uterque
770 1992 1071 2047 nostrumin
1095 2009 1154 2041 ea
1179 2010 1344 2053 causa,
1374 1995 1425 2042 in
1451 1999 1661 2045 auctori-

318 2063 522 2133 tatibus,
547 2074 599 2120 in
625 2069 882 2135 exemplis,
906 2071 958 2118 in
982 2079 1394 2120 testamentorum
1418 2072 1660 2134 formulis,

317 2153 414 2202 hoc
440 2161 532 2212 est,
556 2153 607 2200 in
633 2151 798 2199 medio
813 2149 927 2214 jure
953 2150 1325 2201 civiliversari?

385 2231 581 2280 Omitto
597 2230 702 2295 jam
727 2225 869 2295 plura
887 2226 1116 2294 exempla
1142 2247 1399 2279 causarum
1425 2234 1659 2298 amplissi-
1674 2225 1780 2286 40.

316 2327 525 2369 marum,
551 2327 677 2374 quae
702 2317 817 2358 sunt
841 2309 1234 2357 innumerabilia.
1291 2310 1479 2376 Capitis
1505 2316 1656 2362 nostri
1678 2321 1785 2360 181.

313 2405 460 2453 saepe
479 2396 646 2454 potest
661 2387 889 2436 accidere
905 2394 962 2435 ut
981 2404 1157 2435 causae
1177 2397 1436 2438 versentur
1460 2391 1509 2438 in
1526 2391 1655 2456 jure.

316 2468 518 2517 Etenim
559 2467 628 2515 sic
672 2467 729 2516 C.
759 2465 1075 2525 Mancinum,
1114 2467 1472 2518 nobilissimum
1509 2480 1656 2536 atque

307 2547 568 2611 optimum-
592 2547 770 2605 virum,
796 2563 854 2594 ac
880 2546 1208 2605 consularem,
1235 2563 1349 2595 cum
1376 2565 1489 2597 cum
1513 2567 1656 2615 prop-

313 2634 391 2673 ter
433 2625 668 2672 invidiam
710 2625 1007 2672 Numantini
1044 2624 1259 2673 foederis
1294 2636 1656 2692 paterpatratus

313 2720 376 2752 ex
403 2704 450 2751 S.
478 2703 535 2752 C.
564 2703 883 2750 Numantinis
909 2702 1197 2760 dedidisset,
1224 2721 1437 2768 cumque
1462 2706 1529 2753 illi
1557 2724 1652 2755 non

313 2781 638 2846 recepissent,
680 2788 950 2846 posteaque
989 2780 1256 2829 Mancinus
1294 2783 1494 2832 domum
1521 2803 1654 2834 reve-

316 2861 488 2920 nisset,
513 2877 674 2925 neque
699 2860 749 2906 in
776 2867 1002 2908 senatum
1030 2860 1230 2910 introire
1251 2862 1520 2913 dubitasset
1544 2887 1555 2926 3
1598 2867 1649 2914 P.
