2071 3508
352 1409 457 1469 65.

482 433 561 470 388
986 433 1063 472 DE
1093 432 1298 473 CLARIS

487 540 731 600 Antonio,
779 548 830 590 et
868 558 982 590 cum
1027 542 1254 607 Philippo
1286 541 1391 606 jam
1416 556 1552 599 sene,
1589 556 1679 605 pro
1716 539 1810 588 Cn.

489 619 712 684 Pompeii
751 619 893 668 bonis
936 619 1150 669 dicente.
1221 620 1284 668 In
1322 618 1406 668 illa
1447 635 1593 667 causa
1629 617 1815 666 adoles-

491 715 608 748 cens
634 716 747 747 cum
772 706 917 758 esset,
941 699 1170 764 princeps
1194 698 1307 758 fuit,
1332 706 1383 747 et
1406 698 1456 745 in
1483 714 1668 754 eorum,
1694 711 1817 760 quos

492 778 543 825 in
569 777 771 843 Sulpicii
794 785 962 826 aetate
994 778 1150 842 posui,
1193 794 1453 826 numerum
1478 776 1622 825 facile
1645 790 1818 841 perve-

492 864 663 904 nerat:
703 863 753 904 et
777 872 887 904 suos
911 855 1040 903 inter
1078 855 1304 920 aequales
1347 855 1421 903 M.
1450 856 1698 913 Pisonem,
1739 852 1817 900 M.

495 935 744 993 Crassum,
786 935 878 983 Cn.
917 934 1208 994 Lentulum,
1251 935 1306 982 P.
1333 934 1603 982 Lentulum
1645 933 1819 982 Suram

493 1013 641 1078 longe
687 1012 965 1076 praestitit:
1021 1020 1071 1060 et
1111 1029 1190 1060 me
1238 1011 1604 1060 adolescentem
1643 1017 1821 1058 nactus

495 1100 610 1140 octo
635 1091 775 1139 annis
793 1090 1049 1146 minorem,
1089 1107 1234 1154 quam
1260 1098 1365 1138 erat
1387 1091 1510 1155 ipse,
1535 1090 1714 1138 multos
1739 1104 1823 1136 an-

495 1187 583 1219 nos
608 1170 660 1217 in
685 1168 848 1216 studio
868 1166 1087 1231 ejusdem
1110 1167 1268 1215 laudis
1288 1169 1541 1216 exercuit:
1579 1176 1631 1216 et
1652 1176 1823 1216 tecum

496 1249 658 1308 simul,
700 1248 830 1296 sicut
870 1264 964 1311 ego
999 1263 1088 1311 pro
1112 1246 1295 1303 multis,
1339 1247 1409 1295 sic
1433 1246 1515 1295 ille
1538 1263 1627 1310 pro
1654 1245 1823 1310 Appio

497 1327 707 1378 Claudio
732 1326 876 1385 dixit,
900 1325 1047 1391 paulo
1072 1333 1188 1373 ante
1212 1332 1439 1373 mortem.

561 1407 716 1455 Vides
740 1406 910 1472 igitur,
951 1414 1008 1453 ut
1037 1405 1100 1452 ad
1123 1412 1174 1453 te
1198 1412 1461 1463 oratorem,
1504 1404 1676 1464 Brute,
1716 1420 1824 1469 per·

494 1487 793 1544 venerimus,
832 1493 936 1532 tam
959 1482 1126 1530 multis
1168 1484 1297 1531 inter
1321 1492 1543 1531 nostrum
1581 1491 1823 1548 tuumque

495 1564 691 1613 initium
717 1562 916 1611 dicendi
940 1562 1240 1625 interpositis
1264 1563 1572 1610 oratoribus?
1621 1578 1684 1610 ex
1719 1561 1824 1627 qui-

494 1646 605 1701 bus,
648 1641 880 1706 quoniam
915 1640 967 1687 in
1005 1640 1100 1688 hoc
1127 1656 1350 1688 sermone
1375 1649 1543 1689 nostro
1567 1641 1717 1689 statui
1739 1657 1823 1690 ne-

496 1722 681 1770 minem
707 1735 894 1777 eorum,
936 1718 1020 1782 qui
1048 1718 1292 1777 viverent,
1332 1719 1604 1778 nominare,
1644 1736 1708 1767 ne
1736 1736 1823 1768 vos

499 1799 737 1849 curiosius
762 1796 1006 1845 eliceretis
1033 1813 1093 1843 ex
1119 1813 1217 1855 me,
1248 1796 1366 1860 quid
1393 1796 1454 1844 de
1479 1814 1674 1861 quoque
1689 1797 1823 1862 judi-

498 1895 680 1936 carem,
729 1893 826 1932 eos,
877 1875 960 1939 qui
998 1874 1102 1939 jam
1144 1883 1259 1922 sunt
1298 1875 1498 1934 mortui,
1539 1876 1820 1926 nominabo.

497 1959 630 2006 Tum
656 1956 857 2012 Brutus,
898 1953 1015 2000 Non
1041 1960 1132 2011 est,
1167 1952 1346 2016 inquit,
1371 1952 1463 2000 ista
1487 1970 1652 2014 causa,
1677 1972 1824 2020 quam

497 2036 640 2093 dicis,
666 2032 985 2097 quamobrem
1012 2030 1073 2078 de
1104 2029 1176 2086 iis,
1218 2029 1302 2094 qui
1325 2030 1516 2089 vivunt,
1558 2032 1679 2080 nihil
1702 2034 1822 2082 velis

497 2116 679 2164 dicere.
751 2111 1010 2167 Quaenam
1033 2108 1204 2172 igitur,
1243 2108 1463 2172 inquam,
1504 2110 1612 2161 est?
1648 2111 1823 2162 Vereri

495 2203 566 2253 te,
607 2191 786 2255 inquit,
829 2188 1054 2246 arbitror,
1095 2204 1159 2234 ne
1196 2203 1284 2251 per
1308 2203 1396 2234 nos
1421 2187 1501 2236 hic
1527 2205 1685 2238 sermo
1708 2198 1823 2241 tuus

498 2279 714 2330 emanet,
739 2278 790 2318 et
811 2269 846 2316 ii
870 2269 961 2316 tibi
986 2274 1328 2326 succenseant,
1354 2284 1475 2331 quos
1498 2270 1821 2332 praeterieris.

500 2351 670 2408 Quid?
705 2365 807 2404 vos,
846 2347 1065 2410 inquam,
1102 2354 1268 2393 tacere
1300 2361 1400 2392 non
1424 2347 1682 2409 poteritis?
1718 2349 1823 2398 Nos

500 2429 720 2495 quidem,
744 2426 923 2491 inquit,
943 2423 1206 2484 facillime3
1247 2424 1334 2472 sed
1357 2432 1522 2472 tamen
1547 2432 1598 2474 te
1616 2427 1823 2476 arbitror
1856 2485 1864 2493 μ

498 2508 644 2557 malle
668 2506 881 2570 idipsum
905 2511 1088 2561 tacere,
1131 2519 1276 2566 quam
1301 2503 1689 2552 taciturnitatem
1715 2521 1824 2555 nos-

496 2596 623 2636 tram
660 2583 886 2650 experiri.
956 2582 1088 2629 Tum
1113 2598 1222 2645 eg0‚
1264 2581 1415 2641 Vere,
1454 2582 1674 2646 inquam,
1713 2584 1822 2644 tibi,

500 2667 668 2722 Brute,
713 2664 903 2711 dicam:
958 2677 1057 2708 non
1082 2677 1161 2708 me
1186 2660 1461 2708 existimavi
1501 2661 1553 2708 in
1593 2661 1689 2710 hoc
1726 2679 1821 2711 ser-

499 2760 645 2792 mone
668 2758 825 2807 usque
868 2740 932 2789 ad
971 2739 1099 2788 hanc
1135 2747 1349 2788 aetatem
1391 2756 1494 2788 esse
1518 2748 1816 2789 venturum:

498 2823 586 2871 sed
609 2822 678 2870 ita
700 2821 853 2870 traxit
877 2819 998 2868 ordo
1040 2826 1258 2866 aetatum
1299 2818 1586 2876 orationem,
1628 2826 1686 2868 ut
1713 2818 1819 2884 jam

498 2901 562 2949 ad
602 2900 814 2948 minores
856 2898 1004 2948 etiam
1045 2895 1369 2962 pervenerim.
1440 2896 1708 2962 Interpone
1731 2896 1820 2963 igi.
