2071 3508
681 424 850 462 LIBER
878 422 1131 463 TERTIUS.
1527 432 1600 467 251

268 552 318 584 sa
343 531 699 585 exercitatione
717 532 968 580 communi
989 531 1108 579 istos
1128 531 1328 596 quidem
1356 535 1608 597 [nostros]

266 612 562 670 verberabit,
598 627 761 675 neque
804 628 854 659 se
880 612 940 659 ab
965 611 1023 658 iis
1049 611 1304 659 contemni
1339 628 1396 659 ac
1423 612 1632 676 despici-

267 692 410 740 sinet.
482 690 567 739 Sin
610 689 784 755 aliquis
827 690 1073 739 exstiterit
1110 689 1394 754 aliquando,
1431 691 1515 754 qui
1543 690 1611 738 A-
1646 698 1724 737 80.

267 768 507 817 ristotelio
548 785 684 817 more
728 768 790 817 de
833 768 1062 817 omnibus
1099 769 1244 816 rebus
1276 768 1327 816 in
1353 777 1613 833 utramque

268 848 566 897 sententiam
591 848 746 913 possit
772 847 958 907 dicere,
1007 856 1057 895 et
1081 848 1132 894 in
1158 847 1295 895 omni
1321 864 1468 896 causa
1493 848 1616 895 duas

269 927 540 975 contrarias
582 927 845 983 orationes,
890 927 1168 991 praeceptis
1210 925 1339 974 illius
1383 927 1616 991 cognitis,

270 1006 539 1072 explicare,
577 1014 663 1055 aut
686 1006 782 1056 hoc
826 1006 1081 1055 Arcesilae
1107 1007 1276 1064 modo,
1316 1015 1366 1055 et
1406 1007 1617 1055 Carnea-

269 1085 359 1142 dis,
399 1093 574 1133 contra
593 1101 760 1144 omne,
787 1085 920 1149 quod
944 1084 1254 1148 propositum
1275 1084 1354 1143 sit,
1381 1085 1614 1145 disserat3

271 1163 454 1228 quique
480 1164 544 1211 ad
569 1180 676 1212 eam
702 1163 946 1213 rationem
990 1161 1229 1227 adjungat
1253 1163 1387 1211 hunc
1414 1163 1619 1211 rhetori-

274 1259 388 1291 cum
416 1259 577 1301 usum,
598 1258 886 1305 moremque
913 1241 1424 1305 exercitationemque
1451 1242 1620 1290 dicen-

275 1322 350 1382 di;
379 1322 419 1369 is
445 1322 508 1369 sit
523 1338 681 1377 verus,
704 1321 743 1368 is
762 1320 1035 1386 perfectus,
1055 1320 1094 1367 is
1120 1320 1250 1368 solus
1269 1329 1448 1369 orator.
1488 1322 1619 1369 Nam

276 1418 439 1465 neque
483 1402 587 1448 sine
628 1400 906 1449 forensibus
948 1399 1110 1447 nervis
1137 1387 1251 1447 satis
1276 1400 1544 1448 vehemens
1571 1410 1622 1449 et

275 1481 457 1545 gravis,
498 1496 593 1528 nec
621 1481 724 1528 sine
750 1479 989 1528 varietate
1017 1479 1273 1528 doctrinae
1299 1480 1414 1527 satis
1437 1480 1623 1544 politus

276 1568 329 1609 et
353 1560 546 1625 sapiens
582 1577 687 1609 esse
724 1568 888 1608 orator
922 1567 1104 1624 potest.
1178 1550 1346 1616 Quare
1380 1559 1620 1608 Coracem
1656 1564 1732 1604 81.

276 1640 427 1688 istum
451 1647 670 1688 vestrum
713 1639 959 1703 patiamur
984 1655 1073 1686 nos
1098 1638 1301 1703 quidem
1325 1638 1486 1703 pullos
1511 1656 1624 1687 suos

276 1719 546 1769 excludere
570 1719 623 1766 in
647 1719 785 1778 nido,
823 1719 907 1783 qui
945 1718 1146 1766 evolent
1171 1717 1462 1767 clamatores
1488 1719 1624 1767 odio-

277 1801 316 1849 si
341 1817 398 1849 ac
424 1799 619 1848 molesti
641 1820 654 1860 3
693 1797 1105 1863 Pamphilumque
1130 1798 1300 1846 nescio
1326 1815 1474 1863 quem
1500 1799 1625 1846 sina-

278 1897 387 1928 mus
412 1880 464 1927 in
489 1878 658 1927 infulis
683 1886 873 1926 tantam
899 1894 1019 1933 rem,
1042 1887 1278 1941 tanquam
1303 1877 1517 1942 pueriles
1543 1878 1627 1925 de-

278 1959 416 2008 licias
458 1956 663 2024 aliquas,
699 1957 1005 2022 depingere:
1058 1973 1245 2020 nosque
1270 1956 1362 2020 ipsi
1398 1956 1491 2004 hac
1523 1965 1627 2004 tam

283 2041 465 2105 exigua
490 2038 825 2103 disputatione
863 2036 1080 2084 hesterni
1106 2044 1156 2084 et
1180 2035 1407 2083 hodierni
1433 2035 1531 2084 diei
1555 2044 1630 2084 to-

285 2128 393 2168 tum
433 2117 638 2166 oratoris
680 2132 860 2164 munus
886 2114 1209 2179 explicemus,
1252 2115 1523 2163 dummodo
1546 2115 1630 2163 illa

284 2216 362 2247 res
403 2206 544 2246 tanta
585 2196 666 2255 sit,
702 2203 759 2243 ut
795 2195 1022 2242 omnibus
1046 2193 1451 2258 philosophorum
1475 2194 1629 2253 libris,

287 2295 409 2343 quos
447 2294 595 2325 nemo
637 2283 888 2324 oratorum
935 2275 1142 2322 istorum
1184 2291 1402 2339 unquam
1444 2274 1630 2339 attigit,

287 2357 646 2423 comprehensa
671 2372 775 2404 esse
801 2355 1046 2402 videatur.

354 2437 488 2485 Tum
515 2435 741 2495 Catulus,
780 2434 1186 2499 Haudquaquam
1227 2432 1415 2492 hercle,
1450 2433 1629 2497 inquit,
1663 2429 1770 2490 QQ,

291 2518 484 2576 Crasse,
520 2515 800 2565 mirandum
838 2523 927 2572 est,
967 2531 1071 2563 esse
1095 2513 1148 2560 in
1172 2521 1223 2562 te
1248 2521 1437 2562 tantam
1463 2513 1630 2560 dicen-
1664 2525 1741 2564 82.

293 2596 343 2644 di
381 2596 460 2644 vel
500 2597 620 2656 vim,
654 2597 734 2646 vel
758 2598 1071 2657 suavitatem,
1110 2597 1189 2646 vel
1215 2596 1443 2660 copiam3
1484 2612 1632 2659 quem

293 2675 495 2740 quidem
537 2684 684 2724 antea
721 2685 898 2725 natura
938 2677 1079 2725 rebar
1117 2676 1187 2724 ita
1212 2675 1397 2733 dicere,
1433 2682 1490 2721 ut
1514 2675 1634 2722 mihi

296 2770 396 2802 non
434 2754 592 2802 solum
618 2762 781 2804 orator
822 2772 1059 2814 summus,
1096 2754 1183 2803 sed
1208 2754 1356 2802 etiam
1382 2753 1636 2818 sapientis-

299 2834 449 2883 simus
473 2833 622 2883 homo
646 2835 895 2884 viderere:
922 2851 1057 2883 nunc
1081 2834 1307 2899 intelligo
1332 2833 1414 2881 illa
1436 2842 1487 2882 te
1513 2850 1636 2882 sem-

298 2930 387 2978 per
428 2913 576 2963 etiam
616 2914 809 2981 potiora
850 2913 1068 2975 duxisse,
1107 2930 1231 2979 quae
1257 2912 1320 2962 ad
1345 2913 1634 2978 sapientiam
