2071 3508
391 1733 498 1793 ΩΟ.

539 456 616 495 508
1095 451 1310 493 ΤΟΡΙΟΑ.

540 578 666 625 quae
691 562 894 610 afferant
917 560 1293 620 auctoritatem3
1331 559 1605 624 ingenium,
1629 576 1764 624 opes,
1789 577 1866 608 ae-

539 648 632 699 tas,
688 639 905 699 fortuna,
951 655 1045 697 ars,
1096 654 1230 697 usus,
1277 638 1560 697 necessitaS,
1608 638 1867 687 concursio

540 719 690 767 etiam
724 734 1078 781 nonnunquam
1115 733 1279 764 rerum
1320 715 1648 765 fortuitarum.
1735 716 1867 764 Nam

539 804 591 844 et
614 796 909 861 ingeniosos,
932 803 982 843 et
1006 794 1285 859 opulentos,
1308 803 1359 843 et
1382 795 1554 843 aetatis
1579 795 1736 860 spatio
1758 810 1869 859 pro-

537 876 696 932 batos,
752 874 944 937 dignos,
1000 873 1177 935 quibus
1219 874 1461 929 credatur,
1504 880 1711 936 putant:
1766 887 1868 919 non

537 959 675 999 recte
713 951 937 1009 fortasse,
979 949 1067 997 sed
1089 948 1225 1013 vulgi
1267 950 1432 1013 opinio
1473 950 1652 997 mutari
1675 950 1759 997 vix
1781 965 1868 1014 po-

538 1037 653 1088 test,
673 1029 734 1076 ad
761 1045 967 1091 eamque
992 1027 1157 1075 omnia
1181 1026 1420 1090 dirigunt,
1445 1035 1496 1075 et
1520 1027 1602 1090 qui
1618 1027 1866 1091 judicant,

538 1117 589 1155 et
632 1107 715 1171 qui
758 1106 1056 1154 existimant.
1129 1104 1230 1161 Qui
1273 1105 1404 1152 enim
1443 1105 1518 1152 his
1543 1106 1707 1163 rebus,
1748 1121 1869 1168 quas

539 1184 660 1244 dixi,
698 1184 964 1239 excellunt,
1007 1183 1112 1247 ipsa
1144 1183 1328 1231 virtute
1351 1182 1583 1230 videntur
1608 1181 1867 1230 excellere.

539 1263 638 1312 Sed
677 1263 876 1327 reliquis
918 1279 1115 1326 quoque
1153 1262 1314 1317 rebus,
1355 1277 1474 1325 quas
1497 1259 1645 1308 modo
1670 1275 1870 1308 enume-

536 1343 655 1399 ravi,
694 1359 974 1407 quanquam
998 1342 1050 1389 in
1074 1342 1131 1389 iis
1166 1340 1301 1388 nulla
1335 1340 1523 1404 species
1557 1339 1752 1388 virtutis
1777 1347 1867 1398 est,

536 1430 704 1470 tamen
745 1422 996 1471 interdum
1039 1421 1354 1469 confirmatur
1393 1419 1534 1478 fides,
1586 1419 1625 1467 si
1667 1426 1754 1467 aut
1775 1432 1869 1467 'ars

538 1501 780 1566 quaedam
804 1501 1068 1550 adhibetur
1081 1519 1094 1559 ;
1124 1502 1329 1563 (magna
1344 1498 1476 1547 enim
1496 1505 1570 1546 est
1583 1498 1656 1546 vis
1675 1498 1738 1546 ad
1759 1514 1868 1562 per-

538 1578 866 1636 suadendum,
907 1576 1203 1636 scientiae3)
1256 1584 1342 1624 aut
1386 1593 1536 1636 usus3
1574 1575 1866 1640 plerumque

540 1658 671 1706 enim
697 1657 914 1705 creditur
937 1656 1013 1713 115,
1050 1655 1132 1719 qui
1158 1655 1349 1718 experti
1374 1663 1503 1702 sunt.

604 1737 744 1785 Facit
769 1735 917 1783 etiam
942 1734 1207 1782 necessitas
1230 1732 1394 1789 fidem,
1416 1750 1543 1797 quae
1569 1750 1684 1781 cum
1708 1751 1736 1782 a
1761 1751 1865 1782 cor-

534 1816 754 1881 poribus,
789 1822 895 1861 tum
921 1814 980 1860 ab
1006 1812 1180 1860 animis
1216 1813 1447 1859 nascitur.
1518 1813 1648 1860 Nam
1685 1820 1736 1860 et
1758 1829 1865 1860 ver-

534 1895 750 1952 beribUS‚
801 1891 1078 1949 tormentis,
1124 1890 1228 1954 igni
1262 1889 1474 1953 fatigati,
1511 1907 1635 1954 quae
1672 1890 1865 1951 dicunt,

536 1990 594 2021 ea
616 1972 812 2020 videtur
836 1969 1014 2018 veritas
1038 1969 1142 2033 ipsa
1167 1968 1351 2027 dicere,
1387 1976 1452 2024 et,
1480 1985 1604 2032 quae
1629 1985 1658 2016 a
1674 1976 1864 2033 pertur-

534 2050 816 2100 bationibus
857 2048 1006 2096 animi
1048 2055 1180 2106 sunt,
1216 2046 1400 2103 dolore,
1441 2047 1732 2112 cupiditate,
1771 2048 1863 2096 ira-

536 2129 736 2187 cundia,
759 2135 915 2185 metu,
952 2125 1065 2190 quia
1104 2125 1409 2174 necessitatis
1433 2126 1532 2174 vim
1555 2125 1759 2184 habent,
1793 2125 1864 2173 af-

533 2209 703 2257 ferunt
743 2206 1088 2255 auctoritatem
1124 2213 1175 2253 et
1197 2205 1360 2253 fidem.
1431 2205 1583 2269 Cujus
1609 2205 1756 2253 etiam
1778 2221 1864 2270 ge-

534 2288 664 2336 neris
705 2286 787 2333 illa
822 2292 950 2341 sunt,
992 2301 1055 2332 ex
1090 2284 1265 2348 quibus
1300 2301 1470 2333 verum
1506 2300 1861 2348 nonnunquam

533 2365 797 2420 invenitur,
836 2363 1060 2427 pueritia,
1088 2379 1303 2424 somnus,
1338 2362 1688 2426 imprudentia,
1722 2362 1859 2411 vino-

531 2444 704 2502 lentia,
741 2442 943 2490 insania.
1013 2441 1143 2488 Nam
1185 2449 1236 2488 et
1269 2441 1409 2505 pueri
1444 2457 1588 2505 saepe
1611 2440 1860 2490 indicave-

532 2531 649 2572 runt
673 2522 876 2586 aliquid,
911 2521 975 2569 ad
1001 2521 1134 2585 quod
1157 2523 1445 2586 pertineret,
1468 2522 1655 2586 ignari:
1696 2529 1747 2570 et
1769 2537 1859 2585 per

531 2619 774 2658 somnum,
829 2602 1016 2659 vinum,
1051 2601 1306 2661 insaniam,
1342 2602 1498 2650 multa
1538 2618 1682 2665 saepe
1721 2607 1858 2664 pate-

530 2681 665 2730 facta
688 2688 817 2729 sunt.
881 2679 1033 2727 Multi
1074 2680 1222 2728 etiam
1258 2681 1310 2728 in
1349 2698 1426 2729 res
1461 2681 1652 2730 odiosas
1674 2680 1857 2744 impru-

531 2761 706 2809 dentes
746 2759 1048 2819 inciderunt,
1098 2767 1156 2807 ut
1197 2759 1394 2808 Staleno
1433 2776 1591 2825 nuper
1635 2758 1820 2807 accidit
1838 2777 1862 2815 :¹

529 2840 615 2906 qui
640 2839 915 2889 eadocutils
939 2847 1031 2900 est,
1054 2839 1196 2888 bonis
1218 2839 1333 2890 viris
1356 2838 1853 2896 subauscultantibus,
