2071 3508
440 441 518 478 194
923 437 1000 475 DE
1030 436 1298 476 ORATORE

440 543 636 595 ridiculi
676 545 840 594 vultus
871 547 1019 594 etiam
1058 546 1496 607 accommodetur3
1542 547 1626 611 qui
1668 546 1773 611 qui-

443 627 556 676 dem
582 643 679 690 quo
704 626 916 673 severior
941 633 1016 674 est
1039 634 1090 675 et
1112 626 1316 685 tristior,
1349 630 1429 691 (ut
1454 626 1505 673 in
1528 634 1595 682 te,
1635 626 1775 674 Cras-

443 706 520 768 se)
555 706 651 754 1100
691 704 792 763 1113,
829 722 952 769 quae
995 706 1241 761 dicuntur,
1281 705 1478 754 salsiora
1513 705 1670 754 videri
1702 721 1776 753 so-

443 785 565 834 lent.

513 864 612 914 Sed
637 864 742 929 jam
778 870 852 920 tu,
891 860 1101 919 Antoni,
1137 860 1221 923 qui
1255 860 1350 907 hoc
1391 859 1656 909 diversorio
1681 877 1777 908 ser-

445 946 603 993 monis
645 942 741 991 mei
766 941 976 989 libenter
1001 939 1344 1003 acquieturum
1380 946 1431 987 te
1464 956 1569 987 esse
1594 939 1777 995 dixisti,

444 1031 679 1088 tanquam
721 1022 771 1068 in
799 1019 1065 1067 Pontinum
1109 1018 1383 1077 diverteris,
1424 1034 1586 1082 neque
1618 1033 1780 1065 amoe-

445 1119 581 1159 num,
636 1117 796 1163 neque
834 1098 1077 1146 salubrem
1112 1096 1298 1156 locum,
1352 1114 1531 1146 censeo
1569 1104 1628 1144 ut
1665 1096 1780 1144 satis

447 1181 533 1228 diu
560 1188 613 1227 tu
635 1187 780 1243 putes
804 1177 1070 1241 requiesse,
1108 1183 1158 1224 et
1182 1177 1275 1224 iter
1298 1176 1544 1240 reliquum
1570 1175 1780 1224 confice-

445 1276 498 1308 re
522 1275 714 1323 pergas.
787 1257 896 1321 Ego
920 1273 1057 1315 vero,
1095 1263 1244 1320 atque
1276 1255 1429 1303 hilare
1455 1255 1654 1319 quidem
1679 1272 1709 1302 a
1731 1261 1782 1302 te

447 1346 698 1402 acceptuS,
737 1336 912 1399 inquit,
953 1343 1003 1382 et
1045 1352 1158 1382 cum
1199 1335 1390 1382 doctior
1430 1351 1518 1397 per
1554 1341 1625 1392 te,
1675 1332 1782 1380 tum

449 1417 597 1464 etiam
624 1414 858 1462 audacior
892 1412 1054 1460 factus
1080 1430 1186 1458 sum
1213 1413 1276 1459 ad
1307 1412 1597 1474 jocandum.
1667 1411 1785 1461 Non

450 1494 580 1542 enim
605 1508 778 1540 vereor
803 1507 865 1538 ne
908 1490 1016 1553 quis
1040 1506 1119 1537 me
1149 1490 1199 1536 in
1226 1490 1319 1536 isto
1342 1506 1526 1553 genere
1549 1489 1784 1538 leviorem

440 1572 544 1637 jam
586 1579 749 1636 putet,
786 1569 1018 1634 quoniam
1062 1568 1260 1632 quidem
1303 1576 1359 1615 tu
1386 1569 1633 1616 Fabricios
1666 1568 1785 1615 mihi

451 1659 695 1709 auctores,
733 1657 783 1696 et
809 1647 1091 1705 Africanos,
1131 1646 1397 1705 MaximOS,
1423 1647 1654 1703 Catones,
1693 1647 1787 1696 Le-

305 1738 418 1780 291.
450 1732 595 1796 pidos
615 1727 879 1794 protulisti.
951 1726 1049 1774 Sed
1088 1725 1279 1773 habetis
1305 1743 1380 1785 ea,
1417 1743 1541 1790 quae
1566 1726 1787 1774 voluistis

317 2767 345 2806 10

385 2768 430 2809 20

453 1828 516 1859 ex
541 1826 619 1857 me
646 1807 831 1862 audire,
873 1805 933 1852 de
973 1805 1149 1868 quibus
1188 1804 1388 1868 quidem
1414 1806 1692 1853 accuratius
1717 1806 1786 1853 di-

453 1889 683 1943 cendum,
723 1895 773 1934 et
812 1883 1135 1948 cogitandum
1178 1882 1307 1931 fuit:
1346 1900 1460 1931 nam
1500 1892 1695 1932 caetera
1717 1884 1785 1933 fa-

455 1968 624 2017 ciliora
649 1973 781 2023 sunt,
818 1971 966 2027 atque
1003 1980 1065 2010 ex
1107 1962 1182 2021 115,
1219 1979 1343 2026 quae
1360 1962 1463 2026 jam
1498 1963 1633 2011 dicta
1656 1972 1789 2023 sunt,

402 2085 415 2099 .
456 2047 644 2111 reliqna
680 2050 952 2093 nascuntur
990 2042 1169 2089 omnia.
1254 2042 1364 2106 Ego
1406 2042 1536 2090 enim
1577 2059 1690 2090 cum
1727 2043 1789 2091 ad

457 2142 655 2174 causam
681 2140 787 2171 sum
813 2138 1088 2186 aggressus,
1124 2128 1272 2183 atque
1308 2121 1473 2168 onmia
1505 2122 1788 2186 cogitando,

456 2203 620 2268 quoad
656 2202 820 2249 facere
861 2200 1018 2265 potui,
1055 2207 1378 2263 persecutus;
1419 2217 1533 2248 cum
1576 2208 1626 2248 et
1649 2217 1790 2265 argu·
1847 2187 1855 2196 ⁶

456 2290 625 2331 menta
666 2296 861 2338 causae,
899 2286 949 2326 et
987 2295 1069 2325 eos
1105 2277 1254 2333 10005,
1294 2278 1469 2341 quibus
1494 2279 1643 2325 animi
1658 2278 1792 2343 judi-

461 2378 574 2409 cum
601 2359 946 2416 conciliantur,
988 2364 1039 2404 et
1062 2355 1184 2411 illos,
1224 2356 1405 2419 quibus
1422 2364 1789 2420 permoventur,

458 2440 561 2489 vidi
586 2446 734 2502 atque
760 2436 1006 2501 cognovi3
1045 2442 1152 2482 tum
1195 2435 1463 2494 constituo,
1502 2435 1622 2499 quid
1645 2435 1791 2484 habe-

459 2527 512 2568 at
535 2533 758 2582 quaeque
797 2532 943 2563 causa
966 2514 1102 2571 boni,
1140 2513 1259 2577 quid
1283 2513 1414 2561 mali.
1484 2513 1637 2561 Nulla
1660 2515 1792 2563 enim

458 2599 563 2647 fere
604 2613 681 2644 res
721 2602 887 2659 potest
927 2593 977 2640 in
1020 2592 1220 2640 dicendi
1261 2592 1671 2657 disceptationem
1709 2601 1794 2641 aut.

461 2674 846 2726 controversiam
886 2671 1071 2729 vocari,
1114 2688 1238 2734 quae
1281 2687 1381 2719 non
1404 2671 1585 2721 habeat
1607 2679 1793 2720 utrum-

463 2773 590 2820 que:
631 2754 718 2803 sed
743 2759 981 2818 quantum
1020 2751 1218 2809 habeat,
1254 2750 1306 2797 id
1330 2751 1496 2799 refert.
1567 2751 1688 2799 Mea
1710 2767 1794 2799 au-

461 2843 563 2883 tem
603 2834 728 2882 ratio
770 2833 821 2879 in
863 2830 1076 2879 dicendo
1111 2829 1234 2877 haec
1261 2846 1364 2878 esse
1390 2829 1532 2890 solet,
1566 2838 1641 2888 ut,
1674 2829 1790 2878 boni

462 2912 597 2977 quod
630 2911 825 2968 habeat,
867 2909 921 2958 id
961 2908 1250 2973 amplectar,
1290 2925 1541 2966 exornem,
1580 2924 1791 2972 exagge-
