2071 3508
451 466 531 506 490
1007 454 1224 495 TOPICA.

450 575 648 631 flueret,
684 570 733 618 id
759 568 849 618 tibi
875 567 957 632 jus
980 567 1153 616 videri.
1227 566 1321 614 His
1344 565 1496 630 igitur
1518 564 1659 627 locis,
1694 568 1778 632 qui

452 659 571 700 sunt
596 648 824 714 expositi,
860 647 923 695 ad
965 663 1111 694 omne
1147 652 1493 710 argumentum
1533 645 1780 710 reperien-

456 732 595 789 dum,
630 737 866 792 tanquam
902 724 1156 774 elementis
1192 724 1499 789 quibusdam,
1538 723 1779 789 significa-

454 811 526 859 tio
568 817 618 858 et
659 804 1012 855 demonstratio
1054 803 1214 852 datur.
1284 803 1466 852 Utrum
1490 802 1642 868 igitur
1665 804 1780 852 hac-

454 897 600 938 tenus
643 885 756 934 satis
804 884 911 931 est?
981 881 1098 930 Tibi
1139 880 1340 945 quidem
1381 889 1483 929 tam
1520 889 1688 942 acuto,
1728 889 1780 930 et

453 977 556 1017 tam
581 971 844 1028 occupato,
879 971 1017 1027 puto.

523 1050 620 1099 Sed
661 1046 892 1112 quoniam
936 1043 1135 1092 avidum
1172 1044 1423 1093 hominem
1465 1045 1528 1094 ad
1563 1046 1650 1094 has
1686 1046 1780 1095 dis-

456 1129 603 1180 cendi
629 1125 796 1192 epulas
832 1123 1018 1187 recepi,
1055 1123 1124 1170 sic
1161 1123 1417 1188 accipiam,
1459 1135 1517 1172 ut
1556 1125 1782 1189 reliquia-

454 1226 563 1259 rum
591 1207 650 1254 sit
674 1204 838 1269 'potius
863 1200 1066 1265 aliquid,
1103 1217 1249 1265 quam
1273 1208 1324 1249 te
1358 1202 1475 1250 hinc
1499 1203 1658 1267 patiar
1680 1219 1783 1252 non
1850 1240 1854 1244 .

452 1289 687 1339 rsatiatum
720 1281 990 1330 discedere.
1064 1278 1279 1337 Quando
1304 1296 1423 1345 ergo
1447 1281 1784 1346 unusquisque

456 1382 627 1418 eorum
672 1362 914 1417 locorum,
968 1375 1089 1422 quos
1138 1358 1356 1422 exposui,
1407 1375 1495 1406 sua
1540 1359 1782 1423 quaedam

455 1446 676 1497 membra
698 1441 866 1497 habet,
904 1455 961 1485 ea
986 1453 1131 1501 quam
1170 1436 1483 1485 subtilissime
1523 1454 1785 1503 persequa-

457 1543 600 1585 mur,
653 1530 703 1570 et
742 1520 955 1585 primum
1000 1517 1061 1564 de
1103 1516 1208 1581 ipsa
1249 1516 1534 1565 definitione
1573 1517 1781 1567 dicatur.

456 1603 697 1657 Definitio
723 1608 797 1648 est
822 1598 996 1655 oratio,
1022 1613 1146 1661 quae
1171 1596 1241 1655 id,
1267 1597 1402 1662 quod
1425 1595 1675 1658 definitur,
1701 1615 1783 1647 ex-

456 1689 623 1751 plieat,
663 1679 782 1743 quid
806 1678 883 1725 sit.
954 1675 1315 1724 Definitionum
1351 1684 1518 1725 autem
1544 1676 1644 1724 duo
1668 1686 1784 1727 sunt

457 1778 641 1829 genera
664 1759 819 1823 prima
839 1773 852 1803 -:
892 1771 1045 1802 unum
1072 1769 1237 1801 earum
1262 1769 1442 1810 rerum,
1483 1771 1609 1818 quae
1634 1764 1780 1817 sunt3

457 1842 665 1890 alterum
715 1851 900 1892 earum,
954 1849 1077 1896 quae
1119 1831 1481 1895 intelliguntur.
1566 1833 1685 1882 Esse
1725 1852 1784 1884 ea

458 1920 590 1975 dico,
627 1931 750 1979 quae
789 1911 923 1960 cerni
959 1910 1158 1975 tangive
1194 1917 1416 1974 possunt,
1454 1919 1511 1958 ut
1550 1909 1782 1975 fundum,

454 1998 622 2054 aedes,
657 1993 915 2057 parietem,
941 1988 1260 2044 stillicidium,
1288 1988 1609 2054 mancipium,
1633 2007 1783 2055 pecu-

457 2078 587 2130 dem,
626 2068 999 2135 supellectilem,
1026 2083 1201 2131 penuS,
1226 2075 1452 2115 caetera:
1491 2084 1589 2132 quo
1613 2085 1676 2117 ex
1698 2087 1783 2135 ge-

456 2169 575 2203 nere
601 2148 843 2214 quaedam
868 2146 1118 2195 interdum
1161 2144 1301 2192 nobis
1344 2145 1626 2195 definienda
1650 2158 1781 2200 sunt.

456 2235 574 2283 Non
600 2245 704 2278 esse
729 2242 892 2274 rursus
917 2241 975 2272 ea
1000 2224 1134 2282 dico,
1161 2240 1287 2287 quae
1312 2225 1450 2288 tangi
1477 2224 1782 2277 demonstraf

455 2314 557 2361 rive
600 2325 700 2357 non
745 2312 980 2371 possunt3
1035 2303 1169 2352 cerni
1206 2311 1375 2351 tamen
1421 2304 1585 2354 animo
1631 2315 1782 2372 atque

456 2387 667 2452 intelligi
704 2392 938 2450 possunt:
976 2390 1047 2439 ut,
1086 2383 1124 2429 si
1160 2383 1528 2446 usucapionem,
1573 2385 1611 2432 si
1652 2393 1783 2436 tute-

456 2472 574 2528 lam,
597 2469 636 2515 si
660 2472 881 2530 gentem,
908 2463 946 2510 si
970 2461 1286 2526 agnationem
1311 2461 1541 2523 definias;
1575 2480 1782 2528 quarum

456 2563 621 2598 rerum
661 2543 851 2591 nullum
890 2543 1058 2590 subest
1095 2541 1231 2605 quasi
1271 2557 1478 2605 corpus:
1516 2550 1591 2591 est
1613 2551 1782 2594 tamen

457 2625 697 2694 quaedam
724 2620 1051 2670 conformatio
1090 2619 1344 2684 insignita,
1385 2628 1436 2668 et
1472 2620 1707 2686 impressa
1729 2625 1782 2673 in

455 2702 813 2768 intelligentia:
853 2716 1000 2765 quam
1034 2699 1289 2748 notionem
1316 2706 1460 2753 vo‘cO.
1529 2700 1602 2749 Ea
1637 2718 1783 2768 saepe

456 2789 509 2835 in
547 2779 941 2848 argumentando
983 2777 1270 2827 definitione
1317 2773 1612 2850 explicanda
1649 2789 1780 2830 sunt.

461 2866 630 2927 Atque
670 2860 819 2909 etiam
861 2857 1190 2918 definitiones,
1237 2857 1359 2906 aliae
1407 2866 1523 2909 sunt
1559 2859 1780 2924 partitio-

458 2959 597 3001 num,
638 2939 761 2988 aliae
800 2937 1130 2986 divisionum:
1184 2937 1526 3003 partitionum,
1563 2954 1677 2988 cum
1699 2953 1778 2987 res
