2071 3508
771 399 1147 440 ORATORIBUS.
1552 411 1636 449 429

286 523 566 574 possumus,
606 506 971 572 prohibeamus.
1063 508 1329 572 Equidem,
1370 513 1459 559 etsi
1487 515 1632 566 doleo

286 604 366 637 me
392 588 441 636 in
467 588 618 636 vitam
642 584 791 650 paulo
816 587 989 646 serius,
1025 595 1262 652 tanquam
1300 589 1351 636 in
1375 591 1524 651 viam,
1561 595 1632 641 in-

283 683 521 732 gressum,
562 665 848 731 priusquam
875 667 1164 716 confectum
1190 668 1285 716 iter
1309 670 1385 727 sit,
1425 671 1475 718 in
1502 672 1631 722 hanc

281 746 585 811 reipublicae
627 754 830 796 noctem
870 748 1135 810 incidisse3
1181 758 1349 800 tamen
1376 769 1434 800 ea
1459 770 1632 803 conso-

279 825 466 874 latione
509 834 774 885 sustentor,
815 844 962 893 quam
1002 837 1058 877 tu
1097 829 1237 889 mihi,
1282 831 1452 889 Brute,
1495 834 1631 882 adhi-

280 905 431 954 buisti
470 906 568 954 tuis
605 907 906 956 suavissimis
941 908 1127 970 literis3
1182 910 1360 975 quibus
1396 929 1476 961 me
1512 912 1629 963 forti

278 986 446 1035 animo
483 1003 588 1036 esse
625 996 856 1053 oportere
894 991 1149 1050 censebas,
1190 991 1325 1055 quod
1361 1010 1419 1041 ea
1454 994 1630 1058 gessis-

277 1083 401 1127 sem,
427 1084 554 1132 quae
581 1068 643 1116 de
669 1086 768 1129 me,
795 1070 944 1118 etiam
971 1087 1050 1119 me
1076 1079 1293 1129 tacente,
1322 1073 1427 1139 ipsa
1459 1074 1628 1140 loque-

278 1156 465 1206 rentur,
516 1156 815 1214 mortuoque
854 1150 1095 1199 viverent.
1192 1152 1351 1211 Quae,
1404 1154 1442 1202 si
1489 1164 1627 1206 recte

278 1236 427 1289 esset,
477 1228 634 1278 salute
676 1230 1016 1294 reipublicae3
1080 1231 1153 1279 sin
1202 1250 1359 1291 secus,
1421 1235 1627 1286 interitu

276 1309 398 1373 ipso,
437 1309 781 1358 testimonium
819 1327 1044 1358 meorum
1088 1311 1150 1359 de
1186 1313 1443 1376 republica
1468 1317 1626 1365 consi-

271 1387 452 1438 liorum
478 1391 671 1438 darent.

341 1470 441 1518 Sed
480 1470 532 1517 in
573 1478 624 1519 te
666 1471 886 1531 intuens,
940 1472 1114 1532 Brute,
1163 1473 1339 1535 dole03
1392 1475 1533 1540 cujus
1571 1477 1622 1525 in
1657 1493 1766 1556 97·

274 1549 682 1611 adolescentiam,
722 1568 814 1617 per
854 1552 1042 1600 medias
1065 1552 1238 1602 laudes
1265 1556 1403 1619 quasi
1429 1557 1623 1620 quadri-

273 1630 349 1695 gis
373 1631 663 1692 vehentem,
680 1638 960 1680 transversa
984 1631 1194 1680 incurrit
1219 1633 1397 1682 misera
1421 1634 1624 1685 fortuna

271 1709 592 1775 reipublicae.
680 1709 783 1758 Hic
837 1727 916 1759 me
966 1710 1107 1760 dolor
1155 1712 1314 1777 angit,
1368 1713 1492 1763 haec
1541 1733 1620 1765 me

270 1808 392 1839 cura
416 1789 668 1850 sollicitat,
703 1798 754 1839 et
777 1790 912 1838 hunc
938 1807 1157 1851 mecum,
1183 1793 1373 1841 socium
1400 1793 1623 1859 ejusdem

273 1879 324 1919 et
348 1871 526 1919 amoris
553 1878 603 1918 et
635 1870 833 1934 judicii.
905 1870 1022 1919 Tibi
1057 1870 1296 1928 favemus,
1338 1882 1389 1921 te
1415 1882 1501 1922 tua
1524 1874 1624 1924 frui

271 1951 456 1999 virtute
497 1951 755 2015 cupimus:
799 1950 891 1998 tibi
932 1958 1161 2015 optamus
1205 1968 1313 2000 eam
1356 1955 1623 2019 rempubli-

273 2047 402 2090 cam,
443 2030 494 2077 in
534 2047 632 2095 qua
673 2030 884 2078 duorum
927 2048 1170 2095 generum
1208 2032 1619 2097 amplissimorum

271 2126 509 2159 renovare
526 2110 814 2158 memoriam
836 2118 985 2175 atque
1005 2128 1188 2176 augere
1208 2112 1378 2176 possis.
1452 2113 1621 2164 Tuum

273 2191 404 2240 enim
431 2189 613 2250 forum,
649 2199 792 2238 tuum
831 2199 936 2239 erat
960 2189 1086 2239 illud
1112 2192 1447 2242 curriculum:
1486 2202 1541 2243 tu
1567 2195 1621 2243 il-

269 2271 352 2319 luc
377 2288 584 2320 veneras
620 2287 764 2328 unus,
804 2271 888 2336 qui
913 2287 1014 2319 non
1039 2270 1263 2337 linguam
1289 2274 1438 2322 modo
1464 2276 1621 2324 acuis-

269 2368 345 2401 ses
370 2352 732 2413 exercitatione
759 2351 980 2412 dicendi,
1017 2352 1105 2400 sed
1131 2360 1182 2400 et
1205 2353 1361 2418 ipsam
1388 2354 1622 2420 eloquen-

267 2433 388 2480 tiam
430 2431 837 2497 locupletavisses
884 2432 1169 2496 graviorum
1212 2434 1392 2481 artium
1440 2435 1620 2484 instru-

268 2519 456 2569 mento,
497 2521 548 2559 et
585 2511 761 2559 iisdem
805 2511 993 2559 artibus
1036 2511 1191 2560 decus
1233 2529 1381 2561 omne
1423 2514 1620 2564 virtutis

268 2607 384 2640 cum
421 2606 613 2638 summa
649 2589 964 2654 eloquentiae
1000 2590 1148 2639 laude
1177 2590 1445 2655 junxisses.
1539 2594 1618 2642 Ex

266 2678 317 2719 te
357 2669 543 2735 duplex
586 2686 675 2718 nos
712 2669 864 2718 afficit
900 2669 1203 2730 sollicitudo,
1254 2672 1389 2736 quod
1426 2681 1476 2720 et
1511 2673 1617 2739 ipse

265 2749 523 2815 republica
549 2765 735 2808 careas,
753 2755 804 2797 et
819 2747 902 2796 illa
926 2756 993 2796 te.
1067 2748 1148 2796 Tu
1173 2758 1341 2798 tamen
1362 2752 1481 2816 (etsi
1507 2769 1616 2801 cur-

266 2847 375 2878 sum
411 2829 601 2895 ingenii
626 2828 719 2888 tui,
757 2828 932 2887 Brute,
967 2829 1151 2892 premit
1182 2828 1307 2878 haec
1331 2830 1616 2896 importuna

267 2909 433 2959 clades
475 2908 715 2972 civitatis)
754 2908 958 2958 contine
1000 2916 1050 2958 te
1092 2909 1144 2959 in
1179 2910 1277 2960 tuis
1312 2912 1614 2978 perennibus
