2071 3508
774 386 943 427 LIBER
973 386 1198 428 ramus.
1600 398 1651 434 39

314 503 451 560 mihi,
493 498 682 547 etiamsi
726 504 1066 545 commovetur
1113 496 1163 543 in
1207 496 1439 557 dicendo,
1481 509 1648 553 tamen

312 579 571 644 impudens
596 575 807 624 videtur.
868 575 984 623 Non
1010 575 1141 623 enim
1165 576 1421 639 pudendo,
1448 580 1649 631 sednon

310 656 541 706 faciendo
577 655 648 713 id,
689 654 823 719 quod
858 670 958 703 non
995 654 1156 711 decet,
1196 654 1533 719 impudentiae
1564 676 1649 709 no-

309 752 426 788 men
449 734 667 799 effugere
692 733 947 782 debemus.
1019 733 1183 791 Quem
1207 751 1325 782 vero
1350 751 1449 783 non
1474 739 1648 801 pudet,
1669 748 1775 787 121.

306 815 386 880 (id
420 814 555 879 quod
593 815 644 862 in
678 813 924 878 plerisque
960 813 1131 874 video)
1168 813 1302 862 hunc
1329 830 1423 878 ego
1449 832 1548 864 non
1574 835 1648 867 re-

304 893 633 958 prehensione
681 892 858 951 solum,
906 892 993 941 sed
1040 892 1188 940 etiam
1235 909 1397 957 poena
1440 895 1647 960 dignum

305 981 443 1037 puto.
494 961 741 1038 Equidem
766 982 816 1023 et
840 975 890 1022 in
914 975 1052 1023 vobis
1077 975 1469 1025 animadvertere
1496 979 1649 1042 soleo,

305 1059 359 1100 et
381 1052 433 1100 in
458 1053 646 1117 meipso
671 1054 952 1119 saepissime
978 1054 1222 1118 experior,
1253 1062 1309 1102 ut
1335 1056 1647 1107 exalbescam

306 1131 358 1179 in
381 1132 636 1198 principiis
662 1134 882 1194 dicendi,
903 1142 952 1183 et
976 1142 1081 1183 tota
1107 1143 1293 1194 mente,
1319 1144 1467 1200 atque
1493 1140 1648 1186 omni-

306 1212 398 1260 bus
423 1214 626 1262 artubus
646 1215 1042 1263 contremiscam.
1095 1215 1515 1264 Adolescentulus
1531 1235 1649 1266 vero

306 1291 377 1342 sic
416 1293 558 1341 initio
599 1294 928 1342 accusationis
965 1294 1274 1356 effanimatus
1299 1312 1421 1351 sum,
1461 1304 1517 1344 ut
1551 1295 1648 1345 hoc

307 1386 554 1420 summum
573 1372 870 1421 beneficium
893 1373 955 1430 Q.
980 1373 1205 1420 Maximo
1223 1373 1497 1433 debuerim,
1515 1376 1649 1438 quod

308 1452 548 1499 continuo
587 1451 855 1499 concilium
893 1451 1151 1509 dimiserit,
1189 1451 1393 1500 simulac
1419 1468 1498 1500 me
1524 1452 1650 1501 frac-

305 1538 413 1578 tum
438 1547 496 1578 ac
523 1530 836 1578 debilitatum
856 1538 994 1578 metu
1018 1530 1212 1578 viderit,

373 1610 475 1657 Hic
513 1625 686 1658 omnes
720 1610 919 1666 assensi,
959 1609 1234 1674 significare
1270 1610 1400 1658 inter
1436 1626 1560 1669 sese,
1597 1620 1647 1660 et
1668 1625 1773 1665 122,

306 1689 522 1754 colloqui
547 1698 837 1755 coeperunt.
888 1690 1003 1738 Fuit
1028 1690 1159 1738 enim
1186 1690 1418 1739 mirificus
1445 1691 1646 1755 quidam

305 1767 357 1816 in
382 1769 559 1818 Crasso
594 1769 775 1834 pudor,
818 1769 902 1833 qui
944 1777 1111 1817 tamen
1138 1785 1237 1817 non
1263 1770 1412 1818 modo
1437 1787 1537 1818 non
1563 1772 1646 1819 ob-

302 1856 434 1897 esset
458 1847 562 1912 ejus
588 1848 816 1908 orationi,
837 1848 925 1896 sed
944 1848 1093 1896 etiam
1118 1849 1378 1913 probitatis
1396 1866 1646 1899 commen-

302 1928 504 1976 datione
544 1927 817 1992 prodesset.
892 1927 1024 1974 Tum
1069 1927 1339 1986 Antonius,
1379 1928 1554 1993 Saepe,
1590 1936 1646 1978 ut
1661 1914 1766 1975 27.

303 2006 448 2064 dicis,
472 2006 652 2070 inquit,
678 2005 1023 2064 animadverti,
1051 2006 1238 2061 Crasse,
1280 2014 1331 2053 et
1354 2015 1424 2065 te,
1461 2016 1512 2055 et
1537 2025 1645 2056 cae-

302 2093 435 2132 teros
461 2101 676 2132 summos
701 2091 937 2142 oratores,
963 2100 1244 2147 quanquam
1268 2085 1359 2134 tibi
1394 2102 1499 2149 par,
1536 2103 1647 2134 mea

304 2164 570 2223 sententia,
595 2180 743 2212 nemo
768 2180 986 2227 unquam
1011 2162 1125 2222 fuit,
1145 2163 1195 2210 in
1216 2164 1416 2212 dicendi
1441 2167 1646 2214 exordio

301 2243 595 2307 permoveri.
651 2242 805 2307 Cujus
826 2242 1027 2306 quidem
1052 2242 1123 2290 rei
1149 2259 1264 2290 cum
1284 2259 1482 2291 causam
1499 2260 1644 2310 quae·
1665 2258 1771 2297 123.

302 2338 480 2381 rerem,
506 2322 743 2387 quidnam
769 2329 916 2380 esset,
942 2337 1048 2380 cur,
1073 2328 1130 2369 ut
1152 2321 1203 2368 in
1229 2338 1426 2386 quoque
1451 2332 1644 2374 oratore

300 2401 570 2466 plurimum
595 2408 742 2459 esset,
767 2401 836 2448 ita
861 2400 1074 2447 maxime
1091 2400 1130 2447 is
1149 2401 1644 2465 pertimescei·et,has

302 2497 474 2529 causas
499 2480 811 2529 inveniebam
837 2479 958 2527 duas
980 2498 991 2526 :
1032 2479 1215 2538 Unam,
1241 2480 1375 2544 quod
1399 2482 1643 2547 intellige-

302 2568 414 2608 rent
437 2560 490 2618 ii,
517 2576 638 2624 quos
674 2575 790 2606 usus
826 2576 883 2607 ac
921 2566 1096 2606 natura
1121 2558 1390 2618 docuisset,
1416 2576 1642 2608 nonnun-

302 2656 448 2704 quam
475 2638 676 2686 summis
701 2639 974 2686 oratoribus
1010 2654 1110 2685 non
1147 2639 1261 2686 satis
1298 2656 1359 2686 ex
1396 2640 1643 2688 sententia

302 2726 537 2767 eventum
585 2717 784 2765 dicendi
831 2717 1102 2782 procedere
1124 2737 1137 2775 ;
1188 2717 1256 2764 ita
1303 2734 1403 2765 non
1445 2719 1639 2783 injuria,

300 2797 693 2863 quotiescunque
720 2796 963 2855 dicerent,
989 2795 1058 2855 id,
1085 2795 1218 2860 quod
1243 2796 1506 2861 aliquando
1531 2816 1639 2863 pos-

302 2885 377 2926 set
400 2877 651 2937 accidere,
683 2894 746 2926 ne
771 2885 878 2926 tum
904 2877 1173 2936 accideret,
1198 2878 1390 2927 timere.
1463 2879 1637 2928 Altera
1658 2889 1765 2929 124.

1234 2975 1262 3008 C
1282 2967 1315 3005 4
