2071 3508
617 402 622 408 ³
677 412 845 450 LIBER
877 409 1184 458 SECUNDUS.
1528 421 1606 461 207

335 521 435 570 Sed
459 518 655 586 quando
680 520 923 568 utendum
950 520 1026 577 sit,
1072 528 1159 569 aut
1197 537 1297 569 non
1338 523 1418 583 sit,
1444 541 1605 575 narra-

268 600 421 659 tione,
462 599 513 646 id
538 606 612 647 est
638 598 845 647 consilii.
917 599 1097 664 Neque
1123 600 1274 660 enim,
1311 601 1350 649 si
1387 611 1506 651 nota
1529 622 1606 653 res

267 686 359 739 est,
400 695 494 726 nec
531 678 737 726 dubium
775 678 894 743 quid
917 686 1115 743 gestum
1141 680 1222 740 sit,
1253 682 1437 729 narrari
1464 699 1606 748 opor-

266 765 372 818 tet3
413 773 506 805 nec
549 757 587 805 si
629 757 935 806 adversarius
960 759 1193 818 narravit,
1233 760 1327 808 nisi
1353 761 1391 809 si
1416 761 1608 811 refelle-

265 824 406 884 mus:
463 853 540 895 ac,
579 835 617 883 si
660 836 859 901 quando
902 837 996 885 erit
1036 839 1357 900 narrandum,
1400 857 1464 889 ne
1505 840 1608 902 illa,

264 933 390 981 quae
415 916 748 981 suspicionem
775 924 825 965 et
851 916 1038 966 crimen
1064 918 1298 979 efficient,
1336 928 1610 986 contraque

264 1012 354 1044 nos
397 1005 560 1056 eruut,
599 997 779 1045 acriter
818 1014 1193 1062 persequamur,
1237 1007 1304 1057 et,
1359 1001 1607 1066 quidquid

263 1075 467 1140 poterit,
495 1076 842 1124 detrahamus:
882 1093 945 1125 ne
970 1076 1114 1137 illud,
1151 1079 1285 1143 quod
1311 1080 1534 1140 CrassuS,
1572 1081 1609 1128 si

266 1156 465 1220 quando
490 1155 592 1214 fiat,
616 1154 840 1220 perfidia,
865 1172 966 1203 non
991 1155 1200 1205 stultitia
1222 1157 1327 1206 fieri
1351 1166 1515 1222 putat,
1555 1167 1612 1207 ut

267 1250 444 1283 causae
487 1251 774 1293 noceamus,
814 1235 1025 1284 accidat.
1097 1236 1229 1284 Nam
1268 1237 1332 1284 ad
1368 1254 1610 1286 summam

266 1314 420 1362 totius
446 1331 621 1363 causae
647 1315 884 1379 pertinet,
912 1322 1075 1375 caute,
1101 1332 1167 1363 an«
1190 1324 1381 1375 contra,
1408 1317 1611 1365 demon-

268 1401 420 1441 strata
458 1411 534 1442 res
577 1394 669 1453 sit3
727 1393 861 1457 quod
903 1394 1061 1441 omnis
1109 1395 1345 1443 orationis
1392 1395 1611 1460 reliquae

268 1471 377 1520 fons
404 1481 478 1521 est
502 1473 732 1521 narratio.
807 1473 1059 1536 Sequitur,
1097 1482 1154 1522 ut
1188 1492 1336 1523 causa
1358 1484 1607 1540 ponatur3

266 1551 318 1598 in
343 1569 442 1617 quo
468 1552 739 1600 videndum
766 1560 858 1612 est,
898 1553 1018 1617 quid
1042 1553 1090 1600 in
1120 1555 1507 1603 controversiam
1531 1573 1613 1607 ve-

266 1632 385 1679 niat.
458 1631 591 1680 Tum
617 1632 932 1697 suggerenda
956 1640 1072 1697 sunt
1100 1633 1410 1683 firmamenta
1435 1652 1613 1685 causae

269 1709 556 1775 conjuncte,
583 1719 633 1759 et
656 1711 962 1760 infirmandis
988 1714 1266 1773 contrariis,
1299 1722 1351 1762 et
1372 1715 1472 1763 tuis
1498 1733 1614 1764 con-

267 1791 518 1839 firmandis
541 1810 552 1838 :
592 1808 806 1856 namque
831 1808 932 1840 una
956 1792 1004 1839 in
1034 1793 1193 1841 causis
1218 1795 1343 1843 ratio
1369 1795 1614 1859 quaedam

268 1879 343 1919 est
368 1871 471 1936 ejus
496 1872 753 1931 orationis,
777 1889 905 1935 quae
931 1873 994 1921 ad
1017 1874 1327 1937 probandam
1352 1892 1615 1940 argumen-

267 1951 509 1999 tationem
551 1950 698 1999 valet.
770 1951 846 1999 Ea
883 1959 1051 1998 autem
1094 1961 1145 1998 et
1187 1952 1613 2002 confirmationem

271 2039 323 2078 et
360 2030 797 2096 reprehensionem
835 2030 1029 2094 quaerit
1051 2048 1062 2077 z
1103 2031 1190 2079 sed
1216 2032 1331 2096 quia
1354 2049 1516 2099 neque
1541 2051 1615 2082 re-

270 2109 531 2174 prehendi,
574 2125 699 2174 quae
743 2117 917 2157 contra
959 2109 1213 2169 dicuntur,
1260 2120 1482 2175 possunt,
1521 2112 1615 2161 nisi

271 2197 357 2237 tua
383 2188 678 2248 confirme53
719 2204 882 2252 neque
921 2187 1046 2236 haec
1085 2188 1384 2250 confirmari,
1414 2191 1507 2240 nisi
1532 2191 1616 2240 illa

272 2268 604 2335 reprehendas
623 2289 636 2328 3
664 2267 853 2315 idcirco
872 2266 996 2314 haec
1017 2274 1067 2315 et
1086 2276 1280 2329 natura,
1306 2278 1357 2318 et
1380 2270 1612 2329 utilitate,

272 2357 325 2399 et
365 2347 663 2398 tractatione
707 2346 977 2411 conjuncta
1019 2355 1149 2396 sunt.
1221 2348 1407 2398 Omnia
1448 2360 1615 2400 autem

273 2427 622 2478 concludenda
645 2426 938 2492 plerumque
974 2428 1121 2476 rebus
1145 2429 1405 2492 augendis,
1441 2430 1520 2478 vel
1544 2431 1616 2478 in-

274 2507 573 2556 flammando
611 2505 804 2571 judice,
846 2506 924 2554 vel
973 2507 1279 2572 mitigando:
1333 2509 1616 2574 omniaque,

275 2605 390 2637 cum
432 2587 764 2652 superioribus
802 2587 1038 2636 orationis
1077 2588 1218 2647 locis,
1258 2596 1364 2636 tum
1401 2590 1617 2639 maxime

275 2676 516 2723 extremo,
544 2667 607 2714 ad
633 2674 824 2714 mentes
840 2667 1071 2731 judicum
1097 2684 1244 2731 quam
1270 2668 1483 2717 maxime
1507 2686 1617 2735 per·

276 2747 564 2807 movendas,
606 2754 657 2794 et
693 2746 757 2794 ad
791 2746 1058 2795 utilitatem
1096 2755 1312 2796 nostram
1348 2750 1615 2810 vocandas,

276 2827 581 2878 conferenda
605 2834 736 2875 sunt.
806 2827 985 2892 Neque
1012 2844 1127 2876 sane
1158 2826 1263 2892 jam
1300 2845 1446 2877 causa
1480 2829 1616 2880 vide-

279 2914 357 2955 tur
383 2924 508 2967 csse,
545 2923 633 2955 cur
657 2924 971 2957 secernamus
997 2924 1054 2956 ea
1077 2916 1362 2974 praecepta,
1401 2925 1526 2973 quae
1553 2910 1615 2959 de

1644 529 1749 589 81.

1640 624 1752 663 330.

1646 1501 1759 1543 331.

1646 2367 1673 2407 ω

1680 2367 1707 2405 ω

1713 2366 1748 2405 10

1648 2847 1762 2889 333.
