2071 3508
400 686 504 745 53.

539 440 616 481 374
1037 444 1112 482 DE
1147 442 1346 483 CLARIS

540 548 646 611 quis
688 558 815 599 esset
854 550 905 597 in
942 551 1142 616 populo,
1171 553 1253 616 qui
1289 559 1374 600 aut
1410 558 1736 614 exspectaret,
1773 556 1858 598 aut

539 626 643 675 fieri
667 645 807 692 posse
833 630 1097 694 quidquam
1122 630 1296 679 melius
1318 637 1516 695 putaret
1536 630 1552 678 ?

610 705 682 754 At
704 723 838 765 vero,
863 716 920 754 ut
943 716 1114 756 contra
1133 709 1333 756 Crassus
1357 709 1416 756 ab
1442 706 1756 755 adolescente
1781 706 1862 755 de-

541 783 709 843 licato,
735 784 817 848 qui
857 785 907 835 in
944 785 1086 833 litore
1124 786 1376 835 ambulans
1401 785 1636 834 scalmum
1660 784 1862 849 reperis-

543 870 632 919 set,
673 865 734 912 ob
777 880 979 926 eamque
1018 881 1121 913 rem
1147 864 1402 915 aedificare
1428 881 1604 912 navem
1630 862 1862 927 concupi-

526 941 708 999 *isset,
734 958 933 993 exorsus
970 950 1073 1001 est;
1113 942 1333 990 similiter
1369 942 1652 993 Scaevolam
1678 958 1740 990 ex
1763 956 1864 989 uno

545 1017 727 1066 scalmo
764 1020 1017 1084 captionis,
1057 1028 1258 1067 centum
1280 1020 1430 1068 virale
1445 1019 1692 1083 judicium
1726 1019 1865 1068 here-

546 1095 711 1144 ditatis
738 1095 987 1149 effecisse:
1025 1096 1120 1146 hoc
1161 1096 1212 1142 in
1249 1096 1332 1147 illo
1369 1096 1511 1144 initio
1550 1104 1865 1155 consecutus,

545 1173 709 1222 multis
735 1172 951 1236 ejusdem
971 1173 1164 1236 generis
1183 1174 1438 1221 sententiis
1464 1173 1747 1233 delectavit,
1766 1174 1867 1225 ani-

546 1268 748 1315 mosque
786 1252 1022 1309 omnium,
1065 1250 1147 1314 qui
1188 1250 1409 1309 aderant,
1444 1250 1495 1297 in
1519 1251 1814 1304 hilaritatem
1838 1270 1869 1300 a

547 1331 806 1378 severitate
830 1330 1079 1378 traduxit:
1118 1329 1251 1393 quod
1287 1337 1361 1377 est
1397 1345 1551 1377 unum
1594 1346 1657 1377 ex
1692 1329 1867 1389 tribus,

547 1427 671 1474 quae
697 1409 799 1457 dixi
823 1411 882 1458 ab
909 1416 1098 1457 oratore
1129 1407 1254 1456 effici
1285 1407 1481 1457 debere.
1549 1407 1748 1456 Deinde
1771 1407 1868 1456 hoc

547 1488 758 1536 voluisse
782 1505 913 1547 eum,
933 1489 1016 1552 qui
1035 1495 1383 1536 testamentum
1401 1487 1618 1547 fecisset,
1641 1487 1736 1536 hoc
1761 1503 1869 1536 sen-

549 1567 686 1626 sisse,
711 1584 908 1632 quoquo
932 1567 1079 1615 modo
1103 1566 1228 1616 filius
1252 1583 1353 1615 non
1378 1575 1524 1626 esset,
1550 1567 1632 1631 qui
1655 1567 1707 1614 in
1732 1583 1869 1615 suam

549 1646 755 1694 tutelam
793 1647 1001 1704 veniret,
1037 1646 1136 1693 sive
1169 1662 1269 1693 non
1293 1654 1451 1702 natus,
1480 1647 1580 1694 sive
1605 1653 1719 1694 ante
1743 1662 1869 1694 mor-

549 1733 678 1782 tuus,
706 1725 882 1781 Curius
906 1725 1045 1781 heres
1081 1733 1137 1780 ut
1166 1732 1323 1773 esset:
1360 1726 1429 1773 ita
1454 1725 1665 1773 scribere
1689 1724 1872 1788 pleros-

550 1821 660 1868 que,
688 1810 739 1850 et
761 1803 813 1850 id
836 1801 1014 1860 valere,
1041 1809 1091 1849 et
1113 1802 1318 1858 valuisse
1343 1818 1548 1866 semper.
1621 1801 1779 1858 Haec,
1818 1809 1870 1850 et

551 1880 703 1930 multa
729 1878 966 1943 ejusmodi
992 1880 1179 1938 dicens,
1203 1879 1349 1927 fidem
1367 1879 1581 1931 faciebat
1602 1897 1613 1927 :
1641 1879 1774 1943 quod
1797 1889 1872 1928 est

552 1976 612 2007 ex
638 1959 793 2007 tribus
835 1959 1037 2006 oratoris
1075 1958 1243 2006 officiis
1279 1957 1501 2006 alterum.
1572 1958 1771 2006 Deinde
1796 1976 1873 2007 ae-

552 2054 703 2102 quum
733 2039 919 2086 bonum
954 2044 1359 2085 testamentorum
1395 2037 1677 2093 sententias,
1703 2036 1874 2085 volun-

552 2123 777 2179 tatesque
802 2123 989 2162 tutatus
1015 2123 1088 2162 est
1109 2133 1120 2162 z
1149 2122 1331 2179 quanta
1355 2123 1482 2171 esset
1504 2115 1555 2161 in
1578 2114 1739 2163 verbis
1763 2132 1875 2179 cap-

555 2195 644 2252 tio,
681 2210 794 2241 cum
828 2194 879 2240 in
919 2194 1123 2248 caeteris
1158 2195 1321 2252 rebus,
1345 2201 1450 2241 tum
1475 2193 1526 2241 in
1549 2195 1890 2254 testamentis,

557 2273 596 2319 si
638 2272 1006 2336 negligerentur
1042 2271 1353 2326 voluntates:
1392 2280 1623 2336 quantam
1665 2273 1755 2326 sibi
1789 2289 1874 2337 po-

558 2351 764 2398 tentiam
807 2349 1039 2398 Scaevola
1079 2357 1364 2408 assumeret,
1407 2350 1445 2399 si
1486 2366 1632 2397 nemo
1671 2351 1877 2405 auderet

559 2436 909 2488 testamentum
932 2427 1095 2477 facere
1118 2435 1303 2492 postea,
1328 2427 1421 2475 nisi
1446 2427 1508 2475 de
1531 2428 1659 2483 illius
1683 2437 1876 2483 senten·
1928 2473 1937 2477 -

560 2508 644 2564 tia.
716 2507 858 2564 Haec
897 2523 1010 2554 cum
1049 2507 1280 2570 graviter,
1312 2513 1418 2553 tum
1453 2507 1512 2555 ab
1538 2506 1774 2571 exemplis
1798 2525 1878 2556 co-

561 2585 715 2650 piose,
755 2593 863 2644 tum
897 2585 1045 2643 varie,
1083 2593 1188 2632 tum
1214 2585 1359 2632 etiam
1383 2583 1608 2642 ridicule,
1644 2593 1694 2632 et
1715 2583 1877 2640 facete

565 2662 833 2726 explicans,
875 2678 981 2721 eam
1019 2661 1408 2720 admirationem,
1454 2661 1877 2727 assensionemque

568 2740 847 2800 commovit,
886 2740 1065 2800 dixisse
1105 2747 1162 2787 ut
1207 2746 1378 2788 contra
1423 2755 1569 2787 nemo
1614 2739 1877 2789 videretur.

570 2820 684 2879 Hoc
731 2827 836 2867 erat
870 2819 1072 2876 oratoris
1113 2818 1326 2866 officium
1361 2818 1624 2883 partitione
1661 2818 1879 2878 tertium,

569 2915 749 2963 genere
785 2898 1070 2946 maximum.
1141 2897 1242 2947 Hic
1281 2896 1364 2946 ille
1405 2896 1467 2947 de
1500 2897 1682 2964 populo
1704 2895 1879 2967 judex,
