2071 3508
726 363 894 406 LIBER
924 366 1175 407 TERTIUS.
1548 371 1627 408 289

288 476 660 525 continuatione
695 474 859 522 nullus
897 483 1000 523 est:
1046 474 1318 533 distinctio,
1363 482 1415 522 et
1450 492 1625 540 aequa-

284 553 406 604 lium
432 564 483 605 et
507 571 651 618 saepe
676 553 923 601 variorum
958 552 1330 601 intervallorum
1354 555 1625 617 percussio,

284 650 544 682 numerum
583 631 814 680 conficit:
854 649 1003 696 quem
1043 632 1092 678 in
1133 631 1426 680 cadentibus
1450 634 1622 696 guttis,

283 712 417 776 quod
439 710 710 760 intervallis
736 711 1129 775 distinguuntur,
1145 718 1318 759 notare
1335 728 1621 776 possumus3

280 790 332 838 in
356 791 489 838 amni
512 790 874 855 praecipitante
910 806 1012 838 non
1046 806 1322 854 possumus.
1395 790 1546 848 Quod
1583 792 1623 839 si

280 870 592 918 continuatio
616 870 881 918 verborum
906 869 1030 918 haec
1073 869 1234 918 soluta
1257 869 1414 919 multo
1441 879 1515 919 est
1539 889 1622 936 ap-

275 947 373 996 tior
398 954 546 1014 atque
563 948 856 1014 jucundior,
881 949 920 997 si
946 957 1020 997 est
1045 949 1264 997 articulis
1288 951 1621 1016 membrisque

277 1027 532 1088 distincta,
592 1046 739 1094 quam
793 1029 832 1077 si
886 1029 1177 1078 continuata
1223 1047 1281 1078 ac
1329 1030 1574 1095 producta
1600 1054 1615 1093 3

273 1109 496 1157 membra
520 1108 603 1157 illa
628 1108 912 1157 modificata
952 1126 1058 1157 esse
1097 1109 1386 1170 debebunt3
1428 1128 1552 1176 quae
1579 1113 1617 1160 si

271 1186 326 1235 in
370 1196 596 1237 extremo
633 1188 860 1237 breviora
884 1197 1014 1246 sunt,
1058 1187 1346 1254 infringitur
1370 1189 1452 1238 ille
1479 1192 1616 1255 quasi

272 1268 538 1316 verborum
564 1269 778 1317 ambitus
801 1287 812 1317 :
852 1269 921 1317 sic
948 1269 1079 1317 enim
1115 1268 1202 1316 has
1238 1269 1472 1317 orationis
1500 1287 1616 1318 con-

269 1348 519 1397 versiones
562 1347 746 1397 Graeci
788 1349 1063 1397 nominant.
1153 1349 1321 1406 Quare
1359 1358 1445 1396 aut
1479 1351 1617 1414 paria

270 1445 375 1476 esse
397 1428 584 1477 debent
606 1429 878 1493 posteriora
902 1428 1251 1492 superioribus,
1272 1436 1495 1476 extrema
1518 1430 1615 1493 pri-

267 1509 395 1569 1nis3
435 1517 540 1568 aut,
579 1508 713 1573 quod
751 1509 901 1557 etiam
944 1516 1019 1556 est
1053 1507 1227 1556 melius
1254 1516 1303 1556 et
1318 1507 1613 1572 jucundius,

268 1587 510 1653 longiora.

336 1668 508 1733 Atque
551 1669 675 1718 haec
720 1671 921 1735 quidem
963 1671 1023 1719 ab
1049 1670 1105 1718 iis
1130 1670 1452 1735 philosophis,
1490 1688 1611 1735 quos
1643 1661 1751 1725 4⁴9.

263 1757 321 1797 tu
345 1749 562 1797 maxime
588 1749 770 1815 diligis,
811 1749 1008 1810 Catule,
1046 1750 1180 1798 dicta
1205 1758 1352 1798 sunt:
1393 1751 1527 1815 quod
1553 1769 1611 1800 eo
1646 1758 1753 1802 187.

265 1829 459 1893 saepius
483 1828 738 1888 testificor,
777 1838 835 1877 ut
872 1829 1156 1878 auctoribus
1192 1828 1452 1877 laudandis
1476 1831 1613 1896 inep-

261 1909 443 1957 tiarum
470 1909 659 1958 crimen
685 1909 932 1973 effugiam.
1008 1909 1231 1965 Quarum
1259 1910 1498 1957 tandem?
1537 1911 1609 1958 in-

262 1989 371 2054 quit
396 1988 604 2038 Catulus
626 2010 639 2049 ;
681 1997 768 2037 aut
809 1989 929 2053 quid
970 1989 1306 2054 disputatione
1331 1990 1425 2037 ista
1448 1990 1607 2039 afferri

261 2077 429 2135 potest
454 2069 748 2134 elegantius,
769 2079 855 2117 aut
879 2069 1082 2117 omnino
1108 2069 1207 2117 dici
1232 2070 1457 2118 subtilius
1479 2071 1495 2118 ?
1535 2071 1607 2120 At
1642 2083 1748 2125 188.

262 2149 394 2197 enim
419 2166 611 2208 vereor,
647 2149 808 2214 inquit
852 2149 1069 2206 Crassus,
1107 2165 1170 2197 ne
1212 2149 1336 2196 haec
1373 2158 1458 2198 aut
1484 2151 1605 2198 diffi-

261 2227 432 2276 ciliora
471 2229 577 2277 istis
620 2228 682 2276 ad
723 2228 1121 2294 persequendum
1164 2245 1269 2276 esse
1305 2229 1599 2296 videantur3

257 2315 363 2368 aut,
406 2309 521 2373 quia
562 2325 663 2357 non
700 2309 966 2357 traduntur
1006 2308 1058 2354 in
1099 2308 1290 2372 vulgari
1333 2309 1425 2357 ista
1461 2312 1605 2362 disci-

254 2387 409 2454 plina,
446 2405 535 2436 nos
578 2406 636 2437 ea
671 2388 856 2453 majora
896 2405 954 2435 ac
998 2387 1271 2436 difficiliora
1294 2389 1451 2438 videri
1476 2394 1602 2444 velle

255 2468 529 2516 videamur.
602 2468 734 2516 Tum
761 2467 987 2527 Catulus,
1014 2467 1174 2524 Erras,
1201 2468 1381 2533 inquit,
1408 2471 1598 2533 Crasse,

257 2547 297 2595 si
322 2555 409 2595 aut
432 2564 531 2607 me,
551 2556 638 2596 aut
660 2548 837 2596 horum
864 2564 1159 2612 quemquam
1179 2557 1323 2612 putas
1349 2567 1376 2597 a
1400 2558 1450 2598 te
1475 2552 1599 2604 haec

258 2644 411 2693 opera
451 2628 739 2692 quotidiana
774 2636 825 2676 et
858 2635 1128 2692 pervagata
1152 2637 1447 2692 expectare:
1486 2633 1598 2694 ista,

255 2725 383 2773 quae
410 2708 551 2767 dicis,
578 2707 677 2756 dici
702 2707 928 2756 volumus
949 2728 962 2767 3
991 2723 1152 2772 neque
1177 2716 1280 2756 tam
1306 2709 1424 2769 dici,
1450 2728 1597 2775 quam

254 2787 350 2839 isto
392 2787 492 2839 dici
532 2787 717 2853 m0d03
770 2804 932 2854 neque
964 2787 1054 2839 tibi
1078 2787 1174 2837 hoc
1198 2805 1289 2853 pro
1314 2806 1392 2839 me
1419 2791 1596 2856 solum,

1229 2885 1258 2917 Τ
