2071 3508
877 362 1085 413 (91)

575 662 650 711 M.
689 661 939 712 TULLII
976 663 1360 716 CICERONIS

943 872 999 898 DE

551 1032 1390 1100 ORATORE

937 1253 998 1279 AD

732 1400 795 1457 Q.
834 1399 1189 1449 FRATREM

618 1684 900 1733 DIALOGUS,
930 1686 1021 1720 SEU
1048 1686 1206 1721 LIBER
1238 1686 1296 1720 11.

296 1822 516 1885 MAGNA
541 1835 682 1883 nobis
706 1835 890 1900 pueris,
918 1835 1107 1892 Quinte
1134 1834 1305 1894 frater,
1332 1834 1371 1882 si
1402 1835 1638 1886 memoria
1678 1838 1729 1896 1,

293 1921 453 1972 tenes,
478 1912 645 1977 opinio
669 1912 783 1972 fuit,
809 1912 868 1960 L.
897 1911 1128 1960 Crassum
1154 1928 1255 1960 non
1278 1911 1389 1976 plus
1414 1912 1635 1977 attigisse
1672 1934 1712 1972 l.

295 1992 570 2051 doctrinae,
595 2008 744 2056 quam
769 1999 1009 2056 quantum
1039 1991 1198 2056 pr1ma
1234 1990 1318 2039 illa
1351 1991 1528 2056 puerili
1564 1992 1636 2040 in-

294 2071 552 2120 stitutione
576 2071 853 2135 potuisset3
894 2069 970 2118 M.
1004 2077 1171 2119 autem
1217 2069 1496 2119 Antonium
1533 2087 1635 2119 om-

295 2151 413 2198 nino
445 2150 604 2199 omnis
630 2149 922 2198 eruditionis
947 2157 1205 2214 expertem
1232 2157 1381 2214 atque
1405 2149 1634 2214 ignarum

291 2229 476 2278 fuisse:
515 2237 754 2294 erantque
795 2227 958 2287 multi,
994 2228 1097 2292 qui,
1133 2244 1416 2292 quanquam
1441 2244 1542 2277 non
1565 2229 1637 2278 ita

294 2325 345 2358 se
371 2325 474 2358 rem
499 2309 682 2358 habere
707 2307 1081 2367 arbitrarentur,
1106 2315 1290 2365 tamen,
1318 2325 1416 2372 quo
1440 2305 1634 2357 facilius

292 2405 382 2437 nos
406 2390 634 2438 incensos
659 2388 824 2438 studio
849 2387 1050 2437 dicendi
1088 2405 1117 2436 a
1151 2387 1381 2437 doctrina
1416 2387 1636 2436 deterre-

290 2476 422 2527 rent,
461 2468 673 2517 libenter
708 2468 779 2527 id,
821 2467 955 2532 quod
992 2467 1113 2527 dixi,
1151 2467 1213 2517 de
1237 2466 1332 2514 illis
1356 2466 1632 2516 oratoribus

292 2546 638 2611 praedicarent
659 2568 672 2606 ;
712 2555 787 2606 ut,
826 2547 864 2594 si
905 2546 1131 2595 homines
1170 2563 1270 2595 non
1296 2546 1478 2594 eruditi
1503 2562 1631 2593 sum-

293 2643 424 2674 mam
449 2634 615 2675 essent
637 2626 953 2691 prudentiam
991 2634 1139 2690 atque
1164 2624 1507 2674 incredibilem
1533 2625 1630 2673 elo-

294 2707 547 2772 quentiam
574 2705 849 2764 consecuti,
875 2704 1033 2753 inanis
1058 2705 1216 2753 omnis
1243 2713 1410 2753 noster
1434 2721 1538 2753 esse
1562 2704 1628 2753 la-

291 2788 397 2844 bor,
426 2794 476 2836 et
500 2786 705 2835 stultum
730 2786 781 2833 in
805 2785 947 2834 nobis
972 2784 1255 2834 erudiendis
1279 2784 1430 2850 patris
1455 2785 1624 2842 nostri,

294 2866 468 2934 optimi
493 2883 551 2917 ac
575 2865 946 2933 prudentissimi
969 2864 1079 2925 viri,
1114 2864 1333 2916 studium
1358 2864 1625 2915 videretur„
