2071 3508
226 848 331 895 174.

220 1412 330 1468 175.

223 2279 330 2336 1⁴76.

365 421 445 459 284·
848 418 925 458 DE
955 418 1222 457 ORATORE

368 545 484 593 ceps
526 527 768 576 Isocrates
804 527 1072 576 instituisse
1096 526 1272 586 fertur,
1308 534 1364 575 ut
1387 526 1692 575 inconditam

366 607 679 671 antiquorum
722 607 921 657 dicendi
963 607 1392 666 consuetudinem,
1440 605 1695 655 delecta-ti-

364 687 472 734 onis
501 695 648 750 atque
674 686 862 737 aurium
889 702 1035 733 causa
1060 686 1501 750 (quemadmodum
1527 685 1697 733 scribit

366 765 635 829 discipulus
660 764 762 829 ejus
788 764 1088 825 Naucrates)
1115 765 1328 813 numeris
1348 765 1691 828 adstringeret.

366 845 596 909 Namque
636 845 758 892 haec
802 843 918 902 duo,
955 843 1148 901 musici,
1174 844 1257 907 qui
1282 851 1422 891 erant
1446 842 1695 907 quondam

360 924 512 971 iidem
560 928 753 987 poetae,
796 922 1061 970 machinati
1111 922 1174 969 ad
1219 922 1522 987 voluptatem
1563 918 1696 980 sunt,

361 1018 575 1059 versum,
600 1009 749 1063 atque
775 1010 1000 1058 cantu1n;
1027 1008 1085 1048 ut
1109 1009 1160 1048 et
1182 1002 1444 1048 verborum
1469 1015 1694 1058 numero,

363 1090 414 1127 et
452 1096 630 1127 vocum
667 1078 829 1134 modo,
869 1079 1200 1127 delectatione
1223 1080 1481 1127 vincerent
1503 1079 1695 1126 aurium

363 1162 657 1208 satietatem.
734 1159 874 1206 Haec
899 1159 1050 1223 igitur
1076 1160 1193 1218 duo,
1231 1163 1367 1208 vocis
1392 1161 1505 1208 dico
1528 1160 1696 1209 mode-

362 1241 623 1300 rationem,
649 1250 700 1289 et
723 1243 982 1290 verborum
1003 1242 1387 1298 conclusionem,
1410 1242 1574 1305 quoad
1591 1258 1697 1290 ora-

362 1322 511 1370 tionis
536 1323 768 1370 severitas
786 1323 888 1386 pati
914 1322 1082 1386 possit,
1114 1341 1143 1371 a
1165 1323 1361 1388 poetica
1379 1322 1442 1369 ad
1466 1321 1698 1387 eloquen-

363 1403 481 1450 tiam
503 1401 813 1459 traducenda
838 1404 1103 1454 duxerunt.
1165 1405 1224 1452 In
1250 1421 1347 1468 quo
1372 1403 1495 1451 illud
1519 1411 1594 1452 est
1616 1403 1696 1452 vel

363 1486 648 1541 maximum,
691 1485 823 1550 quod
863 1501 1030 1533 versus
1068 1485 1119 1539 in
1158 1484 1379 1534 oratione
1416 1483 1455 1532 si
1488 1482 1697 1531 efficitur

363 1563 715 1628 conjunctione
756 1565 1038 1622 verborum,
1075 1563 1251 1610 vitium
1295 1570 1403 1623 est;
1443 1570 1494 1610 et
1527 1571 1696 1613 tamen

362 1660 470 1695 eam
497 1642 918 1707 conjunctionem,
938 1643 1082 1690 sicuti
1101 1659 1311 1698 versum,
1338 1658 1598 1690 numerose
1617 1659 1696 1690 ca-

362 1722 498 1781 dere,
525 1731 575 1770 et
600 1723 858 1787 quadrare,
878 1729 928 1770 et
951 1720 1118 1785 perfici
1138 1720 1362 1768 volumus
1384 1738 1396 1767 :
1434 1736 1595 1784 neque
1621 1729 1696 1773 est

360 1817 419 1849 ex
447 1801 613 1849 multis
639 1818 713 1848 res
749 1817 866 1859 una,
903 1816 1026 1863 quae
1063 1799 1218 1863 magis
1254 1807 1496 1847 oratorem
1522 1800 1582 1847 ab
1605 1799 1694 1847 im-

358 1880 519 1944 perito
545 1879 744 1928 dicendi
770 1879 1040 1943 ignaroque
1073 1878 1364 1942 distinguat,
1389 1895 1535 1943 quam
1559 1879 1694 1943 quod

358 1959 440 2006 ille
482 1959 616 2007 rudis
661 1958 915 2006 incondite
953 1957 1136 2016 fundit,
1161 1966 1400 2022 quantum
1423 1965 1606 2022 potest,
1642 1965 1694 2006 et

357 2038 428 2097 id,
471 2038 604 2102 quod
643 2037 782 2096 dicit,
825 2038 1015 2102 spiritu,
1053 2053 1153 2085 non
1195 2045 1318 2096 arte,
1359 2037 1691 2099 determinat3

359 2125 524 2177 orator
566 2126 733 2165 autem
777 2117 846 2165 sic
887 2116 1045 2181 illigat
1082 2117 1378 2165 sententiam
1417 2117 1596 2176 verbis,
1636 2124 1695 2170 ut

361 2212 468 2244 eam
494 2213 701 2244 numero
727 2196 941 2259 quodam
969 2195 1344 2260 complectatur,
1364 2204 1414 2244 et
1437 2195 1692 2256 adstricto,

362 2283 414 2323 et
438 2274 613 2322 soluto.
684 2275 815 2333 Nam
841 2291 955 2322 cum
973 2274 1133 2328 vinxit
1156 2275 1314 2325 modis
1340 2283 1391 2323 et
1413 2275 1590 2334 forma,
1617 2293 1693 2324 re-

360 2353 495 2401 laxat
531 2361 582 2401 et
622 2352 797 2401 liberat
832 2354 1176 2408 immutatione
1214 2353 1416 2412 ordinis,
1452 2361 1508 2402 ut
1541 2355 1693 2403 verba

360 2448 523 2496 neque
549 2431 747 2495 alligata
766 2432 863 2479 sint
882 2431 1018 2495 quasi
1044 2439 1178 2480 certa
1196 2431 1358 2496 aliqua
1374 2431 1485 2495 lege
1503 2449 1690 2492 versus,

360 2527 522 2575 neque
560 2511 630 2558 ita
668 2510 844 2570 soluta,
875 2519 931 2558 ut
954 2519 1212 2575 vagentur.
1285 2511 1514 2567 Quonam
1538 2511 1691 2576 igitur

362 2590 511 2637 modo
547 2597 742 2637 tantum
784 2606 961 2637 munus
997 2590 1294 2649 insistemus,
1318 2597 1375 2638 ut
1398 2590 1691 2639 arbitremur

364 2684 452 2716 nos
472 2669 598 2717 hanc
623 2669 722 2717 vim
747 2685 1006 2717 numerose
1032 2668 1230 2717 dicendi
1255 2669 1488 2734 consequi
1511 2669 1688 2734 posse?

363 2747 479 2794 Non
528 2758 600 2796 est
643 2765 718 2796 res
763 2757 865 2796 tam
914 2747 1140 2807 difficilis,
1188 2765 1332 2812 quam
1379 2749 1685 2797 necessaria:

364 2824 485 2872 nihil
523 2834 596 2874 est
637 2827 768 2874 enim
804 2835 905 2875 tam
943 2835 1188 2886 tenerum,
1223 2843 1385 2892 neque
1415 2836 1515 2876 tam
1551 2827 1686 2879 flexi-

362 2904 480 2965 bile,
517 2921 678 2972 neque
715 2907 848 2972 quod
876 2915 978 2957 tam
1001 2905 1146 2959 facile
1171 2915 1419 2973 sequatur,
1454 2921 1687 2974 quocum·
