<?xml version="1.0" encoding="UTF-8"?>
<!DOCTYPE html PUBLIC "-//W3C//DTD XHTML 1.0 Transitional//EN"
    "http://www.w3.org/TR/xhtml1/DTD/xhtml1-transitional.dtd">
<html xmlns="http://www.w3.org/1999/xhtml" xml:lang="en" lang="en">
 <head>
  <title>
</title>
<meta http-equiv="Content-Type" content="text/html;charset=utf-8" />
  <meta name='ocr-system' content='tesseract 3.04.00' />
  <meta name='ocr-capabilities' content='ocr_page ocr_carea ocr_par ocr_line ocrx_word'/>
</head>
<body>
  <div class='ocr_page' id='page_1' title='image "./deoratorelibrit00ciceuoft_0213.png"; bbox 0 0 2071 3508; ppageno 0'>
   <div class='ocr_carea' id='block_1_1' title="bbox 691 419 1624 465">
    <p class='ocr_par' dir='ltr' id='par_1_1' title="bbox 691 419 1624 465">
     <span class='ocr_line' id='line_1_1' title="bbox 691 419 1624 465; baseline 0.005 -6"><span class='ocrx_word' id='word_1_1' title='bbox 691 419 859 459; x_wconf 88' lang='lat' dir='ltr'><strong>LIBER</strong></span> <span class='ocrx_word' id='word_1_2' title='bbox 891 419 1200 459; x_wconf 83' lang='lat' dir='ltr'><strong>SECUNDUS.</strong></span> <span class='ocrx_word' id='word_1_3' title='bbox 1543 426 1624 465; x_wconf 76' lang='lat'>205</span> 
     </span>
    </p>
   </div>
   <div class='ocr_carea' id='block_1_2' title="bbox 279 527 1628 2647">
    <p class='ocr_par' dir='ltr' id='par_1_2' title="bbox 279 527 1627 1862">
     <span class='ocr_line' id='line_1_2' title="bbox 286 527 1623 597; baseline 0 -18"><span class='ocrx_word' id='word_1_4' title='bbox 286 532 429 597; x_wconf 90' lang='lat' dir='ltr'>copia</span> <span class='ocrx_word' id='word_1_5' title='bbox 450 529 804 596; x_wconf 85' lang='lat' dir='ltr'>principiorum</span> <span class='ocrx_word' id='word_1_6' title='bbox 841 528 905 576; x_wconf 88' lang='lat' dir='ltr'>ad</span> <span class='ocrx_word' id='word_1_7' title='bbox 920 527 1146 593; x_wconf 87' lang='lat' dir='ltr'>judicem</span> <span class='ocrx_word' id='word_1_8' title='bbox 1172 535 1258 576; x_wconf 86' lang='lat' dir='ltr'>aut</span> <span class='ocrx_word' id='word_1_9' title='bbox 1283 527 1623 592; x_wconf 84' lang='lat' dir='ltr'>alliciendum,</span> 
     </span>
     <span class='ocr_line' id='line_1_3' title="bbox 285 607 1623 672; baseline -0.001 -13"><span class='ocrx_word' id='word_1_10' title='bbox 285 620 370 659; x_wconf 87' lang='lat' dir='ltr'>aut</span> <span class='ocrx_word' id='word_1_11' title='bbox 393 608 724 667; x_wconf 86' lang='lat' dir='ltr'>incitandum,</span> <span class='ocrx_word' id='word_1_12' title='bbox 750 625 812 656; x_wconf 85' lang='lat' dir='ltr'>ex</span> <span class='ocrx_word' id='word_1_13' title='bbox 837 607 895 655; x_wconf 87' lang='lat' dir='ltr'>iis</span> <span class='ocrx_word' id='word_1_14' title='bbox 920 607 1041 656; x_wconf 85' lang='lat' dir='ltr'>locis</span> <span class='ocrx_word' id='word_1_15' title='bbox 1066 608 1294 665; x_wconf 84' lang='lat' dir='ltr'>trahitur,</span> <span class='ocrx_word' id='word_1_16' title='bbox 1324 609 1407 672; x_wconf 92' lang='lat' dir='ltr'>qui</span> <span class='ocrx_word' id='word_1_17' title='bbox 1433 609 1495 657; x_wconf 84' lang='lat' dir='ltr'>ad</span> <span class='ocrx_word' id='word_1_18' title='bbox 1520 626 1623 658; x_wconf 91' lang='lat' dir='ltr'>mo-</span> 
     </span>
     <span class='ocr_line' id='line_1_4' title="bbox 283 686 1619 736; baseline 0 0"><span class='ocrx_word' id='word_1_19' title='bbox 283 697 362 736; x_wconf 88' lang='lat' dir='ltr'>tus</span> <span class='ocrx_word' id='word_1_20' title='bbox 402 688 678 736; x_wconf 87' lang='lat' dir='ltr'>animorum</span> <span class='ocrx_word' id='word_1_21' title='bbox 722 686 1058 735; x_wconf 87' lang='lat' dir='ltr'>conficiendos</span> <span class='ocrx_word' id='word_1_22' title='bbox 1106 687 1307 735; x_wconf 90' lang='lat' dir='ltr'>inerunt</span> <span class='ocrx_word' id='word_1_23' title='bbox 1347 687 1403 734; x_wconf 62' lang='lat' dir='ltr'>in⁴</span> <span class='ocrx_word' id='word_1_24' title='bbox 1442 705 1619 736; x_wconf 87' lang='lat' dir='ltr'>causa:</span> 
     </span>
     <span class='ocr_line' id='line_1_5' title="bbox 283 766 1624 832; baseline 0.001 -17"><span class='ocrx_word' id='word_1_25' title='bbox 283 783 404 832; x_wconf 89' lang='lat' dir='ltr'>quos</span> <span class='ocrx_word' id='word_1_26' title='bbox 428 775 596 815; x_wconf 87' lang='lat' dir='ltr'>tamen</span> <span class='ocrx_word' id='word_1_27' title='bbox 621 774 754 815; x_wconf 88' lang='lat' dir='ltr'>totos</span> <span class='ocrx_word' id='word_1_28' title='bbox 796 766 847 814; x_wconf 92' lang='lat' dir='ltr'>in</span> <span class='ocrx_word' id='word_1_29' title='bbox 888 767 1132 832; x_wconf 89' lang='lat' dir='ltr'>principio</span> <span class='ocrx_word' id='word_1_30' title='bbox 1159 766 1395 832; x_wconf 88' lang='lat' dir='ltr'>explicari</span> <span class='ocrx_word' id='word_1_31' title='bbox 1436 783 1538 816; x_wconf 76' lang='lat' dir='ltr'>non</span> <span class='ocrx_word' id='word_1_32' title='bbox 1574 785 1624 817; x_wconf 94' lang='lat' dir='ltr'>o-</span> 
     </span>
     <span class='ocr_line' id='line_1_6' title="bbox 279 845 1624 911; baseline 0.002 -18"><span class='ocrx_word' id='word_1_33' title='bbox 279 846 517 910; x_wconf 90' lang='lat' dir='ltr'>portebit,</span> <span class='ocrx_word' id='word_1_34' title='bbox 542 846 630 894; x_wconf 88' lang='lat' dir='ltr'>sed</span> <span class='ocrx_word' id='word_1_35' title='bbox 654 854 851 894; x_wconf 87' lang='lat' dir='ltr'>tantum</span> <span class='ocrx_word' id='word_1_36' title='bbox 875 845 1061 911; x_wconf 76' lang='lat' dir='ltr'>impelli</span> <span class='ocrx_word' id='word_1_37' title='bbox 1085 846 1245 911; x_wconf 88' lang='lat' dir='ltr'>primo</span> <span class='ocrx_word' id='word_1_38' title='bbox 1261 845 1487 911; x_wconf 89' lang='lat' dir='ltr'>judicem</span> <span class='ocrx_word' id='word_1_39' title='bbox 1506 846 1624 896; x_wconf 88' lang='lat' dir='ltr'>levi-</span> 
     </span>
     <span class='ocr_line' id='line_1_7' title="bbox 280 923 1622 990; baseline 0.001 -17"><span class='ocrx_word' id='word_1_40' title='bbox 280 932 376 984; x_wconf 89' lang='lat' dir='ltr'>ter,</span> <span class='ocrx_word' id='word_1_41' title='bbox 418 933 474 973; x_wconf 93' lang='lat' dir='ltr'>ut</span> <span class='ocrx_word' id='word_1_42' title='bbox 501 924 608 990; x_wconf 85' lang='lat' dir='ltr'>jam</span> <span class='ocrx_word' id='word_1_43' title='bbox 650 923 890 973; x_wconf 88' lang='lat' dir='ltr'>inclinato</span> <span class='ocrx_word' id='word_1_44' title='bbox 926 924 1116 989; x_wconf 88' lang='lat' dir='ltr'>reliqua</span> <span class='ocrx_word' id='word_1_45' title='bbox 1150 925 1409 973; x_wconf 84' lang='lat' dir='ltr'>incumbat</span> <span class='ocrx_word' id='word_1_46' title='bbox 1450 926 1622 975; x_wconf 82' lang='lat' dir='ltr'>oratio.</span> 
     </span>
     <span class='ocr_line' id='line_1_8' title="bbox 281 1002 1624 1069; baseline 0.001 -17"><span class='ocrx_word' id='word_1_47' title='bbox 281 1003 579 1053; x_wconf 85' lang='lat' dir='ltr'>Connexum</span> <span class='ocrx_word' id='word_1_48' title='bbox 605 1011 773 1052; x_wconf 86' lang='lat' dir='ltr'>autem</span> <span class='ocrx_word' id='word_1_49' title='bbox 793 1002 862 1050; x_wconf 84' lang='lat' dir='ltr'>ita</span> <span class='ocrx_word' id='word_1_50' title='bbox 887 1003 949 1052; x_wconf 87' lang='lat' dir='ltr'>sit</span> <span class='ocrx_word' id='word_1_51' title='bbox 972 1004 1273 1068; x_wconf 88' lang='lat' dir='ltr'>principium</span> <span class='ocrx_word' id='word_1_52' title='bbox 1299 1006 1624 1069; x_wconf 82' lang='lat' dir='ltr'>consequenti</span> 
     </span>
     <span class='ocr_line' id='line_1_9' title="bbox 281 1083 1624 1149; baseline 0.002 -19"><span class='ocrx_word' id='word_1_53' title='bbox 281 1084 511 1143; x_wconf 90' lang='lat' dir='ltr'>orationi,</span> <span class='ocrx_word' id='word_1_54' title='bbox 546 1091 604 1132; x_wconf 89' lang='lat' dir='ltr'>ut</span> <span class='ocrx_word' id='word_1_55' title='bbox 627 1100 728 1132; x_wconf 90' lang='lat' dir='ltr'>non</span> <span class='ocrx_word' id='word_1_56' title='bbox 753 1090 989 1147; x_wconf 77' lang='lat' dir='ltr'>tanquam</span> <span class='ocrx_word' id='word_1_57' title='bbox 1016 1083 1291 1132; x_wconf 86' lang='lat' dir='ltr'>citharoedi</span> <span class='ocrx_word' id='word_1_58' title='bbox 1313 1085 1624 1149; x_wconf 90' lang='lat' dir='ltr'>prooemium</span> 
     </span>
     <span class='ocr_line' id='line_1_10' title="bbox 281 1162 1624 1227; baseline 0.001 -16"><span class='ocrx_word' id='word_1_59' title='bbox 281 1162 499 1211; x_wconf 89' lang='lat' dir='ltr'>affictum</span> <span class='ocrx_word' id='word_1_60' title='bbox 526 1162 746 1227; x_wconf 86' lang='lat' dir='ltr'>aliquod,</span> <span class='ocrx_word' id='word_1_61' title='bbox 789 1162 877 1210; x_wconf 87' lang='lat' dir='ltr'>sed</span> <span class='ocrx_word' id='word_1_62' title='bbox 916 1162 1185 1210; x_wconf 85' lang='lat' dir='ltr'>cohaerens</span> <span class='ocrx_word' id='word_1_63' title='bbox 1219 1179 1334 1210; x_wconf 90' lang='lat' dir='ltr'>cum</span> <span class='ocrx_word' id='word_1_64' title='bbox 1359 1164 1494 1211; x_wconf 91' lang='lat' dir='ltr'>omni</span> <span class='ocrx_word' id='word_1_65' title='bbox 1520 1182 1624 1212; x_wconf 86' lang='lat' dir='ltr'>cor-</span> 
     </span>
     <span class='ocr_line' id='line_1_11' title="bbox 280 1240 1625 1307; baseline -0.001 -16"><span class='ocrx_word' id='word_1_66' title='bbox 280 1259 400 1307; x_wconf 92' lang='lat' dir='ltr'>pore</span> <span class='ocrx_word' id='word_1_67' title='bbox 426 1243 703 1291; x_wconf 89' lang='lat' dir='ltr'>membrum</span> <span class='ocrx_word' id='word_1_68' title='bbox 745 1256 851 1288; x_wconf 86' lang='lat' dir='ltr'>esse</span> <span class='ocrx_word' id='word_1_69' title='bbox 891 1240 1133 1288; x_wconf 81' lang='lat' dir='ltr'>videatur.</span> <span class='ocrx_word' id='word_1_70' title='bbox 1208 1241 1340 1288; x_wconf 90' lang='lat' dir='ltr'>Nam</span> <span class='ocrx_word' id='word_1_71' title='bbox 1379 1243 1625 1303; x_wconf 84' lang='lat' dir='ltr'>nonnulli,</span> 
     </span>
     <span class='ocr_line' id='line_1_12' title="bbox 283 1319 1626 1387; baseline 0.001 -18"><span class='ocrx_word' id='word_1_72' title='bbox 283 1338 399 1370; x_wconf 89' lang='lat' dir='ltr'>cum</span> <span class='ocrx_word' id='word_1_73' title='bbox 440 1321 565 1369; x_wconf 88' lang='lat' dir='ltr'>illud</span> <span class='ocrx_word' id='word_1_74' title='bbox 610 1320 838 1369; x_wconf 85' lang='lat' dir='ltr'>meditati</span> <span class='ocrx_word' id='word_1_75' title='bbox 887 1319 1166 1377; x_wconf 87' lang='lat' dir='ltr'>ediderunt,</span> <span class='ocrx_word' id='word_1_76' title='bbox 1217 1321 1286 1368; x_wconf 89' lang='lat' dir='ltr'>sic</span> <span class='ocrx_word' id='word_1_77' title='bbox 1328 1321 1393 1368; x_wconf 87' lang='lat' dir='ltr'>ad</span> <span class='ocrx_word' id='word_1_78' title='bbox 1438 1322 1626 1387; x_wconf 85' lang='lat' dir='ltr'>reliqua</span> 
     </span>
     <span class='ocr_line' id='line_1_13' title="bbox 282 1398 1626 1457; baseline 0.001 -9"><span class='ocrx_word' id='word_1_79' title='bbox 282 1409 557 1457; x_wconf 84' lang='lat' dir='ltr'>transeunt,</span> <span class='ocrx_word' id='word_1_80' title='bbox 597 1407 653 1448; x_wconf 86' lang='lat' dir='ltr'>ut</span> <span class='ocrx_word' id='word_1_81' title='bbox 685 1399 989 1447; x_wconf 84' lang='lat' dir='ltr'>audientiam</span> <span class='ocrx_word' id='word_1_82' title='bbox 1027 1399 1117 1446; x_wconf 87' lang='lat' dir='ltr'>sibi</span> <span class='ocrx_word' id='word_1_83' title='bbox 1141 1398 1245 1446; x_wconf 89' lang='lat' dir='ltr'>fieri</span> <span class='ocrx_word' id='word_1_84' title='bbox 1270 1398 1402 1447; x_wconf 88' lang='lat' dir='ltr'>nolle</span> <span class='ocrx_word' id='word_1_85' title='bbox 1426 1400 1626 1449; x_wconf 85' lang='lat' dir='ltr'>videan-</span> 
     </span>
     <span class='ocr_line' id='line_1_14' title="bbox 282 1476 1626 1544; baseline 0.001 -17"><span class='ocrx_word' id='word_1_86' title='bbox 282 1488 379 1527; x_wconf 86' lang='lat' dir='ltr'>tur.</span> <span class='ocrx_word' id='word_1_87' title='bbox 452 1479 624 1544; x_wconf 86' lang='lat' dir='ltr'>Atque</span> <span class='ocrx_word' id='word_1_88' title='bbox 667 1477 908 1542; x_wconf 85' lang='lat' dir='ltr'>ejusmodi</span> <span class='ocrx_word' id='word_1_89' title='bbox 949 1476 1033 1525; x_wconf 89' lang='lat' dir='ltr'>illa</span> <span class='ocrx_word' id='word_1_90' title='bbox 1072 1477 1289 1541; x_wconf 87' lang='lat' dir='ltr'>prolusio</span> <span class='ocrx_word' id='word_1_91' title='bbox 1327 1477 1477 1527; x_wconf 88' lang='lat' dir='ltr'>debet</span> <span class='ocrx_word' id='word_1_92' title='bbox 1503 1496 1626 1541; x_wconf 86' lang='lat' dir='ltr'>esse,</span> 
     </span>
     <span class='ocr_line' id='line_1_15' title="bbox 282 1556 1626 1625; baseline 0 -18"><span class='ocrx_word' id='word_1_93' title='bbox 282 1574 383 1607; x_wconf 91' lang='lat' dir='ltr'>non</span> <span class='ocrx_word' id='word_1_94' title='bbox 406 1567 464 1607; x_wconf 91' lang='lat' dir='ltr'>ut</span> <span class='ocrx_word' id='word_1_95' title='bbox 490 1558 784 1614; x_wconf 84' lang='lat' dir='ltr'>Samnitum,</span> <span class='ocrx_word' id='word_1_96' title='bbox 823 1557 907 1621; x_wconf 90' lang='lat' dir='ltr'>qui</span> <span class='ocrx_word' id='word_1_97' title='bbox 943 1557 1139 1604; x_wconf 76' lang='lat' dir='ltr'>vibrant</span> <span class='ocrx_word' id='word_1_98' title='bbox 1175 1556 1338 1605; x_wconf 83' lang='lat' dir='ltr'>hastas</span> <span class='ocrx_word' id='word_1_99' title='bbox 1363 1566 1478 1607; x_wconf 90' lang='lat' dir='ltr'>ante</span> <span class='ocrx_word' id='word_1_100' title='bbox 1502 1577 1626 1625; x_wconf 82' lang='lat' dir='ltr'>pug-</span> 
     </span>
     <span class='ocr_line' id='line_1_16' title="bbox 281 1635 1627 1702; baseline 0.001 -15"><span class='ocrx_word' id='word_1_101' title='bbox 281 1655 415 1698; x_wconf 89' lang='lat' dir='ltr'>nam,</span> <span class='ocrx_word' id='word_1_102' title='bbox 441 1638 622 1702; x_wconf 87' lang='lat' dir='ltr'>quibus</span> <span class='ocrx_word' id='word_1_103' title='bbox 647 1637 697 1684; x_wconf 91' lang='lat' dir='ltr'>in</span> <span class='ocrx_word' id='word_1_104' title='bbox 721 1635 997 1702; x_wconf 80' lang='lat' dir='ltr'>pugnando</span> <span class='ocrx_word' id='word_1_105' title='bbox 1028 1635 1150 1683; x_wconf 86' lang='lat' dir='ltr'>nihil</span> <span class='ocrx_word' id='word_1_106' title='bbox 1176 1644 1386 1685; x_wconf 88' lang='lat' dir='ltr'>utuntur</span> <span class='ocrx_word' id='word_1_107' title='bbox 1406 1659 1419 1699; x_wconf 82' lang='lat'><em>3</em></span> <span class='ocrx_word' id='word_1_108' title='bbox 1460 1640 1547 1687; x_wconf 88' lang='lat' dir='ltr'>sed</span> <span class='ocrx_word' id='word_1_109' title='bbox 1571 1648 1627 1689; x_wconf 88' lang='lat' dir='ltr'>ut</span> 
     </span>
     <span class='ocr_line' id='line_1_17' title="bbox 280 1714 1625 1784; baseline 0.001 -18"><span class='ocrx_word' id='word_1_110' title='bbox 280 1718 397 1784; x_wconf 89' lang='lat' dir='ltr'>ipsis</span> <span class='ocrx_word' id='word_1_111' title='bbox 422 1716 700 1776; x_wconf 87' lang='lat' dir='ltr'>sententiis,</span> <span class='ocrx_word' id='word_1_112' title='bbox 726 1715 903 1779; x_wconf 84' lang='lat' dir='ltr'>quibus</span> <span class='ocrx_word' id='word_1_113' title='bbox 927 1714 1262 1780; x_wconf 85' lang='lat' dir='ltr'>proluserunt,</span> <span class='ocrx_word' id='word_1_114' title='bbox 1299 1717 1379 1764; x_wconf 80' lang='lat' dir='ltr'>vel</span> <span class='ocrx_word' id='word_1_115' title='bbox 1401 1734 1625 1783; x_wconf 81' lang='lat' dir='ltr'>pugnare</span> 
     </span>
     <span class='ocr_line' id='line_1_18' title="bbox 279 1798 486 1862; baseline -0.005 -16"><span class='ocrx_word' id='word_1_116' title='bbox 279 1798 486 1862; x_wconf 87' lang='lat' dir='ltr'>possint.</span> 
     </span>
    </p>

    <p class='ocr_par' dir='ltr' id='par_1_3' title="bbox 280 1876 1628 2647">
     <span class='ocr_line' id='line_1_19' title="bbox 349 1876 1624 1942; baseline 0.001 -17"><span class='ocrx_word' id='word_1_117' title='bbox 349 1877 563 1925; x_wconf 88' lang='lat' dir='ltr'>Narrare</span> <span class='ocrx_word' id='word_1_118' title='bbox 602 1893 720 1924; x_wconf 89' lang='lat' dir='ltr'>vero</span> <span class='ocrx_word' id='word_1_119' title='bbox 760 1892 865 1924; x_wconf 88' lang='lat' dir='ltr'>rem</span> <span class='ocrx_word' id='word_1_120' title='bbox 914 1876 1048 1940; x_wconf 81' lang='lat' dir='ltr'>quod</span> <span class='ocrx_word' id='word_1_121' title='bbox 1089 1876 1305 1925; x_wconf 85' lang='lat' dir='ltr'>breviter</span> <span class='ocrx_word' id='word_1_122' title='bbox 1336 1876 1537 1942; x_wconf 87' lang='lat' dir='ltr'>jubent,</span> <span class='ocrx_word' id='word_1_123' title='bbox 1585 1879 1624 1926; x_wconf 82' lang='lat' dir='ltr'>si</span> 
     </span>
     <span class='ocr_line' id='line_1_20' title="bbox 280 1955 1624 2020; baseline 0.002 -17"><span class='ocrx_word' id='word_1_124' title='bbox 280 1956 496 2004; x_wconf 83' lang='lat' dir='ltr'>brevitas</span> <span class='ocrx_word' id='word_1_125' title='bbox 521 1955 817 2020; x_wconf 85' lang='lat' dir='ltr'>appellanda</span> <span class='ocrx_word' id='word_1_126' title='bbox 843 1964 935 2014; x_wconf 84' lang='lat' dir='ltr'>est,</span> <span class='ocrx_word' id='word_1_127' title='bbox 962 1972 1076 2004; x_wconf 89' lang='lat' dir='ltr'>cum</span> <span class='ocrx_word' id='word_1_128' title='bbox 1101 1957 1310 2003; x_wconf 84' lang='lat' dir='ltr'>verbum</span> <span class='ocrx_word' id='word_1_129' title='bbox 1335 1956 1527 2004; x_wconf 89' lang='lat' dir='ltr'>nullum</span> <span class='ocrx_word' id='word_1_130' title='bbox 1553 1975 1624 2006; x_wconf 88' lang='lat' dir='ltr'>re-</span> 
     </span>
     <span class='ocr_line' id='line_1_21' title="bbox 285 2034 1626 2091; baseline 0.003 -9"><span class='ocrx_word' id='word_1_131' title='bbox 285 2034 491 2091; x_wconf 88' lang='lat' dir='ltr'>dundet,</span> <span class='ocrx_word' id='word_1_132' title='bbox 530 2035 692 2083; x_wconf 84' lang='lat' dir='ltr'>brevis</span> <span class='ocrx_word' id='word_1_133' title='bbox 718 2042 793 2083; x_wconf 87' lang='lat' dir='ltr'>est</span> <span class='ocrx_word' id='word_1_134' title='bbox 818 2034 876 2082; x_wconf 89' lang='lat' dir='ltr'>L.</span> <span class='ocrx_word' id='word_1_135' title='bbox 906 2034 1066 2083; x_wconf 81' lang='lat' dir='ltr'>Crassi</span> <span class='ocrx_word' id='word_1_136' title='bbox 1092 2035 1278 2083; x_wconf 84' lang='lat' dir='ltr'>oratio:</span> <span class='ocrx_word' id='word_1_137' title='bbox 1319 2036 1392 2083; x_wconf 89' lang='lat' dir='ltr'>sin</span> <span class='ocrx_word' id='word_1_138' title='bbox 1418 2044 1524 2084; x_wconf 88' lang='lat' dir='ltr'>tum</span> <span class='ocrx_word' id='word_1_139' title='bbox 1551 2047 1626 2086; x_wconf 88' lang='lat' dir='ltr'>est</span> 
     </span>
     <span class='ocr_line' id='line_1_22' title="bbox 281 2115 1626 2182; baseline 0.002 -19"><span class='ocrx_word' id='word_1_140' title='bbox 281 2115 516 2174; x_wconf 81' lang='lat' dir='ltr'>brevitas,</span> <span class='ocrx_word' id='word_1_141' title='bbox 560 2132 673 2162; x_wconf 88' lang='lat' dir='ltr'>cum</span> <span class='ocrx_word' id='word_1_142' title='bbox 715 2122 910 2162; x_wconf 85' lang='lat' dir='ltr'>tantum</span> <span class='ocrx_word' id='word_1_143' title='bbox 954 2117 1215 2164; x_wconf 83' lang='lat' dir='ltr'>verborum</span> <span class='ocrx_word' id='word_1_144' title='bbox 1255 2123 1347 2175; x_wconf 85' lang='lat' dir='ltr'>est,</span> <span class='ocrx_word' id='word_1_145' title='bbox 1385 2125 1626 2182; x_wconf 84' lang='lat' dir='ltr'>quantum</span> 
     </span>
     <span class='ocr_line' id='line_1_23' title="bbox 283 2194 1626 2262; baseline 0.004 -21"><span class='ocrx_word' id='word_1_146' title='bbox 283 2210 487 2242; x_wconf 87' lang='lat' dir='ltr'>necesse</span> <span class='ocrx_word' id='word_1_147' title='bbox 530 2202 622 2253; x_wconf 84' lang='lat' dir='ltr'>est,</span> <span class='ocrx_word' id='word_1_148' title='bbox 665 2194 932 2258; x_wconf 85' lang='lat' dir='ltr'>aliquando</span> <span class='ocrx_word' id='word_1_149' title='bbox 968 2195 1021 2242; x_wconf 86' lang='lat' dir='ltr'>id</span> <span class='ocrx_word' id='word_1_150' title='bbox 1062 2212 1185 2259; x_wconf 83' lang='lat' dir='ltr'>opus</span> <span class='ocrx_word' id='word_1_151' title='bbox 1220 2203 1327 2256; x_wconf 85' lang='lat' dir='ltr'>est;</span> <span class='ocrx_word' id='word_1_152' title='bbox 1368 2196 1455 2244; x_wconf 85' lang='lat' dir='ltr'>sed</span> <span class='ocrx_word' id='word_1_153' title='bbox 1480 2214 1626 2262; x_wconf 86' lang='lat' dir='ltr'>saepe</span> 
     </span>
     <span class='ocr_line' id='line_1_24' title="bbox 284 2273 1626 2340; baseline 0.001 -17"><span class='ocrx_word' id='word_1_154' title='bbox 284 2275 427 2323; x_wconf 92' lang='lat' dir='ltr'>obest</span> <span class='ocrx_word' id='word_1_155' title='bbox 451 2273 530 2322; x_wconf 83' lang='lat' dir='ltr'>vel</span> <span class='ocrx_word' id='word_1_156' title='bbox 555 2275 771 2321; x_wconf 82' lang='lat' dir='ltr'>maxime</span> <span class='ocrx_word' id='word_1_157' title='bbox 809 2275 859 2321; x_wconf 90' lang='lat' dir='ltr'>in</span> <span class='ocrx_word' id='word_1_158' title='bbox 891 2275 1155 2334; x_wconf 87' lang='lat' dir='ltr'>narrando,</span> <span class='ocrx_word' id='word_1_159' title='bbox 1181 2292 1281 2323; x_wconf 89' lang='lat' dir='ltr'>non</span> <span class='ocrx_word' id='word_1_160' title='bbox 1309 2275 1466 2324; x_wconf 90' lang='lat' dir='ltr'>solum</span> <span class='ocrx_word' id='word_1_161' title='bbox 1492 2276 1626 2340; x_wconf 86' lang='lat' dir='ltr'>quod</span> 
     </span>
     <span class='ocr_line' id='line_1_25' title="bbox 284 2352 1626 2419; baseline 0 -16"><span class='ocrx_word' id='word_1_162' title='bbox 284 2353 638 2403; x_wconf 86' lang='lat' dir='ltr'>obscuritatem</span> <span class='ocrx_word' id='word_1_163' title='bbox 664 2352 823 2412; x_wconf 83' lang='lat' dir='ltr'>affert,</span> <span class='ocrx_word' id='word_1_164' title='bbox 860 2354 947 2401; x_wconf 83' lang='lat' dir='ltr'>sed</span> <span class='ocrx_word' id='word_1_165' title='bbox 985 2355 1133 2402; x_wconf 83' lang='lat' dir='ltr'>etiam</span> <span class='ocrx_word' id='word_1_166' title='bbox 1171 2355 1306 2419; x_wconf 88' lang='lat' dir='ltr'>quod</span> <span class='ocrx_word' id='word_1_167' title='bbox 1342 2372 1449 2403; x_wconf 77' lang='lat' dir='ltr'>canl</span> <span class='ocrx_word' id='word_1_168' title='bbox 1475 2356 1626 2403; x_wconf 76' lang='lat' dir='ltr'>virtu-</span> 
     </span>
     <span class='ocr_line' id='line_1_26' title="bbox 285 2431 1628 2498; baseline 0.001 -17"><span class='ocrx_word' id='word_1_169' title='bbox 285 2441 402 2489; x_wconf 87' lang='lat' dir='ltr'>tem,</span> <span class='ocrx_word' id='word_1_170' title='bbox 431 2449 556 2497; x_wconf 90' lang='lat' dir='ltr'>quae</span> <span class='ocrx_word' id='word_1_171' title='bbox 582 2431 875 2479; x_wconf 86' lang='lat' dir='ltr'>narrationis</span> <span class='ocrx_word' id='word_1_172' title='bbox 901 2440 976 2479; x_wconf 87' lang='lat' dir='ltr'>est</span> <span class='ocrx_word' id='word_1_173' title='bbox 1000 2433 1233 2492; x_wconf 80' lang='lat' dir='ltr'>maxima,</span> <span class='ocrx_word' id='word_1_174' title='bbox 1253 2441 1309 2481; x_wconf 90' lang='lat' dir='ltr'>ut</span> <span class='ocrx_word' id='word_1_175' title='bbox 1324 2433 1551 2498; x_wconf 83' lang='lat' dir='ltr'>jucunda</span> <span class='ocrx_word' id='word_1_176' title='bbox 1576 2444 1628 2483; x_wconf 89' lang='lat' dir='ltr'>et</span> 
     </span>
     <span class='ocr_line' id='line_1_27' title="bbox 285 2511 1628 2576; baseline 0 -16"><span class='ocrx_word' id='word_1_177' title='bbox 285 2512 350 2560; x_wconf 87' lang='lat' dir='ltr'>ad</span> <span class='ocrx_word' id='word_1_178' title='bbox 389 2511 789 2576; x_wconf 85' lang='lat' dir='ltr'>persuadendum</span> <span class='ocrx_word' id='word_1_179' title='bbox 832 2512 1208 2560; x_wconf 84' lang='lat' dir='ltr'>accommodata</span> <span class='ocrx_word' id='word_1_180' title='bbox 1251 2513 1326 2569; x_wconf 86' lang='lat' dir='ltr'>sit,</span> <span class='ocrx_word' id='word_1_181' title='bbox 1373 2513 1530 2561; x_wconf 89' lang='lat' dir='ltr'>tollit:</span> <span class='ocrx_word' id='word_1_182' title='bbox 1570 2522 1628 2561; x_wconf 89' lang='lat' dir='ltr'>ut</span> 
     </span>
     <span class='ocr_line' id='line_1_28' title="bbox 286 2590 384 2647; baseline 0.01 -10"><span class='ocrx_word' id='word_1_183' title='bbox 286 2590 384 2647; x_wconf 85' lang='lat' dir='ltr'>illa,</span> 
     </span>
    </p>
   </div>
   <div class='ocr_carea' id='block_1_3' title="bbox 448 2669 1218 2724">
    <p class='ocr_par' dir='ltr' id='par_1_4' title="bbox 448 2669 1218 2724">
     <span class='ocr_line' id='line_1_29' title="bbox 448 2669 1218 2724; baseline 0.003 -16"><span class='ocrx_word' id='word_1_184' title='bbox 448 2669 551 2708; x_wconf 84' lang='lat' dir='ltr'>Nam</span> <span class='ocrx_word' id='word_1_185' title='bbox 571 2670 604 2709; x_wconf 81' lang='lat' dir='ltr'>is</span> <span class='ocrx_word' id='word_1_186' title='bbox 614 2677 815 2724; x_wconf 78' lang='lat' dir='ltr'>postquam</span> <span class='ocrx_word' id='word_1_187' title='bbox 836 2671 989 2710; x_wconf 71' lang='lat' dir='ltr'>excessit</span> <span class='ocrx_word' id='word_1_188' title='bbox 1010 2685 1055 2710; x_wconf 71' lang='lat' dir='ltr'>ex</span> <span class='ocrx_word' id='word_1_189' title='bbox 1070 2671 1218 2724; x_wconf 75' lang='lat' dir='ltr'>ephebis</span> 
     </span>
    </p>
   </div>
   <div class='ocr_carea' id='block_1_4' title="bbox 1221 2696 1382 2705">
    <p class='ocr_par' dir='ltr' id='par_1_5' title="bbox 1221 2696 1382 2705">
     <span class='ocr_line' id='line_1_30' title="bbox 1221 2696 1382 2705; baseline 0 0"><span class='ocrx_word' id='word_1_190' title='bbox 1221 2696 1382 2705; x_wconf 95' lang='lat' dir='ltr'> </span> 
     </span>
    </p>
   </div>
   <div class='ocr_carea' id='block_1_5' title="bbox 286 2749 1630 2978">
    <p class='ocr_par' dir='ltr' id='par_1_6' title="bbox 286 2749 1630 2978">
     <span class='ocr_line' id='line_1_31' title="bbox 287 2749 1629 2819; baseline 0.002 -20"><span class='ocrx_word' id='word_1_191' title='bbox 287 2766 434 2816; x_wconf 88' lang='lat' dir='ltr'>quam</span> <span class='ocrx_word' id='word_1_192' title='bbox 458 2749 609 2816; x_wconf 83' lang='lat' dir='ltr'>longa</span> <span class='ocrx_word' id='word_1_193' title='bbox 634 2759 707 2799; x_wconf 89' lang='lat' dir='ltr'>est</span> <span class='ocrx_word' id='word_1_194' title='bbox 732 2752 981 2799; x_wconf 87' lang='lat' dir='ltr'>narratio?</span> <span class='ocrx_word' id='word_1_195' title='bbox 1020 2768 1179 2799; x_wconf 77' lang='lat' dir='ltr'>mores</span> <span class='ocrx_word' id='word_1_196' title='bbox 1205 2752 1534 2802; x_wconf 73' lang='lat' dir='ltr'>adolescentis</span> <span class='ocrx_word' id='word_1_197' title='bbox 1557 2754 1629 2819; x_wconf 85' lang='lat' dir='ltr'>ip-</span> 
     </span>
     <span class='ocr_line' id='line_1_32' title="bbox 286 2828 1627 2898; baseline 0.001 -19"><span class='ocrx_word' id='word_1_198' title='bbox 286 2831 404 2889; x_wconf 83' lang='lat' dir='ltr'>sius,</span> <span class='ocrx_word' id='word_1_199' title='bbox 446 2838 497 2879; x_wconf 90' lang='lat' dir='ltr'>et</span> <span class='ocrx_word' id='word_1_200' title='bbox 535 2828 722 2878; x_wconf 82' lang='lat' dir='ltr'>servilis</span> <span class='ocrx_word' id='word_1_201' title='bbox 764 2831 1131 2894; x_wconf 81' lang='lat' dir='ltr'>percunctatio,</span> <span class='ocrx_word' id='word_1_202' title='bbox 1175 2848 1304 2880; x_wconf 82' lang='lat' dir='ltr'>mors</span> <span class='ocrx_word' id='word_1_203' title='bbox 1353 2832 1627 2898; x_wconf 74' lang='lat' dir='ltr'>Chrysidis,</span> 
     </span>
     <span class='ocr_line' id='line_1_33' title="bbox 287 2908 1630 2978; baseline 0.004 -21"><span class='ocrx_word' id='word_1_204' title='bbox 287 2909 471 2970; x_wconf 90' lang='lat' dir='ltr'>vultus,</span> <span class='ocrx_word' id='word_1_205' title='bbox 497 2917 549 2959; x_wconf 90' lang='lat' dir='ltr'>et</span> <span class='ocrx_word' id='word_1_206' title='bbox 577 2908 756 2970; x_wconf 86' lang='lat' dir='ltr'>forma,</span> <span class='ocrx_word' id='word_1_207' title='bbox 793 2915 846 2959; x_wconf 93' lang='lat' dir='ltr'>et</span> <span class='ocrx_word' id='word_1_208' title='bbox 880 2910 1168 2960; x_wconf 78' lang='lat' dir='ltr'>lamentatio</span> <span class='ocrx_word' id='word_1_209' title='bbox 1194 2911 1400 2974; x_wconf 83' lang='lat' dir='ltr'>sororis3</span> <span class='ocrx_word' id='word_1_210' title='bbox 1441 2912 1630 2978; x_wconf 76' lang='lat' dir='ltr'>reliqua</span> 
     </span>
    </p>
   </div>
   <div class='ocr_carea' id='block_1_6' title="bbox 1660 1000 1764 1061">
    <p class='ocr_par' dir='ltr' id='par_1_7' title="bbox 1660 1000 1764 1061">
     <span class='ocr_line' id='line_1_34' title="bbox 1660 1000 1764 1061; baseline -0.01 0"><span class='ocrx_word' id='word_1_211' title='bbox 1660 1000 1764 1061; x_wconf 82' lang='lat'>80.</span> 
     </span>
    </p>
   </div>
   <div class='ocr_carea' id='block_1_7' title="bbox 1657 1096 1768 1135">
    <p class='ocr_par' dir='ltr' id='par_1_8' title="bbox 1657 1096 1768 1135">
     <span class='ocr_line' id='line_1_35' title="bbox 1657 1096 1768 1135; baseline 0 0"><span class='ocrx_word' id='word_1_212' title='bbox 1657 1096 1768 1135; x_wconf 76' lang='lat'>325,</span> 
     </span>
    </p>
   </div>
   <div class='ocr_carea' id='block_1_8' title="bbox 1657 1880 1773 1922">
    <p class='ocr_par' dir='ltr' id='par_1_9' title="bbox 1657 1880 1773 1922">
     <span class='ocr_line' id='line_1_36' title="bbox 1657 1880 1773 1922; baseline -0.009 0"><span class='ocrx_word' id='word_1_213' title='bbox 1657 1880 1773 1922; x_wconf 68' lang='lat'>326,</span> 
     </span>
    </p>
   </div>
  </div>
 </body>
</html>
