2071 3508
733 373 902 413 LIBER
919 375 1170 416 TERTIUS
1556 386 1629 423 301

403 475 547 515 Iterum
573 476 752 530 Thyestes
769 481 927 519 Atreum
942 489 1146 522 attractum
1166 485 1332 532 advenit,

402 542 547 581 Iterum
552 547 641 596 jam
661 547 888 598 aggreditur
906 562 976 595 me,
991 555 1028 587 et
1042 550 1205 602 quietum
1227 553 1438 591 exsuscitat.

401 609 537 662 May'or
555 611 648 649 mihi
665 612 791 660 moles,
806 618 928 668 majus
942 616 1168 656 miscendam
1190 620 1238 657 'st
1258 620 1409 668 malum,

402 675 483 720 Qui
496 676 599 716 illius
617 680 790 719 acerbum
805 695 870 721 cor
889 685 1130 732 contundam,
1151 693 1186 724 et
1202 688 1452 740 comprimam.

355 755 512 805 Aliud
535 759 793 825 voluptas3
834 763 1056 823 effusum,
1083 765 1214 828 lene,
1233 776 1480 831 tenerum,
1505 771 1624 822 hila·
1655 778 1768 821 219.

285 839 465 895 ratum,
491 854 549 885 ac
575 840 830 889 remissum
851 863 863 901 ;

393 915 472 953 Sed
484 916 576 955 mihi
592 932 674 957 cum
693 920 830 959 detulit
849 934 1024 961 coronam
1041 924 1086 962 ob
1100 924 1338 966 collocandas
1357 931 1524 983 nuptias,

394 981 484 1021 Tibi
492 985 655 1036 serebat
670 1003 686 1032 ;
717 1002 798 1026 cum
817 989 1019 1028 simulabat
1037 1005 1115 1031 sese
1134 992 1250 1032 alteri
1267 996 1374 1044 dare,

393 1048 490 1089 Tum
511 1053 564 1091 ad
580 1059 617 1092 te
631 1053 842 1094 ludibunda
859 1057 965 1096 docte
984 1064 1020 1096 et
1034 1058 1194 1098 delicate
1213 1061 1359 1102 detulit.

278 1128 439 1180 'Aliud
491 1133 750 1196 molestia3
815 1137 918 1185 sine
979 1140 1408 1192 commiseratione
1465 1163 1616 1210 grave

279 1211 535 1276 quiddam,
562 1223 612 1263 et
636 1233 737 1264 uno
761 1233 932 1280 pressu
957 1235 1015 1266 ac
1041 1235 1161 1267 sono
1186 1222 1460 1273 obductum
1484 1247 1496 1286 3

388 1294 472 1339 Qua
492 1301 709 1348 tempestate
728 1295 848 1334 Paris
870 1295 1058 1335 Helenam
1078 1298 1246 1351 innuptis
1250 1303 1390 1353 junxit
1403 1306 1560 1357 nuptiis,

383 1362 468 1416 Ego
483 1368 561 1400 tum
585 1362 767 1414 gravida,
786 1361 942 1415 e.vpletis
956 1366 1044 1416 jam
1055 1366 1154 1415 fere
1181 1367 1235 1404 ad
1251 1370 1482 1420 pariendum
1512 1387 1613 1413 men-

487 1428 588 1468 sibus
605 1445 619 1468 .-

380 1497 464 1536 Per
477 1497 573 1535 idem
585 1503 730 1550 tempus
742 1497 977 1551 Polydorum
994 1500 1151 1539 Hecuba
1162 1509 1281 1555 partu
1290 1511 1483 1556 postremo
1486 1510 1608 1560 parit.

337 1591 528 1641 Omnes
551 1599 718 1641 autern
755 1592 843 1641 hos
879 1602 1042 1642 motus
1067 1596 1298 1660 subsequi
1325 1597 1475 1648 debet
1497 1619 1604 1665 ges-
1641 1601 1748 1661 59.

266 1679 365 1731 tus,
390 1689 491 1720 non
515 1672 596 1720 hic
620 1672 771 1721 verba
797 1673 1096 1737 exprimens,
1114 1676 1355 1734 scenicus,
1385 1679 1471 1726 sed
1496 1683 1602 1729 uni-
1635 1694 1749 1733 220.

263 1768 454 1800 versam
479 1768 584 1800 rem
615 1759 666 1800 et
691 1752 1004 1809 sententiam,
1042 1770 1144 1802 non
1183 1755 1602 1811 demonstratione

263 1831 352 1880 sed
375 1831 736 1896 significatione
774 1831 1044 1889 declarans,
1083 1832 1294 1882 laterum
1331 1837 1600 1890 inflexione

262 1911 355 1960 hac
380 1911 498 1960 forti
522 1927 580 1958 ac
606 1910 748 1967 virili,
787 1927 888 1958 non
925 1912 985 1959 ab
1012 1928 1161 1960 scena
1187 1922 1237 1961 et
1261 1914 1598 1980 histrionibus,

262 1991 350 2039 sed
374 1992 433 2038 ab
459 1990 623 2048 armis,
649 1998 735 2036 aut
760 1989 909 2037 etiam
935 2007 963 2036 a
985 1989 1242 2054 palaestra.
1306 1994 1490 2045 Manus
1516 2016 1598 2047 au-

259 2079 363 2119 tem
389 2069 550 2116 minus
570 2076 761 2132 arguta,
785 2068 952 2133 digitis
973 2070 1276 2135 subsequens
1302 2075 1469 2135 verba,
1496 2094 1594 2126 non

260 2150 541 2214 exprimens
560 2166 571 2195 :
598 2148 856 2196 brachium
873 2149 1126 2212 procerius
1142 2151 1439 2216 projectum,
1457 2159 1593 2220 quasi

258 2228 508 2295 quoddam
549 2227 706 2276 telum
745 2227 979 2275 orationis
1001 2245 1013 2275 t
1065 2229 1315 2294 supplosio
1354 2234 1495 2297 pedis
1542 2238 1594 2286 in

257 2307 660 2358 contentionibus
707 2314 793 2354 aut
839 2306 1154 2371 incipiendis,
1214 2318 1300 2357 aut
1347 2311 1590 2365 finiendis.

257 2388 356 2438 Sed
379 2388 430 2435 in
455 2404 539 2435 ore
565 2394 680 2434 sunt
704 2386 883 2434 omnia.
941 2386 1001 2433 In
1028 2404 1087 2435 eo
1112 2397 1279 2436 autem
1305 2390 1411 2454 ipso
1437 2392 1590 2442 domi·
1623 2413 1736 2455 221,

253 2476 399 2516 natus
441 2475 515 2514 est
553 2465 711 2513 omnis
753 2464 1010 2513 oculorum
1032 2484 1043 2512 :
1084 2484 1182 2530 quo
1223 2467 1398 2516 melius
1435 2475 1589 2521 nostri

252 2547 322 2596 illi
348 2562 504 2601 senes,
543 2545 626 2609 qui
661 2551 980 2609 personatum
1019 2561 1081 2592 ne
1120 2545 1357 2593 Roscium
1386 2549 1586 2612 quidem

242 2642 554 2691 magnopere
590 2624 873 2672 laudabant.
949 2623 1122 2670 Animi
1159 2633 1232 2672 est
1269 2627 1400 2673 enim
1427 2631 1585 2679 omnis

251 2707 402 2765 actio,
443 2713 494 2753 et
534 2705 699 2767 imago
738 2703 888 2751 animi
912 2702 1077 2750 vultus
1103 2711 1195 2761 est,
1219 2704 1410 2754 indices
1435 2709 1583 2759 oculi.

249 2788 381 2836 Nam
406 2785 529 2833 haec
555 2793 629 2832 est
653 2799 751 2831 una
774 2799 885 2849 pars
911 2782 1143 2847 corporis,
1166 2799 1309 2846 quae,
1336 2793 1457 2848 quot
1481 2789 1582 2838 ani-

245 2865 314 2915 mi
337 2872 501 2914 motus
526 2872 659 2925 sunt,
696 2871 773 2913 tot
798 2862 1184 2926 significationes
1219 2871 1270 2914 et
1312 2875 1583 2918 commuta.
