2071 3508
511 414 591 450 230
985 413 1064 452 DE
1095 413 1361 452 ORATORE

514 520 815 585 artium—uno
841 521 1052 584 quodam
1094 523 1341 571 societatis
1381 524 1579 573 vinculo
1615 528 1836 577 contine·

515 603 588 650 ri:
652 600 736 649 ubi
776 600 905 648 enim
942 609 1201 665 perspecta
1240 603 1311 650 vis
1349 611 1423 651 est
1468 606 1667 654 rationis
1713 607 1835 671 ejus,

515 699 612 746 qua
653 698 827 730 causae
863 697 1024 728 rerum
1061 688 1207 744 atque
1247 682 1406 730 exitus
1449 692 1834 748 cognoscuntur,

515 762 664 810 mirus
706 760 903 825 quidam
945 758 1163 805 omnium
1206 760 1341 822 quasi
1366 777 1631 810 consensus
1656 763 1835 811 doctri-

404 831 482 871 22·
515 861 686 893 narum
713 837 1352 900 concentusquereperitur.
1395 866 1406 872 -
1424 840 1520 887 Sed
1545 841 1583 888 si
1598 841 1693 889 hoc
1717 858 1835 904 qu0-

514 941 609 988 que
650 922 845 970 videtur
886 933 989 964 esse
1030 914 1192 972 altius,
1245 931 1388 978 quam
1425 924 1481 964 ut
1504 918 1556 964 id
1579 934 1666 966 nos
1697 920 1834 967 humi

513 1002 650 1051 strati
698 997 943 1061 suspicere
989 993 1246 1057 possimus,
1304 993 1426 1040 illud
1473 1002 1606 1043 certe
1648 1004 1834 1055 tamen,

512 1080 645 1146 quod
691 1074 904 1140 amplexi
946 1087 1129 1128 sumuS„
1181 1071 1312 1134 quod
1348 1072 1652 1135 profitemur,
1704 1075 1838 1137 quod

512 1157 834 1221 suscepimus,
868 1167 1009 1199 nosse
1036 1157 1085 1196 et
1108 1156 1278 1197 tenere
1304 1150 1554 1199 debemus.
1625 1152 1738 1200 Una
1762 1160 1837 1200 θεῖ

511 1237 657 1291 enim,
697 1233 829 1298 quod
854 1239 903 1279 et
929 1246 1021 1293 ego
1056 1228 1284 1275 hesterna
1309 1229 1388 1277 die
1415 1230 1535 1289 dixi,
1577 1238 1627 1278 et
1650 1230 1837 1294 aliquot

508 1314 630 1362 locis
671 1309 1058 1361 antemeridiano
1101 1323 1323 1355 sermone
1360 1308 1651 1372 significavit
1676 1309 1834 1357 Anto-

509 1393 637 1451 nius,
663 1387 957 1453 eloquentia,
998 1400 1316 1449 quascunque
1340 1386 1391 1432 in
1417 1403 1523 1433 oras
1548 1387 1834 1451 disputatio-

510 1471 584 1518 nis
608 1469 895 1533 regionesve
921 1464 1083 1512 delata
1108 1471 1196 1511 est.

399 1542 477 1581 23·
576 1551 706 1598 Nam
749 1548 848 1595 sive
891 1544 952 1592 de
995 1542 1119 1590 coeli
1160 1549 1332 1588 natura
1369 1541 1603 1606 loquitur,
1645 1544 1745 1592 sive
1771 1543 1832 1593 de

508 1638 685 1686 terrae,
722 1627 822 1674 sive
855 1624 916 1671 de
959 1621 1123 1669 divina
1164 1620 1229 1678 vi,
1266 1620 1365 1668 sive
1391 1620 1452 1668 de
1477 1621 1705 1679 humana,
1732 1623 1832 1670 sive

508 1727 570 1758 ex
595 1706 824 1755 inferiore
848 1702 974 1757 loco,
1014 1699 1113 1746 sive
1140 1715 1201 1746 ex
1227 1714 1401 1761 aequo,
1438 1699 1538 1746 sive
1564 1716 1626 1747 ex
1650 1701 1831 1764 superi-

507 1805 609 1846 ore,
663 1785 763 1833 sive
803 1789 860 1829 ut
896 1777 1115 1842 impellat
1139 1776 1378 1835 homines,
1415 1777 1515 1824 sive
1556 1785 1611 1825 ut
1636 1778 1827 1837 doceat,

506 1868 606 1915 sive
643 1870 700 1911 ut
735 1863 999 1915 deterreat,
1036 1856 1135 1903 sive
1176 1862 1232 1901 ut
1270 1854 1506 1914 concitet,
1542 1856 1641 1904 sive
1679 1865 1735 1904 ut
1758 1874 1829 1906 re-

504 1945 691 2000 flectat,
728 1940 827 1988 sive
851 1944 907 1985 ut
943 1933 1192 1988 incendat,
1231 1933 1330 1980 sive
1357 1939 1412 1979 ut
1434 1932 1605 1992 leniat,
1641 1935 1741 1983 sive
1766 1936 1829 1984 ad

502 2037 705 2087 paucos,
748 2018 848 2065 sive
889 2014 951 2061 ad
975 2012 1174 2069 multos,
1210 2011 1309 2058 sive
1335 2011 1464 2058 inter
1488 2011 1690 2071 alienos,
1728 2014 1828 2062 sive

504 2118 619 2150 cum
644 2098 760 2155 suis,
802 2095 901 2143 sive
944 2107 1128 2148 secum,
1171 2089 1283 2136 rivis
1309 2098 1382 2138 est
1418 2090 1632 2138 deducta
1656 2093 1826 2149 oratio,

502 2196 602 2227 non
627 2175 845 2224 fontibus
868 2192 880 2231 ;
922 2178 986 2225 et,
1015 2184 1309 2232 quocunque
1334 2168 1628 2231 ingreditur,
1653 2169 1826 2218 eodem

394 2246 472 2285 24·
506 2264 580 2306 est
616 2257 860 2302 instructu
901 2255 1175 2309 ornatuque
1216 2247 1462 2294 comitata.
1535 2248 1633 2296 Sed
1656 2249 1826 2312 quoni-

503 2352 580 2384 am
623 2329 839 2396 oppressi
868 2327 972 2390 jam
1011 2340 1174 2372 sumus
1216 2323 1525 2387 opinionibus
1555 2342 1653 2373 non
1677 2327 1825 2375 modo

500 2413 656 2477 vulgi‚
679 2423 850 2458 verum
875 2406 1022 2453 etiam
1042 2402 1294 2450 hominum
1310 2401 1484 2450 leviter
1503 2404 1824 2464 eruditorum,

503 2492 606 2557 qui,
630 2505 754 2553 quae
781 2482 1044 2548 complecti
1063 2489 1169 2529 tota
1192 2490 1458 2544 nequeunt,
1487 2481 1608 2531 haec
1632 2482 1824 2532 facilius

501 2568 691 2619 divulsa
727 2573 779 2614 et
816 2562 951 2627 quasi
992 2559 1226 2622 decerpta
1251 2567 1595 2620 contrectant3
1648 2569 1699 2610 et
1722 2563 1823 2626 qui,

498 2657 732 2712 tanquam
774 2644 833 2690 ab
859 2640 1021 2688 animo
1065 2654 1255 2701 corpus,
1297 2637 1365 2684 sic
1390 2655 1418 2685 a
1441 2639 1695 2687 sententiis
1718 2657 1822 2689 ver-

497 2727 562 2773 ba
608 2723 893 2787 sejungunt,
946 2732 1153 2781 quorum
1195 2715 1298 2763 sine
1335 2716 1539 2764 interitu
1578 2717 1681 2766 fieri
1704 2735 1820 2767 neu-

499 2811 630 2850 trum
670 2807 852 2865 potest,
893 2812 993 2844 non
1035 2793 1293 2858 suscipiam
1319 2795 1538 2844 oratione
1561 2812 1671 2844 mea
1691 2796 1816 2861 plus,

499 2897 646 2945 quam
669 2878 788 2927 mihi
828 2875 1124 2942 imponitur:
1164 2880 1357 2922 tantum
1395 2873 1679 2938 significabo
1711 2876 1818 2924 bre-
