2071 3508
741 369 816 409 PA
823 367 1136 409 RTITIONES.
1525 378 1604 415 443

265 483 343 534 ut,
385 475 425 524 si
449 477 648 540 quando
672 484 870 541 tempus
894 479 1074 543 ipsum,
1111 485 1197 526 aut
1221 494 1316 538 res,
1342 488 1428 528 aut
1450 482 1610 543 locus,

267 563 355 604 aut
388 556 699 604 interventus
741 555 964 621 alicujus,
1009 566 1096 605 aut
1130 557 1483 622 interpellatio,
1525 570 1611 610 aut

266 636 328 684 ab
353 635 631 683 adversario
657 633 848 683 dictum
869 635 1088 700 aliquod,
1114 645 1164 684 et
1189 637 1404 686 maxime
1428 638 1478 685 in
1503 656 1612 704 per-

267 714 474 772 orando,
516 713 713 765 dederit
750 715 1064 764 occasionem
1103 716 1244 764 nobis
1287 716 1516 781 aliquam,
1554 726 1612 766 ut

265 793 489 842 dicamus
514 792 702 859 aliquid
726 794 790 842 ad
813 803 1012 861 tempus
1035 804 1170 861 apte,
1211 813 1274 844 ne
1302 796 1610 862 derelinqua-

263 888 408 929 mus:
448 880 518 932 et,
544 890 670 938 quae
696 891 784 923 suo
821 875 934 924 loco
971 877 1033 925 de
1069 875 1453 942 amplificatione
1479 878 1611 926 dice-

266 967 395 1012 mus,
447 953 606 1002 multa
647 971 709 1002 ex
750 955 826 1010 his
872 963 1109 1021 poterunt
1151 956 1214 1005 ad
1254 957 1612 1022 principiorum

266 1040 537 1098 praecepta
561 1034 832 1083 transferri.
872 1087 879 1094 ,

335 1112 530 1161 FILms.
594 1113 769 1171 Quid?
819 1113 871 1161 in
909 1114 1192 1163 narratione
1236 1131 1364 1179 quae
1407 1114 1613 1164 tandem
1647 1115 1709 1177 9,

270 1192 581 1241 observanda
625 1193 779 1241 sunt?
852 1193 1041 1242 PATER.
1104 1195 1356 1252 Quoniam
1398 1196 1614 1244 narratio

272 1280 349 1320 est
389 1288 553 1320 rerum
594 1271 880 1337 explicatio,
925 1281 977 1321 et
1018 1273 1262 1338 quaedam
1300 1274 1438 1340 quasi
1474 1273 1616 1322 sedes

270 1368 329 1400 ac
379 1351 766 1400 fundamentum
805 1353 1185 1402 constituendae
1226 1353 1361 1413 fidei,
1407 1370 1465 1402 ea
1501 1361 1618 1402 sunt

270 1431 323 1481 in
366 1449 426 1480 ea
472 1433 714 1481 servanda
760 1433 998 1493 maxime,
1052 1451 1178 1499 quae
1222 1434 1372 1491 etiam
1413 1434 1465 1481 in
1506 1433 1617 1482 reli-

271 1511 381 1576 quis
421 1510 526 1560 fere
564 1511 765 1561 dicendi
801 1513 1058 1577 partibus:
1113 1529 1239 1577 quae
1282 1513 1465 1578 paltim
1502 1521 1619 1562 sunt

271 1592 569 1650 necessaria,
626 1592 808 1656 partim
862 1601 979 1641 sunt
1026 1602 1279 1658 assumpta
1331 1593 1395 1641 ad
1442 1609 1618 1641 ornan-

273 1671 411 1720 dum.
499 1672 632 1720 Nam
678 1680 737 1720 ut
777 1671 998 1721 dilucide
1037 1672 1459 1738 probabiliterque
1509 1689 1617 1720 nar-

272 1768 457 1811 remus,
498 1752 833 1801 necessarium
865 1759 967 1801 est:
1012 1752 1100 1801 sed
1136 1753 1429 1819 assumimus
1466 1752 1616 1811 etiam

271 1832 584 1881 suavitatem.
657 1832 792 1897 Ergo
828 1833 892 1881 ad
928 1832 1146 1881 dilucide
1182 1833 1503 1893 narrandum,
1542 1849 1620 1881 ea-

276 1911 391 1959 dem
415 1911 500 1959 illa
524 1912 777 1976 superiora
796 1911 1080 1977 explicandi
1106 1920 1157 1960 et
1179 1912 1458 1961 illustrandi
1481 1929 1619 1978 prae-

275 1999 423 2056 cepta
446 2000 750 2056 repetemus,
786 1992 837 2039 in
863 1992 1040 2057 quibus
1066 2002 1141 2041 est
1163 1992 1379 2041 brevitas
1401 2010 1413 2040 ε
1464 2008 1621 2056 eaque

275 2070 559 2136 saepissime
584 2071 635 2118 in
660 2072 941 2120 narratione
966 2071 1215 2131 laudatur,
1255 2072 1318 2120 de
1344 2088 1441 2137 qua
1475 2088 1623 2136 supra

276 2149 469 2199 dictum
496 2158 584 2198 est.
659 2151 932 2200 Probabilis
957 2159 1125 2200 autem
1152 2152 1263 2211 erit,
1305 2151 1344 2200 si
1379 2151 1620 2217 personis,

275 2230 316 2277 si
351 2230 677 2295 temporibus,
737 2229 776 2277 si
813 2229 935 2278 locis
972 2247 1048 2290 ea,
1108 2247 1235 2295 quae
1269 2232 1621 2290 narrabuntur,

276 2310 624 2358 consentient:
669 2309 708 2358 si
745 2308 984 2376 cujusque
1019 2310 1143 2359 facti
1185 2319 1236 2359 et
1275 2310 1442 2359 eventi
1469 2322 1623 2359 ‘causa

275 2398 492 2455 ponetur
512 2408 524 2438 :
564 2390 603 2438 si
626 2397 809 2438 testata
833 2390 934 2438 dici
957 2390 1292 2451 videbuntur3
1332 2390 1371 2438 si
1398 2406 1513 2439 cum
1538 2389 1622 2437 ho-

279 2471 472 2518 minum
497 2471 750 2535 opinione,
775 2471 1092 2531 auctoritate,
1129 2471 1168 2518 si
1195 2488 1308 2519 cum
1332 2470 1464 2535 lege,
1507 2487 1623 2519 cum

279 2565 436 2609 more,
463 2566 577 2598 cum
602 2549 842 2614 religione
869 2550 1169 2616 conjuncta:
1209 2550 1248 2598 si
1272 2550 1491 2615 probitas
1516 2565 1624 2597 nar-

280 2627 435 2675 rantis
471 2627 844 2692 significabitur,
884 2627 923 2675 si
959 2627 1268 2691 antiquitatis
1294 2627 1545 2684 memoria,
1585 2627 1625 2674 si

282 2706 518 2760 orationis
558 2707 755 2763 veritas,
794 2714 845 2755 et
884 2707 1015 2755 vitae
1052 2706 1190 2755 fides.
1262 2705 1434 2754 Suavis
1457 2713 1626 2759 autem

283 2786 500 2840 narratio
529 2794 622 2846 est,
664 2803 790 2851 quae
831 2785 984 2835 habet
1025 2784 1391 2854 admirationes,
1446 2801 1626 2851 expec-

285 2868 519 2929 tationeS,
558 2867 721 2918 exitus
761 2867 1059 2934 inopinatOS,
1102 2866 1420 2935 interpositos
1459 2874 1624 2920 motus
