<?xml version="1.0" encoding="UTF-8"?>
<!DOCTYPE html PUBLIC "-//W3C//DTD XHTML 1.0 Transitional//EN"
    "http://www.w3.org/TR/xhtml1/DTD/xhtml1-transitional.dtd">
<html xmlns="http://www.w3.org/1999/xhtml" xml:lang="en" lang="en">
 <head>
  <title>
</title>
<meta http-equiv="Content-Type" content="text/html;charset=utf-8" />
  <meta name='ocr-system' content='tesseract 3.04.00' />
  <meta name='ocr-capabilities' content='ocr_page ocr_carea ocr_par ocr_line ocrx_word'/>
</head>
<body>
  <div class='ocr_page' id='page_1' title='image "./deoratorelibrit00ciceuoft_0217.png"; bbox 0 0 2071 3508; ppageno 0'>
   <div class='ocr_carea' id='block_1_1' title="bbox 678 396 1605 441">
    <p class='ocr_par' dir='ltr' id='par_1_1' title="bbox 678 396 1605 441">
     <span class='ocr_line' id='line_1_1' title="bbox 678 396 1605 441; baseline 0.004 -5"><span class='ocrx_word' id='word_1_1' title='bbox 678 396 847 436; x_wconf 91' lang='lat' dir='ltr'>LIBER</span> <span class='ocrx_word' id='word_1_2' title='bbox 877 396 1184 436; x_wconf 89' lang='lat' dir='ltr'><strong>SECUNDUS.</strong></span> <span class='ocrx_word' id='word_1_3' title='bbox 1525 402 1605 441; x_wconf 76' lang='lat'>209</span> 
     </span>
    </p>
   </div>
   <div class='ocr_carea' id='block_1_2' title="bbox 253 504 1746 2859">
    <p class='ocr_par' dir='ltr' id='par_1_2' title="bbox 257 504 1746 2369">
     <span class='ocr_line' id='line_1_2' title="bbox 270 504 1600 567; baseline -0.002 -9"><span class='ocrx_word' id='word_1_4' title='bbox 270 510 424 558; x_wconf 80' lang='lat' dir='ltr'>ritatis</span> <span class='ocrx_word' id='word_1_5' title='bbox 447 504 772 555; x_wconf 84' lang='lat' dir='ltr'>immortalem</span> <span class='ocrx_word' id='word_1_6' title='bbox 791 504 1078 552; x_wconf 84' lang='lat' dir='ltr'>memoriam</span> <span class='ocrx_word' id='word_1_7' title='bbox 1095 504 1316 567; x_wconf 82' lang='lat' dir='ltr'>augebit,</span> <span class='ocrx_word' id='word_1_8' title='bbox 1336 504 1600 555; x_wconf 81' lang='lat' dir='ltr'>utilitatem</span> 
     </span>
     <span class='ocr_line' id='line_1_3' title="bbox 270 581 1598 647; baseline -0.004 -10"><span class='ocrx_word' id='word_1_9' title='bbox 270 605 331 637; x_wconf 83' lang='lat' dir='ltr'>cx</span> <span class='ocrx_word' id='word_1_10' title='bbox 367 586 512 635; x_wconf 88' lang='lat' dir='ltr'>laude</span> <span class='ocrx_word' id='word_1_11' title='bbox 551 583 687 631; x_wconf 90' lang='lat' dir='ltr'>nasci</span> <span class='ocrx_word' id='word_1_12' title='bbox 726 581 983 641; x_wconf 88' lang='lat' dir='ltr'>defendet,</span> <span class='ocrx_word' id='word_1_13' title='bbox 1024 598 1316 647; x_wconf 82' lang='lat' dir='ltr'>semperque</span> <span class='ocrx_word' id='word_1_14' title='bbox 1353 600 1460 631; x_wconf 88' lang='lat' dir='ltr'>eam</span> <span class='ocrx_word' id='word_1_15' title='bbox 1488 601 1598 632; x_wconf 90' lang='lat' dir='ltr'>cum</span> 
     </span>
     <span class='ocr_line' id='line_1_4' title="bbox 269 661 1746 731; baseline -0.002 -16"><span class='ocrx_word' id='word_1_16' title='bbox 269 665 509 731; x_wconf 83' lang='lat' dir='ltr'>dignitate</span> <span class='ocrx_word' id='word_1_17' title='bbox 545 679 649 711; x_wconf 90' lang='lat' dir='ltr'>esse</span> <span class='ocrx_word' id='word_1_18' title='bbox 680 661 1015 727; x_wconf 54' lang='lat' dir='ltr'>conjunctam,</span> <span class='ocrx_word' id='word_1_19' title='bbox 1089 661 1188 710; x_wconf 88' lang='lat' dir='ltr'>Sed</span> <span class='ocrx_word' id='word_1_20' title='bbox 1220 661 1341 725; x_wconf 83' lang='lat' dir='ltr'>quid</span> <span class='ocrx_word' id='word_1_21' title='bbox 1372 661 1476 710; x_wconf 90' lang='lat' dir='ltr'>fieri</span> <span class='ocrx_word' id='word_1_22' title='bbox 1494 680 1603 728; x_wconf 91' lang='lat' dir='ltr'>pos-</span> <span class='ocrx_word' id='word_1_23' title='bbox 1635 672 1746 712; x_wconf 84' lang='grc'><strong>336.</strong></span> 
     </span>
     <span class='ocr_line' id='line_1_5' title="bbox 266 740 1602 807; baseline -0.001 -14"><span class='ocrx_word' id='word_1_24' title='bbox 266 746 344 804; x_wconf 87' lang='lat' dir='ltr'>sit,</span> <span class='ocrx_word' id='word_1_25' title='bbox 380 751 466 792; x_wconf 92' lang='lat' dir='ltr'>aut</span> <span class='ocrx_word' id='word_1_26' title='bbox 487 759 589 791; x_wconf 90' lang='lat' dir='ltr'>non</span> <span class='ocrx_word' id='word_1_27' title='bbox 623 741 795 807; x_wconf 83' lang='lat' dir='ltr'>possit,</span> <span class='ocrx_word' id='word_1_28' title='bbox 843 740 1061 806; x_wconf 88' lang='lat' dir='ltr'>quidque</span> <span class='ocrx_word' id='word_1_29' title='bbox 1086 741 1236 789; x_wconf 88' lang='lat' dir='ltr'>etiam</span> <span class='ocrx_word' id='word_1_30' title='bbox 1281 741 1344 789; x_wconf 88' lang='lat' dir='ltr'>sit</span> <span class='ocrx_word' id='word_1_31' title='bbox 1379 757 1602 802; x_wconf 86' lang='lat' dir='ltr'>necesse,</span> 
     </span>
     <span class='ocr_line' id='line_1_6' title="bbox 263 822 1602 886; baseline -0.001 -14"><span class='ocrx_word' id='word_1_32' title='bbox 263 832 349 872; x_wconf 90' lang='lat' dir='ltr'>aut</span> <span class='ocrx_word' id='word_1_33' title='bbox 372 840 471 871; x_wconf 90' lang='lat' dir='ltr'>non</span> <span class='ocrx_word' id='word_1_34' title='bbox 497 822 577 882; x_wconf 87' lang='lat' dir='ltr'>sit,</span> <span class='ocrx_word' id='word_1_35' title='bbox 612 823 663 869; x_wconf 91' lang='lat' dir='ltr'>in</span> <span class='ocrx_word' id='word_1_36' title='bbox 700 830 911 886; x_wconf 85' lang='lat' dir='ltr'>utraque</span> <span class='ocrx_word' id='word_1_37' title='bbox 944 838 997 870; x_wconf 92' lang='lat' dir='ltr'>re</span> <span class='ocrx_word' id='word_1_38' title='bbox 1023 822 1236 869; x_wconf 87' lang='lat' dir='ltr'>maxime</span> <span class='ocrx_word' id='word_1_39' title='bbox 1262 829 1337 869; x_wconf 90' lang='lat' dir='ltr'>est</span> <span class='ocrx_word' id='word_1_40' title='bbox 1363 833 1602 886; x_wconf 88' lang='lat' dir='ltr'>quaeren-</span> 
     </span>
     <span class='ocr_line' id='line_1_7' title="bbox 264 900 1601 965; baseline -0.001 -13"><span class='ocrx_word' id='word_1_41' title='bbox 264 903 398 952; x_wconf 86' lang='lat' dir='ltr'>dum.</span> <span class='ocrx_word' id='word_1_42' title='bbox 471 902 718 951; x_wconf 83' lang='lat' dir='ltr'>Inciditur</span> <span class='ocrx_word' id='word_1_43' title='bbox 742 902 874 950; x_wconf 91' lang='lat' dir='ltr'>enim</span> <span class='ocrx_word' id='word_1_44' title='bbox 899 901 1058 950; x_wconf 91' lang='lat' dir='ltr'>omnis</span> <span class='ocrx_word' id='word_1_45' title='bbox 1085 901 1189 965; x_wconf 88' lang='lat' dir='ltr'>jam</span> <span class='ocrx_word' id='word_1_46' title='bbox 1226 900 1537 961; x_wconf 79' lang='lat' dir='ltr'>deliberatio,</span> <span class='ocrx_word' id='word_1_47' title='bbox 1563 902 1601 950; x_wconf 89' lang='lat' dir='ltr'>si</span> 
     </span>
     <span class='ocr_line' id='line_1_8' title="bbox 262 981 1603 1048; baseline -0.001 -18"><span class='ocrx_word' id='word_1_48' title='bbox 262 982 558 1048; x_wconf 80' lang='lat' dir='ltr'>intelligitur</span> <span class='ocrx_word' id='word_1_49' title='bbox 594 999 695 1031; x_wconf 92' lang='lat' dir='ltr'>non</span> <span class='ocrx_word' id='word_1_50' title='bbox 729 999 872 1047; x_wconf 86' lang='lat' dir='ltr'>posse</span> <span class='ocrx_word' id='word_1_51' title='bbox 909 982 1032 1041; x_wconf 89' lang='lat' dir='ltr'>fieri,</span> <span class='ocrx_word' id='word_1_52' title='bbox 1068 989 1154 1030; x_wconf 91' lang='lat' dir='ltr'>aut</span> <span class='ocrx_word' id='word_1_53' title='bbox 1177 982 1217 1029; x_wconf 91' lang='lat' dir='ltr'>si</span> <span class='ocrx_word' id='word_1_54' title='bbox 1241 982 1509 1030; x_wconf 88' lang='lat' dir='ltr'>necessitas</span> <span class='ocrx_word' id='word_1_55' title='bbox 1533 981 1603 1029; x_wconf 88' lang='lat' dir='ltr'>af-</span> 
     </span>
     <span class='ocr_line' id='line_1_9' title="bbox 263 1059 1601 1126; baseline -0.001 -17"><span class='ocrx_word' id='word_1_56' title='bbox 263 1060 420 1110; x_wconf 86' lang='lat' dir='ltr'>fertur</span> <span class='ocrx_word' id='word_1_57' title='bbox 441 1082 454 1122; x_wconf 90' lang='lat'>;</span> <span class='ocrx_word' id='word_1_58' title='bbox 495 1069 546 1110; x_wconf 91' lang='lat' dir='ltr'>et</span> <span class='ocrx_word' id='word_1_59' title='bbox 570 1061 653 1126; x_wconf 89' lang='lat' dir='ltr'>qui</span> <span class='ocrx_word' id='word_1_60' title='bbox 678 1062 730 1109; x_wconf 90' lang='lat' dir='ltr'>id</span> <span class='ocrx_word' id='word_1_61' title='bbox 756 1061 948 1119; x_wconf 89' lang='lat' dir='ltr'>docuit,</span> <span class='ocrx_word' id='word_1_62' title='bbox 972 1075 1073 1108; x_wconf 89' lang='lat' dir='ltr'>non</span> <span class='ocrx_word' id='word_1_63' title='bbox 1098 1060 1382 1108; x_wconf 88' lang='lat' dir='ltr'>videntibus</span> <span class='ocrx_word' id='word_1_64' title='bbox 1407 1059 1530 1120; x_wconf 88' lang='lat' dir='ltr'>aliis,</span> <span class='ocrx_word' id='word_1_65' title='bbox 1561 1060 1601 1107; x_wconf 88' lang='lat' dir='ltr'>is</span> 
     </span>
     <span class='ocr_line' id='line_1_10' title="bbox 262 1138 1745 1205; baseline -0.002 -17"><span class='ocrx_word' id='word_1_66' title='bbox 262 1140 530 1205; x_wconf 90' lang='lat' dir='ltr'>plurimum</span> <span class='ocrx_word' id='word_1_67' title='bbox 554 1140 694 1188; x_wconf 89' lang='lat' dir='ltr'>vidit.</span> <span class='ocrx_word' id='word_1_68' title='bbox 751 1139 836 1187; x_wconf 91' lang='lat' dir='ltr'>Ad</span> <span class='ocrx_word' id='word_1_69' title='bbox 855 1138 1116 1188; x_wconf 91' lang='lat' dir='ltr'>consilium</span> <span class='ocrx_word' id='word_1_70' title='bbox 1143 1147 1310 1187; x_wconf 90' lang='lat' dir='ltr'>autem</span> <span class='ocrx_word' id='word_1_71' title='bbox 1337 1139 1398 1187; x_wconf 89' lang='lat' dir='ltr'>de</span> <span class='ocrx_word' id='word_1_72' title='bbox 1424 1141 1599 1204; x_wconf 84' lang='lat' dir='ltr'>repub·</span> <span class='ocrx_word' id='word_1_73' title='bbox 1633 1139 1745 1185; x_wconf 77' lang='lat'><strong>337·</strong></span> 
     </span>
     <span class='ocr_line' id='line_1_11' title="bbox 262 1217 1601 1284; baseline -0.001 -18"><span class='ocrx_word' id='word_1_74' title='bbox 262 1219 359 1268; x_wconf 90' lang='lat' dir='ltr'>lica</span> <span class='ocrx_word' id='word_1_75' title='bbox 382 1219 621 1278; x_wconf 90' lang='lat' dir='ltr'>dandum,</span> <span class='ocrx_word' id='word_1_76' title='bbox 647 1227 798 1284; x_wconf 92' lang='lat' dir='ltr'>caput</span> <span class='ocrx_word' id='word_1_77' title='bbox 822 1227 915 1277; x_wconf 87' lang='lat' dir='ltr'>est,</span> <span class='ocrx_word' id='word_1_78' title='bbox 941 1234 1084 1266; x_wconf 90' lang='lat' dir='ltr'>nosse</span> <span class='ocrx_word' id='word_1_79' title='bbox 1109 1217 1498 1282; x_wconf 83' lang='lat' dir='ltr'>rempublicam:</span> <span class='ocrx_word' id='word_1_80' title='bbox 1537 1218 1601 1265; x_wconf 85' lang='lat' dir='ltr'>ad</span> 
     </span>
     <span class='ocr_line' id='line_1_12' title="bbox 266 1295 1603 1361; baseline -0.002 -16"><span class='ocrx_word' id='word_1_81' title='bbox 266 1297 536 1346; x_wconf 90' lang='lat' dir='ltr'>dicendum</span> <span class='ocrx_word' id='word_1_82' title='bbox 560 1314 678 1345; x_wconf 87' lang='lat' dir='ltr'>vero</span> <span class='ocrx_word' id='word_1_83' title='bbox 702 1296 1036 1361; x_wconf 84' lang='lat' dir='ltr'>probabiliter,</span> <span class='ocrx_word' id='word_1_84' title='bbox 1077 1311 1220 1343; x_wconf 87' lang='lat' dir='ltr'>nosse</span> <span class='ocrx_word' id='word_1_85' title='bbox 1245 1311 1407 1343; x_wconf 87' lang='lat' dir='ltr'>mores</span> <span class='ocrx_word' id='word_1_86' title='bbox 1433 1295 1603 1343; x_wconf 78' lang='lat' dir='ltr'>civita-</span> 
     </span>
     <span class='ocr_line' id='line_1_13' title="bbox 265 1377 1601 1441; baseline -0.003 -16"><span class='ocrx_word' id='word_1_87' title='bbox 265 1378 327 1424; x_wconf 87' lang='lat' dir='ltr'>tis</span> <span class='ocrx_word' id='word_1_88' title='bbox 348 1398 361 1436; x_wconf 89' lang='lat'>;</span> <span class='ocrx_word' id='word_1_89' title='bbox 402 1377 486 1441; x_wconf 90' lang='lat' dir='ltr'>qui</span> <span class='ocrx_word' id='word_1_90' title='bbox 528 1377 643 1441; x_wconf 91' lang='lat' dir='ltr'>quia</span> <span class='ocrx_word' id='word_1_91' title='bbox 681 1377 854 1425; x_wconf 88' lang='lat' dir='ltr'>crebro</span> <span class='ocrx_word' id='word_1_92' title='bbox 896 1383 1170 1434; x_wconf 88' lang='lat' dir='ltr'>mutantur,</span> <span class='ocrx_word' id='word_1_93' title='bbox 1202 1391 1361 1437; x_wconf 88' lang='lat' dir='ltr'>genus</span> <span class='ocrx_word' id='word_1_94' title='bbox 1403 1391 1601 1438; x_wconf 83' lang='lat' dir='ltr'>quoque</span> 
     </span>
     <span class='ocr_line' id='line_1_14' title="bbox 263 1454 1603 1519; baseline -0.003 -15"><span class='ocrx_word' id='word_1_95' title='bbox 263 1457 498 1505; x_wconf 87' lang='lat' dir='ltr'>orationis</span> <span class='ocrx_word' id='word_1_96' title='bbox 535 1463 610 1504; x_wconf 87' lang='lat' dir='ltr'>est</span> <span class='ocrx_word' id='word_1_97' title='bbox 650 1472 795 1519; x_wconf 86' lang='lat' dir='ltr'>saepe</span> <span class='ocrx_word' id='word_1_98' title='bbox 826 1454 1152 1502; x_wconf 87' lang='lat' dir='ltr'>mutandum:</span> <span class='ocrx_word' id='word_1_99' title='bbox 1193 1461 1261 1512; x_wconf 83' lang='lat' dir='ltr'>et,</span> <span class='ocrx_word' id='word_1_100' title='bbox 1304 1470 1603 1517; x_wconf 86' lang='lat' dir='ltr'>quamquam</span> 
     </span>
     <span class='ocr_line' id='line_1_15' title="bbox 265 1532 1603 1598; baseline -0.004 -15"><span class='ocrx_word' id='word_1_101' title='bbox 265 1551 361 1583; x_wconf 87' lang='lat' dir='ltr'>una</span> <span class='ocrx_word' id='word_1_102' title='bbox 385 1534 488 1583; x_wconf 89' lang='lat' dir='ltr'>fere</span> <span class='ocrx_word' id='word_1_103' title='bbox 513 1535 585 1582; x_wconf 89' lang='lat' dir='ltr'>vis</span> <span class='ocrx_word' id='word_1_104' title='bbox 612 1542 685 1582; x_wconf 90' lang='lat' dir='ltr'>est</span> <span class='ocrx_word' id='word_1_105' title='bbox 711 1533 1042 1598; x_wconf 87' lang='lat' dir='ltr'>eloquentiae,</span> <span class='ocrx_word' id='word_1_106' title='bbox 1078 1541 1246 1581; x_wconf 88' lang='lat' dir='ltr'>tamen</span> <span class='ocrx_word' id='word_1_107' title='bbox 1272 1532 1388 1596; x_wconf 88' lang='lat' dir='ltr'>quia</span> <span class='ocrx_word' id='word_1_108' title='bbox 1412 1548 1603 1579; x_wconf 82' lang='lat' dir='ltr'>summa</span> 
     </span>
     <span class='ocr_line' id='line_1_16' title="bbox 262 1609 1603 1677; baseline -0.001 -18"><span class='ocrx_word' id='word_1_109' title='bbox 262 1612 478 1677; x_wconf 83' lang='lat' dir='ltr'>dignitas</span> <span class='ocrx_word' id='word_1_110' title='bbox 503 1620 578 1660; x_wconf 90' lang='lat' dir='ltr'>est</span> <span class='ocrx_word' id='word_1_111' title='bbox 600 1611 790 1676; x_wconf 80' lang='lat' dir='ltr'>populi,</span> <span class='ocrx_word' id='word_1_112' title='bbox 805 1611 1092 1676; x_wconf 86' lang='lat' dir='ltr'>gravissima</span> <span class='ocrx_word' id='word_1_113' title='bbox 1117 1627 1265 1658; x_wconf 87' lang='lat' dir='ltr'>causa</span> <span class='ocrx_word' id='word_1_114' title='bbox 1279 1609 1603 1674; x_wconf 84' lang='lat' dir='ltr'>reipublicae,</span> 
     </span>
     <span class='ocr_line' id='line_1_17' title="bbox 261 1688 1604 1753; baseline -0.001 -16"><span class='ocrx_word' id='word_1_115' title='bbox 261 1691 462 1738; x_wconf 84' lang='lat' dir='ltr'>maximi</span> <span class='ocrx_word' id='word_1_116' title='bbox 503 1699 666 1739; x_wconf 91' lang='lat' dir='ltr'>motus</span> <span class='ocrx_word' id='word_1_117' title='bbox 707 1689 1075 1738; x_wconf 85' lang='lat' dir='ltr'>multitudinis:</span> <span class='ocrx_word' id='word_1_118' title='bbox 1113 1705 1272 1752; x_wconf 87' lang='lat' dir='ltr'>genus</span> <span class='ocrx_word' id='word_1_119' title='bbox 1310 1705 1506 1753; x_wconf 90' lang='lat' dir='ltr'>quoque</span> <span class='ocrx_word' id='word_1_120' title='bbox 1533 1688 1604 1736; x_wconf 89' lang='lat' dir='ltr'>di-</span> 
     </span>
     <span class='ocr_line' id='line_1_18' title="bbox 261 1766 1604 1833; baseline -0.003 -16"><span class='ocrx_word' id='word_1_121' title='bbox 261 1769 407 1817; x_wconf 89' lang='lat' dir='ltr'>cendi</span> <span class='ocrx_word' id='word_1_122' title='bbox 431 1769 667 1833; x_wconf 83' lang='lat' dir='ltr'>grandius</span> <span class='ocrx_word' id='word_1_123' title='bbox 693 1768 945 1833; x_wconf 89' lang='lat' dir='ltr'>quoddam</span> <span class='ocrx_word' id='word_1_124' title='bbox 983 1775 1034 1815; x_wconf 89' lang='lat' dir='ltr'>et</span> <span class='ocrx_word' id='word_1_125' title='bbox 1068 1766 1304 1814; x_wconf 87' lang='lat' dir='ltr'>illustrius</span> <span class='ocrx_word' id='word_1_126' title='bbox 1336 1782 1440 1814; x_wconf 89' lang='lat' dir='ltr'>esse</span> <span class='ocrx_word' id='word_1_127' title='bbox 1467 1766 1604 1814; x_wconf 90' lang='lat' dir='ltr'>adhi-</span> 
     </span>
     <span class='ocr_line' id='line_1_19' title="bbox 259 1845 1603 1910; baseline -0.002 -15"><span class='ocrx_word' id='word_1_128' title='bbox 259 1848 480 1896; x_wconf 88' lang='lat' dir='ltr'>bendum</span> <span class='ocrx_word' id='word_1_129' title='bbox 505 1847 733 1895; x_wconf 86' lang='lat' dir='ltr'>videtur:</span> <span class='ocrx_word' id='word_1_130' title='bbox 773 1847 1086 1910; x_wconf 84' lang='lat' dir='ltr'>maximaque</span> <span class='ocrx_word' id='word_1_131' title='bbox 1122 1861 1233 1908; x_wconf 89' lang='lat' dir='ltr'>pars</span> <span class='ocrx_word' id='word_1_132' title='bbox 1259 1845 1494 1893; x_wconf 85' lang='lat' dir='ltr'>orationis</span> <span class='ocrx_word' id='word_1_133' title='bbox 1519 1845 1603 1892; x_wconf 91' lang='lat' dir='ltr'>ad-</span> 
     </span>
     <span class='ocr_line' id='line_1_20' title="bbox 260 1925 1602 1987; baseline -0.002 -14"><span class='ocrx_word' id='word_1_134' title='bbox 260 1926 506 1975; x_wconf 78' lang='lat' dir='ltr'>movenda</span> <span class='ocrx_word' id='word_1_135' title='bbox 546 1933 622 1973; x_wconf 90' lang='lat' dir='ltr'>est</span> <span class='ocrx_word' id='word_1_136' title='bbox 657 1925 721 1972; x_wconf 88' lang='lat' dir='ltr'>ad</span> <span class='ocrx_word' id='word_1_137' title='bbox 756 1925 1032 1972; x_wconf 87' lang='lat' dir='ltr'>animorum</span> <span class='ocrx_word' id='word_1_138' title='bbox 1057 1932 1221 1971; x_wconf 87' lang='lat' dir='ltr'>motus</span> <span class='ocrx_word' id='word_1_139' title='bbox 1245 1939 1602 1987; x_wconf 87' lang='lat' dir='ltr'>nonnunquam</span> 
     </span>
     <span class='ocr_line' id='line_1_21' title="bbox 260 2001 1600 2065; baseline -0.003 -13"><span class='ocrx_word' id='word_1_140' title='bbox 260 2014 347 2053; x_wconf 86' lang='lat' dir='ltr'>aut</span> <span class='ocrx_word' id='word_1_141' title='bbox 389 2003 750 2062; x_wconf 87' lang='lat' dir='ltr'>cohortatione,</span> <span class='ocrx_word' id='word_1_142' title='bbox 790 2011 876 2050; x_wconf 87' lang='lat' dir='ltr'>aut</span> <span class='ocrx_word' id='word_1_143' title='bbox 912 2002 1383 2050; x_wconf 83' lang='lat' dir='ltr'>commemoratione</span> <span class='ocrx_word' id='word_1_144' title='bbox 1420 2001 1600 2065; x_wconf 85' lang='lat' dir='ltr'>aliqua,</span> 
     </span>
     <span class='ocr_line' id='line_1_22' title="bbox 261 2079 1601 2147; baseline -0.003 -15"><span class='ocrx_word' id='word_1_145' title='bbox 261 2092 347 2132; x_wconf 84' lang='lat' dir='ltr'>aut</span> <span class='ocrx_word' id='word_1_146' title='bbox 371 2083 419 2130; x_wconf 90' lang='lat' dir='ltr'>in</span> <span class='ocrx_word' id='word_1_147' title='bbox 447 2099 604 2147; x_wconf 92' lang='lat' dir='ltr'>spem,</span> <span class='ocrx_word' id='word_1_148' title='bbox 629 2089 715 2129; x_wconf 88' lang='lat' dir='ltr'>aut</span> <span class='ocrx_word' id='word_1_149' title='bbox 740 2080 791 2128; x_wconf 90' lang='lat' dir='ltr'>in</span> <span class='ocrx_word' id='word_1_150' title='bbox 815 2088 1141 2143; x_wconf 27' lang='lat' dir='ltr'>1netum,.aut</span> <span class='ocrx_word' id='word_1_151' title='bbox 1165 2080 1228 2129; x_wconf 87' lang='lat' dir='ltr'>ad</span> <span class='ocrx_word' id='word_1_152' title='bbox 1253 2079 1601 2144; x_wconf 85' lang='lat' dir='ltr'>cupiditatem,</span> 
     </span>
     <span class='ocr_line' id='line_1_23' title="bbox 260 2158 1600 2227; baseline -0.003 -16"><span class='ocrx_word' id='word_1_153' title='bbox 260 2170 347 2211; x_wconf 85' lang='lat' dir='ltr'>aut</span> <span class='ocrx_word' id='word_1_154' title='bbox 388 2161 451 2209; x_wconf 89' lang='lat' dir='ltr'>ad</span> <span class='ocrx_word' id='word_1_155' title='bbox 490 2160 698 2227; x_wconf 89' lang='lat' dir='ltr'>gloriam</span> <span class='ocrx_word' id='word_1_156' title='bbox 737 2159 1090 2219; x_wconf 87' lang='lat' dir='ltr'>concitandos;</span> <span class='ocrx_word' id='word_1_157' title='bbox 1131 2175 1276 2223; x_wconf 89' lang='lat' dir='ltr'>saepe</span> <span class='ocrx_word' id='word_1_158' title='bbox 1303 2158 1451 2207; x_wconf 89' lang='lat' dir='ltr'>etiam</span> <span class='ocrx_word' id='word_1_159' title='bbox 1476 2177 1505 2206; x_wconf 87' lang='lat' dir='ltr'>a</span> <span class='ocrx_word' id='word_1_160' title='bbox 1528 2166 1600 2207; x_wconf 89' lang='lat' dir='ltr'>te-</span> 
     </span>
     <span class='ocr_line' id='line_1_24' title="bbox 260 2237 1599 2302; baseline -0.001 -14"><span class='ocrx_word' id='word_1_161' title='bbox 260 2243 507 2299; x_wconf 85' lang='lat' dir='ltr'>meritate,</span> <span class='ocrx_word' id='word_1_162' title='bbox 532 2238 808 2297; x_wconf 88' lang='lat' dir='ltr'>iracundia,</span> <span class='ocrx_word' id='word_1_163' title='bbox 844 2254 949 2302; x_wconf 89' lang='lat' dir='ltr'>spe,</span> <span class='ocrx_word' id='word_1_164' title='bbox 974 2237 1169 2301; x_wconf 87' lang='lat' dir='ltr'>injuria,</span> <span class='ocrx_word' id='word_1_165' title='bbox 1194 2237 1398 2297; x_wconf 83' lang='lat' dir='ltr'>invidia,</span> <span class='ocrx_word' id='word_1_166' title='bbox 1425 2237 1599 2286; x_wconf 88' lang='lat' dir='ltr'>crude-</span> 
     </span>
     <span class='ocr_line' id='line_1_25' title="bbox 257 2317 744 2369; baseline -0.01 0"><span class='ocrx_word' id='word_1_167' title='bbox 257 2320 397 2369; x_wconf 90' lang='lat' dir='ltr'>litate</span> <span class='ocrx_word' id='word_1_168' title='bbox 424 2317 744 2367; x_wconf 85' lang='lat' dir='ltr'>revocandos.</span> 
     </span>
    </p>

    <p class='ocr_par' dir='ltr' id='par_1_3' title="bbox 253 2386 1737 2859">
     <span class='ocr_line' id='line_1_26' title="bbox 323 2386 1734 2460; baseline -0.001 -12"><span class='ocrx_word' id='word_1_169' title='bbox 323 2399 404 2448; x_wconf 88' lang='lat' dir='ltr'>Fit</span> <span class='ocrx_word' id='word_1_170' title='bbox 428 2405 611 2455; x_wconf 88' lang='lat' dir='ltr'>autem,</span> <span class='ocrx_word' id='word_1_171' title='bbox 637 2404 712 2456; x_wconf 92' lang='lat' dir='ltr'>ut,</span> <span class='ocrx_word' id='word_1_172' title='bbox 738 2388 861 2460; x_wconf 54' lang='lat' dir='ltr'>quia&#39;</span> <span class='ocrx_word' id='word_1_173' title='bbox 877 2394 1093 2443; x_wconf 83' lang='lat' dir='ltr'>maxima</span> <span class='ocrx_word' id='word_1_174' title='bbox 1123 2395 1262 2459; x_wconf 85' lang='lat' dir='ltr'>quasi</span> <span class='ocrx_word' id='word_1_175' title='bbox 1285 2396 1467 2444; x_wconf 88' lang='lat' dir='ltr'>oratori</span> <span class='ocrx_word' id='word_1_176' title='bbox 1491 2413 1593 2445; x_wconf 88' lang='lat' dir='ltr'>sce·</span> <span class='ocrx_word' id='word_1_177' title='bbox 1630 2386 1734 2446; x_wconf 70' lang='lat'>83.</span> 
     </span>
     <span class='ocr_line' id='line_1_27' title="bbox 255 2474 1737 2538; baseline -0.001 -11"><span class='ocrx_word' id='word_1_178' title='bbox 255 2495 321 2527; x_wconf 90' lang='lat' dir='ltr'>na</span> <span class='ocrx_word' id='word_1_179' title='bbox 357 2477 584 2526; x_wconf 89' lang='lat' dir='ltr'>videatur</span> <span class='ocrx_word' id='word_1_180' title='bbox 622 2475 819 2534; x_wconf 88' lang='lat' dir='ltr'>concio,</span> <span class='ocrx_word' id='word_1_181' title='bbox 856 2482 1034 2522; x_wconf 88' lang='lat' dir='ltr'>natura</span> <span class='ocrx_word' id='word_1_182' title='bbox 1056 2474 1161 2538; x_wconf 84' lang='lat' dir='ltr'>ipsa</span> <span class='ocrx_word' id='word_1_183' title='bbox 1185 2474 1248 2521; x_wconf 91' lang='lat' dir='ltr'>ad</span> <span class='ocrx_word' id='word_1_184' title='bbox 1279 2475 1497 2522; x_wconf 89' lang='lat' dir='ltr'>ornatius</span> <span class='ocrx_word' id='word_1_185' title='bbox 1523 2474 1592 2522; x_wconf 89' lang='lat' dir='ltr'>di-</span> <span class='ocrx_word' id='word_1_186' title='bbox 1624 2486 1737 2526; x_wconf 83' lang='grc'><strong>338.</strong></span> 
     </span>
     <span class='ocr_line' id='line_1_28' title="bbox 257 2556 1592 2624; baseline -0.004 -15"><span class='ocrx_word' id='word_1_187' title='bbox 257 2560 404 2611; x_wconf 87' lang='lat' dir='ltr'>cendi</span> <span class='ocrx_word' id='word_1_188' title='bbox 428 2575 588 2624; x_wconf 89' lang='lat' dir='ltr'>genus</span> <span class='ocrx_word' id='word_1_189' title='bbox 613 2557 876 2606; x_wconf 84' lang='lat' dir='ltr'>excitetur.</span> <span class='ocrx_word' id='word_1_190' title='bbox 949 2556 1120 2604; x_wconf 88' lang='lat' dir='ltr'>Habet</span> <span class='ocrx_word' id='word_1_191' title='bbox 1156 2557 1288 2604; x_wconf 89' lang='lat' dir='ltr'>enim</span> <span class='ocrx_word' id='word_1_192' title='bbox 1323 2556 1592 2604; x_wconf 89' lang='lat' dir='ltr'>multitudo</span> 
     </span>
     <span class='ocr_line' id='line_1_29' title="bbox 255 2635 1591 2703; baseline -0.004 -15"><span class='ocrx_word' id='word_1_193' title='bbox 255 2640 356 2689; x_wconf 90' lang='lat' dir='ltr'>vim</span> <span class='ocrx_word' id='word_1_194' title='bbox 381 2638 629 2703; x_wconf 89' lang='lat' dir='ltr'>quandam</span> <span class='ocrx_word' id='word_1_195' title='bbox 653 2635 825 2694; x_wconf 91' lang='lat' dir='ltr'>talem,</span> <span class='ocrx_word' id='word_1_196' title='bbox 850 2643 925 2694; x_wconf 90' lang='lat' dir='ltr'>ut,</span> <span class='ocrx_word' id='word_1_197' title='bbox 959 2635 1379 2698; x_wconf 87' lang='lat' dir='ltr'>quemadmodum</span> <span class='ocrx_word' id='word_1_198' title='bbox 1404 2635 1591 2683; x_wconf 89' lang='lat' dir='ltr'>tibicen</span> 
     </span>
     <span class='ocr_line' id='line_1_30' title="bbox 253 2711 1589 2772; baseline -0.004 -5"><span class='ocrx_word' id='word_1_199' title='bbox 253 2718 360 2768; x_wconf 89' lang='lat' dir='ltr'>sine</span> <span class='ocrx_word' id='word_1_200' title='bbox 384 2716 517 2765; x_wconf 90' lang='lat' dir='ltr'>tibiis</span> <span class='ocrx_word' id='word_1_201' title='bbox 542 2730 740 2772; x_wconf 85' lang='lat' dir='ltr'>canere,</span> <span class='ocrx_word' id='word_1_202' title='bbox 766 2713 835 2761; x_wconf 91' lang='lat' dir='ltr'>sic</span> <span class='ocrx_word' id='word_1_203' title='bbox 861 2720 1024 2760; x_wconf 89' lang='lat' dir='ltr'>orator</span> <span class='ocrx_word' id='word_1_204' title='bbox 1039 2712 1142 2759; x_wconf 89' lang='lat' dir='ltr'>sine</span> <span class='ocrx_word' id='word_1_205' title='bbox 1162 2711 1482 2761; x_wconf 89' lang='lat' dir='ltr'>multitudine</span> <span class='ocrx_word' id='word_1_206' title='bbox 1507 2729 1589 2761; x_wconf 90' lang='lat' dir='ltr'>au-</span> 
     </span>
     <span class='ocr_line' id='line_1_31' title="bbox 254 2790 1732 2859; baseline -0.001 -14"><span class='ocrx_word' id='word_1_207' title='bbox 254 2796 424 2845; x_wconf 87' lang='lat' dir='ltr'>diente</span> <span class='ocrx_word' id='word_1_208' title='bbox 467 2793 702 2859; x_wconf 91' lang='lat' dir='ltr'>eloquens</span> <span class='ocrx_word' id='word_1_209' title='bbox 743 2809 848 2841; x_wconf 87' lang='lat' dir='ltr'>esse</span> <span class='ocrx_word' id='word_1_210' title='bbox 886 2807 986 2840; x_wconf 92' lang='lat' dir='ltr'>non</span> <span class='ocrx_word' id='word_1_211' title='bbox 1020 2790 1189 2855; x_wconf 88' lang='lat' dir='ltr'>possit.</span> <span class='ocrx_word' id='word_1_212' title='bbox 1262 2790 1328 2839; x_wconf 89' lang='lat' dir='ltr'>Et</span> <span class='ocrx_word' id='word_1_213' title='bbox 1351 2807 1465 2840; x_wconf 91' lang='lat' dir='ltr'>cum</span> <span class='ocrx_word' id='word_1_214' title='bbox 1490 2791 1588 2840; x_wconf 91' lang='lat' dir='ltr'>sint</span> <span class='ocrx_word' id='word_1_215' title='bbox 1620 2800 1732 2844; x_wconf 87' lang='grc'><strong>339.</strong></span> 
     </span>
    </p>
   </div>
   <div class='ocr_carea' id='block_1_3' title="bbox 253 2869 1588 2998">
    <p class='ocr_par' dir='ltr' id='par_1_4' title="bbox 253 2869 1588 2998">
     <span class='ocr_line' id='line_1_32' title="bbox 253 2869 1588 2943; baseline -0.004 -18"><span class='ocrx_word' id='word_1_216' title='bbox 253 2874 516 2943; x_wconf 87' lang='lat' dir='ltr'>populares</span> <span class='ocrx_word' id='word_1_217' title='bbox 539 2872 683 2923; x_wconf 91' lang='lat' dir='ltr'>multi</span> <span class='ocrx_word' id='word_1_218' title='bbox 706 2872 925 2938; x_wconf 88' lang='lat' dir='ltr'>variique</span> <span class='ocrx_word' id='word_1_219' title='bbox 966 2869 1149 2938; x_wconf 69' lang='lat' dir='ltr'>lapsus„</span> <span class='ocrx_word' id='word_1_220' title='bbox 1185 2869 1388 2922; x_wconf 83' lang='lat' dir='ltr'>vitanda</span> <span class='ocrx_word' id='word_1_221' title='bbox 1412 2877 1486 2920; x_wconf 87' lang='lat' dir='ltr'>est</span> <span class='ocrx_word' id='word_1_222' title='bbox 1510 2886 1588 2920; x_wconf 91' lang='lat' dir='ltr'>ac-</span> 
     </span>
     <span class='ocr_line' id='line_1_33' title="bbox 1225 2965 1257 2998; baseline 0 0"><span class='ocrx_word' id='word_1_223' title='bbox 1225 2965 1257 2998; x_wconf 95' lang='lat' dir='ltr'>o</span> 
     </span>
    </p>
   </div>
  </div>
 </body>
</html>
