2071 3508
312 964 389 1003 88.

321 1835 400 1877 89.

415 460 493 496 254
901 456 977 496 DE
1007 456 1275 496 ORATORE

417 566 673 625 debamUS,
720 565 1012 631 philosopho
1055 583 1170 615 cum
1219 583 1419 632 operam
1474 565 1632 624 daret,
1683 566 1750 623 Q.

417 645 769 694 Tuberonem:
823 655 873 694 at
909 645 1013 711 ejus
1049 646 1351 695 avunculum
1386 646 1470 694 vix
1506 644 1750 709 intellige-

416 742 494 773 res
529 725 582 773 id
617 743 781 790 agere,
843 743 956 774 cum
993 734 1165 790 ageret
1198 734 1384 785 tamen,
1436 724 1750 773 Africanum.

419 804 522 852 Ista
546 805 805 853 discuntur
828 804 994 864 facile,
1021 805 1060 852 si
1087 813 1138 853 et
1161 813 1356 853 tantum
1382 821 1563 863 sumas,
1600 819 1752 868 quan-

417 891 525 932 tum
551 902 672 949 opus
698 885 777 944 sit,
814 893 865 933 et
890 885 1069 933 habeas
1095 885 1177 950 qui
1204 885 1383 933 docere
1408 883 1620 932 fideliter
1643 899 1753 947 pos-

421 963 498 1019 sit,
537 972 588 1011 et
612 965 734 1012 scias
773 964 922 1011 etiam
961 965 1064 1028 ipse
1090 964 1298 1012 discere.
1371 963 1468 1011 Sed
1493 963 1532 1010 si
1555 970 1662 1011 tota
1683 962 1755 1009 vi-

420 1049 473 1089 ta
496 1043 617 1090 nihil
641 1043 761 1090 velis
786 1043 920 1090 aliud
944 1061 1110 1107 agere,
1147 1044 1252 1107 ipsa
1275 1043 1506 1091 tractatio
1533 1049 1583 1090 et
1608 1056 1754 1105 quae-

421 1121 515 1168 stio
554 1121 775 1184 quotidie
813 1137 874 1174 ex
911 1138 961 1169 se
996 1122 1171 1185 gignat
1206 1121 1413 1185 aliquid,
1464 1120 1598 1184 quod
1639 1135 1755 1167 cum

423 1199 667 1247 desidiosa
709 1198 1040 1247 delectatione
1079 1200 1328 1264 vestiges:
1372 1199 1442 1246 ita
1465 1198 1534 1254 fit,
1577 1205 1634 1245 ut
1657 1197 1758 1262 agi-

421 1277 610 1326 tatione
635 1293 797 1325 rerum
824 1277 886 1324 sit
915 1276 1106 1325 infinita
1143 1277 1396 1341 cogniti03
1435 1275 1593 1324 facilis
1641 1291 1760 1324 usus

424 1356 700 1405 doctrinam
718 1355 976 1404 confirmet
994 1376 1006 1415 3
1035 1355 1297 1404 mediocris
1316 1372 1465 1420 opera
1479 1355 1758 1415 tribuatur;

425 1435 662 1483 memoria
686 1435 1004 1499 studiumque
1029 1442 1332 1499 permaneat.
1419 1434 1569 1482 Libet
1592 1441 1759 1483 autem

427 1530 621 1577 semper
646 1513 835 1561 discere
859 1534 871 1573 3
910 1521 967 1561 ut
992 1514 1031 1561 si
1055 1514 1205 1562 velim
1225 1531 1319 1578 ego
1343 1513 1453 1561 talis
1478 1513 1663 1578 optime
1687 1512 1760 1561 lu-

429 1593 565 1651 dere,
602 1603 687 1640 aut
727 1593 856 1657 pilae
899 1593 1063 1641 studio
1087 1601 1277 1653 tenear,
1317 1594 1467 1641 etiam
1490 1592 1696 1640 fortasse
1720 1593 1761 1640 si

428 1672 619 1736 assequi
647 1689 743 1720 non
781 1673 996 1737 possim:
1037 1681 1088 1721 at
1123 1673 1222 1732 alii,
1260 1673 1343 1737 qui
1366 1672 1617 1737 praeclare
1641 1671 1762 1719 faci-

426 1759 536 1810 unt,
572 1751 933 1810 vehementius,
970 1769 1116 1816 quam
1156 1768 1304 1799 causa
1325 1750 1561 1816 postulat,
1599 1750 1762 1798 delec-

428 1837 620 1889 tantur3
659 1838 716 1878 ut
742 1830 904 1877 Titius
938 1830 1056 1894 pila,
1095 1830 1262 1879 Brulla
1300 1829 1425 1878 talis.
1499 1829 1666 1886 Quare
1689 1828 1763 1876 ni-

430 1908 500 1955 hil
542 1917 631 1965 est,
670 1909 803 1973 quod
845 1909 1101 1973 quisquam
1139 1909 1535 1973 magnitudinem
1564 1908 1763 1967 artium,

432 2005 495 2036 ex
532 2005 591 2036 eo
627 1988 761 2053 quod
797 2005 936 2036 senes
974 1988 1191 2046 discunt,
1225 1988 1576 2052 pertimescat:
1627 2002 1765 2034 nam-

433 2084 528 2131 que
562 2076 647 2116 aut
671 2085 811 2116 senes
837 2068 899 2115 ad
925 2085 1006 2116 eas
1030 2076 1375 2117 accesserunt:
1414 2076 1500 2116 aut
1522 2083 1677 2132 usque
1701 2064 1768 2114 ad

434 2156 744 2196 senectutem
769 2148 820 2194 in
857 2148 1030 2195 studiis
1056 2148 1342 2196 detinentur
1363 2169 1375 2207 ;
1421 2155 1507 2196 aut
1531 2154 1647 2195 sunt
1669 2153 1766 2194 tar-

437 2227 637 2273 dissimi.
711 2226 812 2273 Res
854 2226 1054 2289 quidem
1093 2243 1142 2272 se
1185 2244 1295 2272 mea
1319 2226 1658 2274 sententiasic
1681 2224 1766 2273 ha-

436 2305 541 2363 bet,
576 2312 651 2362 ut,
686 2304 779 2350 nisi
821 2304 954 2367 quod
996 2303 1201 2367 quisque
1245 2304 1345 2352 cito
1368 2305 1606 2367 potuerit,
1641 2319 1767 2351 nun-

437 2401 584 2449 quam
609 2385 810 2432 omnino
833 2383 987 2448 possit
1009 2383 1306 2447 perdiscere.

502 2463 633 2522 Jam,
661 2461 786 2526 jam,
821 2461 983 2525 inquit
1025 2459 1245 2518 Catulus,
1283 2461 1526 2526 intelligo,
1575 2461 1766 2518 Crasse,

394 2572 404 2583 ·
438 2542 557 2607 quid
582 2542 747 2601 dicas3
788 2548 839 2588 et
862 2539 1063 2588 hercule
1089 2540 1327 2588 assentior
1348 2558 1360 2588 ε
1399 2541 1514 2588 satis
1537 2540 1684 2589 video
1707 2541 1769 2588 ti-

436 2621 487 2670 bi
510 2619 699 2668 homini
723 2618 786 2667 ad
808 2617 1191 2683 perdiscendum
1216 2618 1474 2678 acerrimo,
1493 2619 1557 2667 ad
1581 2635 1639 2667 ea
1653 2635 1769 2683 cog-

435 2700 704 2756 noscenda,
744 2714 868 2764 quae
895 2697 1035 2757 dicis,
1070 2696 1220 2745 fuisse
1255 2699 1508 2763 temporis.
1579 2697 1770 2762 Pergis-

439 2796 521 2838 ne,
572 2779 733 2844 inquit
771 2778 992 2838 Crassus,
1041 2794 1139 2837 me,
1186 2794 1312 2843 quae
1350 2778 1532 2837 dicam,
1571 2777 1634 2825 de
1667 2793 1768 2837 me,

440 2873 541 2905 non
579 2859 642 2906 de
678 2875 729 2906 re
766 2866 941 2923 putare
981 2857 1185 2907 dicere?
1255 2857 1354 2907 Sed
1367 2856 1492 2923 jam,
1523 2856 1563 2905 si
1584 2854 1766 2923 placet,
