2071 3508
409 1712 486 1756 47.

408 2520 486 2559 48.

530 421 578 460 16
1002 420 1078 459 DE
1108 418 1374 458 ORATORE·

528 527 714 576 Audivi
739 529 868 577 enim
895 544 1106 576 summos
1130 527 1370 587 homines,
1396 545 1509 576 cum
1535 538 1760 594 quaestor
1784 542 1847 579 ex

526 606 824 654 Macedonia
858 606 1096 653 venissem
1132 604 1373 664 AthenaS,
1409 606 1614 656 florente
1651 608 1847 658 Acade-

523 685 638 743 mia,
650 694 706 732 ut
722 684 1019 748 temporibus
1035 682 1128 730 illis
1142 683 1409 743 ferebatur,
1426 684 1558 748 quod
1574 703 1680 733 eam
1697 687 1848 735 Char-

523 763 706 821 madas,
733 771 781 811 et
801 762 1152 821 Clitomachus,
1173 770 1223 810 et
1245 762 1518 812 Aeschines
1543 765 1846 816 obtinebant.

524 840 642 889 Erat
667 843 812 890 etiam
840 840 1174 900 Metrodorus,
1200 842 1283 905 qui
1309 859 1422 889 cum
1446 841 1539 889 illis
1563 859 1664 890 una
1686 844 1847 908 ipsum

521 919 658 967 illum
675 920 999 968 Charmadam
1024 920 1308 985 diligentius
1332 921 1572 980 audierat,
1593 921 1846 972 hominem

522 1000 739 1046 omnium
767 999 817 1045 in
854 998 1085 1058 dicendo,
1120 1007 1177 1047 ut
1200 999 1442 1059 ferebant,
1479 999 1772 1048 acerrimum
1796 1008 1849 1051 et

521 1078 921 1142 copiosissimum.
990 1077 1208 1141 Vigebat
1245 1079 1438 1127 auditor
1475 1079 1695 1126 Panaetii
1718 1079 1848 1128 illius

518 1157 592 1203 tui
635 1156 957 1204 Mnesarchus
979 1177 992 1215 3
1032 1164 1083 1203 et
1124 1157 1439 1221 Peripatetici
1481 1157 1684 1205 Critolai
1724 1158 1845 1206 Dio-

519 1233 682 1281 dorus.
738 1234 889 1283 Multi
915 1243 1054 1283 erant
1076 1244 1331 1299 praeterea
1353 1235 1591 1300 praeclari
1615 1236 1665 1282 in
1690 1236 1845 1300 philo-

518 1313 688 1376 sophia
728 1322 778 1361 et
811 1313 1018 1372 nobiles,
1054 1331 1081 1360 a
1116 1314 1290 1378 quibus
1316 1314 1559 1372 omnibus,
1590 1330 1690 1362 una
1717 1331 1846 1378 pene

519 1408 642 1439 voce
679 1391 849 1455 repelli
882 1400 1124 1440 oratorem
1149 1410 1176 1439 a
1199 1392 1545 1456 gubernaculis
1571 1393 1844 1453 civitatum,

519 1470 718 1518 excludi
759 1472 818 1518 ab
860 1471 991 1517 omni
1031 1471 1271 1530 doctrina,
1309 1488 1570 1535 rerumque
1606 1471 1843 1535 majorum

519 1549 735 1603 scientia,
781 1566 838 1596 ac
873 1556 1065 1596 tantum
1090 1549 1139 1595 in
1168 1549 1358 1612 judicia
1394 1558 1444 1598 et
1474 1549 1843 1608 conciunculas‚

519 1635 752 1691 tanquam
771 1628 821 1674 in
837 1627 1034 1691 aliquod
1052 1628 1328 1692 pistrinum,
1344 1629 1541 1676 detrudi
1558 1636 1608 1676 et
1624 1628 1843 1692 compin-

520 1706 571 1770 gi
589 1706 829 1753 videbam.
880 1706 977 1754 Sed
1001 1723 1094 1769 ego
1118 1723 1279 1770 neque
1303 1707 1396 1754 illis
1414 1707 1730 1765 assentiebar,
1757 1722 1841 1753 ne-

519 1802 613 1849 que
639 1785 810 1832 harum
835 1785 1221 1849 disputationum
1245 1785 1489 1833 inventori
1529 1793 1579 1833 et
1613 1784 1843 1849 principi,

517 1864 664 1927 longe
690 1864 907 1913 omnium
931 1864 982 1910 in
999 1863 1211 1913 dicendo
1235 1864 1521 1926 gravissimo
1538 1871 1588 1911 et
1612 1863 1843 1926 eloquen-

516 1943 723 2000 tissimo,
741 1944 951 2002 Platoni,
969 1943 1107 2006 cujus
1123 1950 1229 1995 tum
1249 1942 1461 1991 Athenis
1479 1959 1591 1989 cum
1610 1942 1842 1990 Charma-

518 2021 581 2069 da
596 2021 879 2085 diligentius
901 2021 1001 2084 legi
1017 2021 1256 2082 Gorgiam
1274 2039 1286 2066 t
1325 2036 1421 2083 quo
1445 2020 1497 2066 in
1513 2019 1657 2078 libro,
1675 2020 1727 2067 in
1747 2019 1843 2069 hoc

518 2100 730 2147 maxime
755 2097 1328 2156 admirabar·Platonem,
1358 2097 1491 2161 quod
1515 2097 1634 2144 mihi
1663 2097 1715 2144 in
1740 2115 1844 2146 ora-

518 2179 705 2226 toribus
742 2176 1001 2224 irridendis
1024 2176 1128 2240 ipse
1154 2192 1256 2223 esse
1282 2182 1444 2223 orator
1468 2193 1685 2223 summus
1708 2177 1843 2226 vide-

516 2258 675 2305 batur.
735 2255 888 2304 Verbi
913 2255 1044 2303 enim
1064 2254 1394 2302 controversia
1407 2252 1512 2318 jam
1537 2254 1622 2302 diu
1645 2262 1844 2319 torquet

518 2335 791 2384 Graeculos
848 2334 1089 2392 homines,
1154 2332 1484 2382 contentionis
1547 2332 1843 2397 cupidiores,

521 2431 665 2478 quam
683 2415 916 2462 veritatis.
1440 2423 1443 2426 ’

587 2494 717 2541 Nam
755 2494 793 2541 si
829 2493 935 2557 quis
970 2492 1103 2541 hunc
1139 2492 1310 2541 statuit
1334 2509 1438 2542 esse
1462 2499 1725 2551 oratorem,
1760 2493 1844 2557 qui

521 2572 864 2620 tantummodo
910 2572 961 2618 in
1005 2570 1134 2635 jure,
1186 2579 1272 2619 aut
1317 2571 1368 2617 in
1412 2570 1614 2634 judiciis
1670 2571 1842 2635 possit,

521 2659 606 2698 aut
629 2653 761 2717 apud
783 2652 1039 2717 populum,
1059 2659 1143 2699 aut
1165 2651 1217 2698 in
1241 2658 1428 2707 senatu,
1451 2651 1648 2715 copiose
1670 2649 1805 2714 loqui
1825 2669 1840 2709 ς

519 2736 685 2778 tamen
709 2731 824 2787 huic
854 2731 945 2796 ipsi
982 2730 1137 2778 multa
1170 2731 1355 2779 tribuat
1394 2737 1446 2778 et
1483 2729 1726 2777 concedat
1759 2744 1843 2776 ne-

521 2824 655 2855 cesse
681 2817 767 2858 est.
837 2810 1014 2874 Neque
1053 2809 1183 2858 enim
1219 2809 1322 2856 sine
1357 2807 1510 2860 multa
1536 2806 1843 2873 pertractati-

523 2902 618 2935 one
654 2888 871 2937 omnium
905 2905 1068 2938 rerum
1101 2887 1426 2954 publicarum,
1460 2903 1621 2952 neque
1648 2886 1752 2935 sine
1773 2884 1841 2934 le-
