2071 3508
478 431 558 470 380
990 431 1067 469 DE
1097 432 1295 471 CLARIS

472 538 768 604 paedagogi,
808 546 987 588 matres
1023 540 1172 588 etiam
1211 541 1489 605 loquantur.
1559 544 1796 608 Legimus

472 617 701 682 epistolas
727 618 1003 678 Corneliae,
1039 620 1205 667 matris
1236 620 1613 670 Gracchorum:
1649 640 1794 687 appa-

472 703 564 752 ret,
595 695 718 744 filios
742 712 842 745 non
865 704 967 745 tam
991 697 1042 743 in
1074 697 1263 760 gremio
1288 697 1537 755 educatos
1571 717 1716 763 quam
1740 701 1793 748 in

472 791 695 824 sermone
715 776 898 823 matris.
969 775 1189 824 Auditus
1212 784 1287 824 est
1309 777 1451 826 nobis
1467 778 1665 826 Laeliae
1686 779 1793 827 Caii

469 852 596 902 filiae
622 870 765 917 saepe
791 870 964 902 sermo.
1035 853 1168 917 Ergo
1203 854 1336 902 illam
1370 857 1520 919 patris
1546 856 1793 921 elegantia

469 932 677 980 tinctam
712 932 956 980 vidimus:
995 940 1045 980 et
1079 932 1198 980 filias
1236 932 1337 996 ejus
1375 933 1570 982 Mucias
1607 937 1788 992 ambas,

469 1027 674 1075 quarum
705 1027 863 1058 sermo
893 1011 1012 1057 mihi
1041 1010 1137 1059 fuit
1166 1019 1341 1060 notus:
1380 1019 1431 1061 et
1462 1021 1635 1077 neptes
1660 1013 1792 1061 Lici-

467 1088 589 1148 nias,
626 1105 743 1153 quas
781 1105 870 1136 nos
906 1089 1104 1153 quidem
1142 1091 1325 1149 ambas,
1367 1090 1494 1139 hanc
1534 1108 1652 1139 vero
1688 1092 1791 1140 Sci-

464 1168 624 1231 pionis
649 1168 798 1215 etiam
821 1176 895 1226 tu,
922 1168 1094 1227 Brute,
1124 1169 1288 1224 credo,
1323 1168 1584 1233 aliquando
1609 1170 1790 1218 audisti

463 1245 764 1310 loquentem.
836 1246 946 1310 Ego
969 1264 1105 1305 vero,
1134 1264 1191 1296 ac
1215 1246 1443 1295 lubenter
1468 1248 1686 1311 quidem,
1717 1248 1790 1294 in-

464 1326 571 1389 quit
607 1326 823 1384 Brutus3
875 1332 925 1373 et
961 1342 1019 1373 eo
1054 1325 1318 1381 lubentius,
1362 1326 1496 1389 quod
1533 1325 1591 1373 L,
1627 1325 1790 1373 Crassi

465 1412 570 1453 erat
592 1404 704 1452 filia.
778 1403 914 1460 Quid
939 1403 1183 1460 Crassum,
1209 1404 1429 1468 inquam,
1453 1403 1591 1451 illum
1618 1420 1790 1451 censes

462 1484 602 1532 istius
627 1483 849 1531 Liciniae
874 1483 1042 1540 filium,
1080 1483 1239 1531 Crassi
1263 1491 1561 1532 testamento
1587 1483 1668 1547 qui
1691 1481 1789 1530 fuit

463 1561 758 1626 adoptatus?
797 1562 996 1608 Summo
1026 1561 1118 1608 iste
1144 1561 1343 1624 quidem
1378 1560 1559 1610 dicitur
1586 1562 1790 1625 ingenio

461 1640 630 1700 fuisse,
663 1641 836 1705 inquit.
908 1640 973 1687 Et
997 1657 1112 1688 vero
1144 1640 1225 1688 hic
1259 1640 1441 1704 Scipio,
1475 1640 1664 1703 collega
1688 1657 1788 1688 me-

459 1736 536 1778 us,
572 1719 691 1766 mihi
725 1735 839 1766 sane
870 1720 999 1766 bene
1034 1726 1084 1765 et
1114 1718 1249 1782 loqui
1274 1718 1487 1776 videtur,
1525 1726 1573 1765 et
1602 1718 1785 1766 dicere.

464 1798 641 1854 Recte,
680 1798 897 1861 inquam,
928 1797 1142 1861 judicas,
1179 1798 1348 1845 Brute.
1418 1797 1616 1844 Etenim
1645 1797 1785 1844 istius

461 1894 620 1940 genus
646 1885 719 1925 est
743 1893 805 1923 ex
829 1876 978 1940 ipsius
1011 1875 1278 1939 sapientiae
1303 1876 1451 1939 stirpe
1476 1885 1783 1939 generatum.

463 1955 594 2002 Nam
627 1963 677 2002 et
710 1954 771 2002 de
805 1954 995 2001 duobus
1028 1953 1129 2000 avis
1151 1952 1255 2016 jam
1288 1953 1518 2011 diximus,
1556 1953 1784 2017 Scipione

464 2041 515 2081 et
540 2034 743 2082 Crasso:
783 2041 833 2080 et
858 2032 918 2080 de
943 2031 1097 2079 tribus
1120 2031 1330 2096 proavis,
1358 2031 1420 2087 Q.
1450 2030 1673 2087 Metello,
1701 2048 1784 2079 cu-

454 2110 537 2174 jus
563 2119 770 2174 quatuor
805 2110 922 2165 filii:
963 2109 1015 2157 P.
1045 2108 1292 2172 Scipione,
1318 2109 1400 2171 qui
1433 2125 1495 2156 ex
1528 2108 1784 2157 dominatu

464 2189 577 2238 Tib.
616 2188 832 2236 Gracchi
867 2187 1084 2252 privatus
1118 2187 1170 2233 in
1204 2186 1481 2235 libertatem
1522 2186 1784 2251 rempubli-

463 2284 571 2314 cam
604 2266 904 2313 vindicavit:
945 2265 1008 2321 Q.
1040 2264 1274 2312 Scaevola
1305 2281 1508 2327 augure,
1544 2265 1629 2327 qui
1659 2263 1784 2328 peri-

461 2345 675 2394 tissimus
707 2343 851 2406 juris,
897 2342 1128 2405 idemque
1173 2342 1415 2406 percomis
1457 2350 1531 2389 est
1570 2342 1779 2391 habitus·

460 2424 571 2474 Jam
614 2423 822 2471 duorum
863 2422 1125 2468 abavorum
1168 2436 1313 2483 quam
1356 2428 1429 2467 est
1469 2419 1654 2467 illustre
1695 2435 1782 2467 no-

461 2517 606 2548 men:
647 2501 701 2547 P.
728 2499 986 2563 Scipionis,
1016 2498 1099 2562 qui
1132 2498 1207 2548 bis
1239 2498 1411 2546 consul
1447 2497 1555 2554 fuit,
1591 2499 1674 2562 qui
1706 2506 1781 2547 est

463 2578 730 2627 Corculum
765 2578 957 2637 dictus3
996 2577 1194 2625 alterius
1231 2576 1450 2625 omnium
1489 2577 1780 2640 sapientissi-

461 2659 546 2717 mi,
584 2659 639 2706 C.
677 2657 869 2705 Laelii?
907 2657 954 2706 O
985 2673 1288 2721 generosam,
1331 2656 1509 2719 inquit,
1550 2656 1776 2719 stirpem!

462 2745 513 2784 et
536 2745 771 2800 tanquam
794 2736 844 2783 in
869 2753 1018 2784 unam
1043 2737 1262 2783 arborem
1286 2734 1426 2798 plura
1453 2751 1636 2798 genera
1656 2754 1668 2793 ;
1707 2733 1776 2782 sic

460 2815 512 2862 in
536 2815 677 2863 istam
698 2815 898 2863 domum
922 2815 1188 2865 multorum
1212 2814 1407 2863 insitam
1431 2821 1577 2878 atque
1602 2812 1777 2862 illumi-

462 2900 626 2942 natam
651 2894 938 2959 sapientiam
957 2895 968 2946 l
