2071 3508
718 389 1093 430 ORATORIBUS.
1495 397 1570 434 361

237 508 383 549 natus
421 508 472 549 et
494 499 772 565 'pei-brevis.
841 499 954 548 Jam
993 499 1043 545 in
1069 497 1356 546 altercando
1387 497 1571 549 invenit

237 596 406 644 parem
432 578 711 627 neminem:
750 585 972 624 versatus
1009 585 1083 625 est
1118 578 1169 623 in
1195 578 1329 624 omni
1365 577 1469 626 fere
1494 596 1578 643 ge-

238 674 357 706 nere
406 672 697 706 causarum:
750 664 942 704 mature
985 655 1035 702 in
1083 655 1249 703 locum
1295 656 1578 721 principum

238 744 488 785 oratorum
513 735 665 783 venit.
739 734 1015 783 Accusavit
1041 735 1098 784 C.
1138 736 1438 794 Carbonem,
1481 735 1580 784 elo-

238 814 614 879 quentissimum
641 814 912 874 hominem,
948 814 1217 863 admodum
1254 814 1578 863 adolescens:

235 909 477 941 summam
503 893 692 957 ingenii
731 909 831 941 non
867 893 1066 941 laudem
1103 894 1270 953 modo,
1307 894 1395 942 sed
1431 894 1581 942 etiam

235 972 616 1021 admirationem
653 981 728 1020 est
754 981 1067 1021 consecutus.
1139 973 1386 1022 Defendit
1408 982 1583 1038 postea

238 1050 486 1100 Liciniam
534 1051 797 1116 virginem,
858 1069 973 1100 cum
1022 1069 1176 1100 annos
1229 1070 1375 1101 xxvn
1435 1061 1581 1103 natus

236 1139 401 1180 esset:
453 1131 506 1179 in
547 1147 606 1179 ea
645 1132 750 1195 ipsa
792 1148 942 1179 causa
986 1130 1084 1179 fuit
1131 1131 1582 1197 eloquentissimus,

237 1210 574 1274 orationisque
616 1208 720 1274 ejus
758 1210 965 1274 scriptas
1007 1211 1245 1273 quasdam
1280 1219 1445 1275 partes
1475 1212 1584 1259 reli-

240 1290 364 1354 quit.
435 1288 612 1338 Voluit
648 1288 937 1338 adolescens
973 1289 1025 1336 in
1051 1289 1245 1337 colonia
1269 1289 1584 1339 Narbonensi

238 1386 418 1419 causae
454 1368 704 1434 popularis
739 1368 927 1433 aliquid
962 1368 1227 1433 attingere,
1270 1385 1479 1434 eamque
1505 1387 1585 1419 co-

239 1448 425 1498 loniam
468 1453 550 1514 (ut
573 1449 721 1510 fecit)
757 1449 862 1514 ipse
888 1448 1138 1497 deducere
1160 1467 1172 1496 z
1211 1456 1374 1497 exstat
1398 1449 1450 1497 in
1475 1467 1588 1499 eam

239 1528 406 1593 legem
444 1529 626 1588 senior,
669 1532 751 1594 (ut
791 1528 861 1576 ita
901 1527 1090 1589 dicam)
1141 1545 1289 1592 quam
1329 1528 1414 1578 illa
1449 1537 1585 1579 aetas

239 1607 452 1667 ferebat,
494 1609 667 1657 oratio.
769 1606 965 1657 Multae
1007 1607 1189 1656 deinde
1232 1623 1442 1667 causae3
1498 1609 1587 1657 sed

239 1687 312 1736 ita
349 1688 532 1737 tacitus
567 1688 866 1746 tribunatus,
904 1695 976 1744 ut,
1014 1687 1107 1735 nisi
1132 1687 1184 1734 in
1210 1704 1269 1736 eo
1294 1687 1588 1752 magistratu

243 1767 552 1817 coenavisset
593 1765 726 1831 apud
767 1781 1068 1830 praeconem
1116 1765 1381 1826 Granium,
1433 1766 1586 1831 idque

243 1845 386 1895 nobis
421 1845 717 1893 narravisset
752 1844 991 1902 Lucilius,
1029 1845 1285 1903 tribuntm
1319 1844 1478 1909 plebis
1502 1862 1587 1894 ne-

244 1925 483 1974 sciremus
507 1924 674 1973 fuisse.
726 1923 804 1971 Ita
827 1939 1043 1987 prorsus,
1062 1923 1224 1991 inquit
1250 1923 1433 1972 Brutus
1455 1942 1466 1971 ε
1498 1925 1586 1979 sed

245 2019 311 2051 ne
352 2002 416 2051 de
459 2002 725 2054 Scaevolae
764 2002 965 2066 quidem
1013 2002 1269 2050 tribunatu
1317 2002 1587 2067 quidquam

246 2081 491 2130 audivisse
515 2081 702 2138 videor,
741 2088 792 2129 et
816 2097 930 2129 eum
957 2080 1199 2146 collegam
1237 2081 1400 2129 Crassi
1437 2081 1589 2130 credo

246 2160 414 2209 fuisse.
486 2159 733 2209 Omnibus
769 2160 970 2224 quidem
996 2159 1120 2219 aliis,
1154 2160 1377 2224 inquam,
1412 2160 1463 2207 in
1489 2177 1589 2208 ma-

245 2238 548 2304 gistratibus,
586 2237 675 2285 sed
711 2238 939 2286 tribunus
979 2253 1109 2286 anno
1133 2245 1245 2302 post
1279 2236 1395 2297 fuit,
1430 2255 1589 2303 eoque

247 2319 300 2366 in
341 2317 509 2366 rostris
550 2316 756 2366 sedente
792 2317 944 2366 suasit
979 2316 1233 2366 Serviliam
1258 2317 1424 2383 legem
1449 2319 1590 2368 Cras-

249 2413 348 2446 sus.
399 2397 530 2446 Nam
556 2413 815 2445 censuram
839 2396 944 2445 sine
969 2397 1206 2446 Scaevola
1229 2398 1398 2462 gessit.
1459 2398 1589 2451 Eum

252 2475 386 2525 enim
422 2476 765 2540 magistratum
800 2491 949 2525 nemo
985 2493 1203 2541 unquam
1243 2475 1590 2525 Scaevolarum

251 2553 446 2620 petivit.
517 2554 616 2603 Sed
639 2554 762 2603 haec
805 2555 967 2604 Crassi
993 2572 1108 2603 cum
1146 2555 1282 2603 edita
1315 2555 1474 2603 oratio
1498 2562 1591 2614 est,

253 2648 404 2697 quam
441 2640 493 2680 te
534 2649 680 2697 saepe
717 2633 894 2698 legisse
937 2642 1076 2683 certo
1116 2635 1237 2693 scio,
1290 2641 1500 2698 quatuor
1541 2642 1593 2692 et

253 2710 462 2776 triginta
500 2718 608 2759 tum
648 2710 863 2760 habebat
899 2728 1073 2771 annOS,
1114 2711 1424 2776 totidemque
1452 2712 1594 2760 annis

257 2789 380 2839 mihi
421 2797 583 2838 aetate
623 2791 920 2855 praestabat.
1010 2790 1105 2838 His
1145 2791 1277 2839 enim
1310 2790 1594 2840 consulibus

257 2885 368 2919 eam
393 2869 557 2935 legem
581 2870 750 2930 suasit,
786 2870 964 2935 quibus
998 2871 1103 2920 nati
1126 2887 1313 2931 sumuS,
1349 2871 1594 2936 cumipse
