2071 3508
728 355 1118 397 PARTITIONES.
1511 361 1591 398 433

247 466 476 516 maximis
501 467 924 531 ‚occupationibus
960 467 1083 514 meis
1112 463 1411 512 anteferrem
1435 465 1592 515 liben-

248 552 339 594 ter.
410 545 602 594 FILIUS.
675 543 830 591 Visne
868 543 1040 606 igitur,
1081 550 1139 590 ut
1178 549 1235 589 tu
1273 559 1353 590 me
1393 543 1591 592 Graece

244 623 371 672 soles
396 623 568 671 ordine
593 622 920 685 interrogare,
963 620 1032 668 sic
1060 637 1155 685 ego
1180 627 1231 668 te
1255 620 1472 668 vicissim
1500 622 1590 669 eis-

245 701 360 751 dem
385 701 447 750 de
471 701 618 749 rebus
637 698 818 747 Latine
843 699 1184 765 interrogem?
1256 698 1446 747 PATER.
1508 699 1591 747 Sa-

242 795 325 838 ne,
367 778 407 826 si
443 777 624 842 placet.
697 777 779 825 Sic
818 777 951 825 enim
994 785 1045 826 et
1081 794 1176 842 ego
1211 785 1262 825 te
1304 777 1588 827 meminisse

240 856 536 922 intelligam,
573 874 699 922 quae
725 857 963 922 accepisti
984 875 996 905 ε
1042 865 1093 905 et
1115 864 1172 905 tu
1198 856 1371 905 ordine
1396 856 1587 917 audies,

237 953 366 1002 quae
403 937 626 1002 requiris„
700 937 894 985 FILIUS.
968 937 1108 994 Quot
1147 937 1200 984 in
1234 943 1400 1001 partes
1426 936 1587 985 distri-

237 1017 439 1066 buenda
480 1025 559 1066 est
599 1018 759 1065 omnis
798 1017 1027 1065 doctrina
1068 1016 1305 1065 dicendi?
1393 1015 1584 1064 PATER.

235 1096 300 1145 In
340 1104 458 1146 tres.
528 1096 723 1145 FILIUS.
796 1095 936 1144 Cedo
979 1095 1137 1160 quas?
1221 1095 1411 1144 PATER.
1483 1095 1587 1143 Pri-

235 1193 374 1225 mum
411 1178 464 1225 in
501 1178 657 1243 ipsam
695 1177 794 1225 vim
836 1176 1061 1236 oratoris,
1099 1175 1281 1224 deinde
1316 1176 1369 1223 in
1405 1175 1585 1224 oratio-

235 1271 370 1316 nem,
408 1264 516 1305 tum
542 1257 594 1304 in
620 1257 978 1321 quaestionem.
1051 1255 1242 1304 FILIUS.
1295 1255 1357 1303 In
1382 1272 1482 1320 quo
1508 1263 1585 1304 est

234 1335 340 1401 ipsa
376 1336 484 1385 vis?
556 1337 745 1384 PATER.
796 1336 856 1384 In
893 1337 1040 1385 rebus
1077 1343 1128 1384 et
1160 1335 1338 1383 verbis„—
1409 1334 1508 1383 Sed
1534 1343 1585 1383 et

234 1432 312 1464 res
338 1424 389 1464 et
412 1416 878 1464 verbainvenienda
899 1424 1014 1464 sunt
1031 1423 1082 1464 et
1101 1415 1408 1463 collocanda.
1466 1415 1584 1463 Pro-

232 1495 339 1560 prie
381 1504 549 1544 autem
591 1497 643 1543 in
685 1497 832 1544 rebus
867 1495 1107 1551 invenire,
1151 1495 1203 1542 in
1228 1494 1390 1542 verbis
1417 1493 1582 1558 eloqui

234 1575 433 1624 dicitur.
507 1575 766 1625 Collocare
810 1584 997 1635 autem,
1046 1575 1138 1623 etsi
1181 1582 1257 1622 est
1295 1590 1582 1633 commune,

230 1663 400 1705 tamen
437 1656 501 1704 ad
541 1655 899 1704 inveniendum
925 1653 1153 1703 refertur.
1225 1653 1360 1713 Vox,
1397 1661 1582 1714 motus,

230 1736 416 1797 vultus,
452 1745 602 1802 atque
628 1736 787 1785 omnis
812 1736 960 1793 actio,
1000 1734 1267 1800 eloquendi
1293 1751 1460 1782 comes
1486 1743 1580 1794 est,

231 1833 500 1881 earumque
548 1832 713 1864 rerum
762 1814 985 1862 omnium
1040 1823 1206 1863 custos
1262 1821 1337 1861 est
1390 1830 1577 1862 memo-

229 1895 316 1942 ria.
399 1895 594 1942 FILIUS.
686 1892 867 1951 Quid?
904 1892 1139 1941 orationis
1165 1900 1287 1957 quot
1312 1900 1428 1940 sunt
1467 1909 1576 1957 par-

228 1976 342 2024 tes?
429 1973 619 2022 PATER.
692 1973 937 2031 Quatuor.
1009 1972 1194 2020 Earum
1242 1972 1370 2020 duae
1407 1971 1577 2022 valent

229 2055 294 2103 ad
317 2069 422 2102 rem
454 2052 733 2101 docendam
751 2073 765 2113 3
805 2051 1021 2100 narratio
1046 2059 1098 2100 et
1131 2051 1470 2100 confirmatio:
1510 2052 1575 2100 ad

227 2132 555 2200 impellendos
596 2132 786 2179 animos
828 2131 988 2191 duae3
1032 2130 1332 2196 principium
1359 2139 1410 2179 et
1432 2148 1574 2196 pero-

227 2214 369 2262 ratio.
441 2212 635 2260 F1L11Js.
687 2210 858 2268 Quid?
895 2210 1119 2275 quaestio
1155 2226 1393 2274 quasnam
1423 2211 1575 2260 habet

224 2292 425 2361 partes?
497 2292 687 2339 PATER.
738 2290 1010 2350 Infinitam,
1053 2307 1200 2355 quam
1249 2290 1571 2339 consultatio-

224 2391 343 2423 nem
381 2371 608 2438 appello:
653 2379 704 2421 et
743 2371 1016 2431 definitam,
1053 2387 1201 2436 quam
1246 2387 1444 2418 causam
1483 2388 1570 2420 no-

227 2454 380 2502 mino.
851 2504 859 2511 ,

315 2532 509 2580 FILIUS.
583 2530 835 2588 Quoniam
891 2530 1045 2594 igitur
1091 2528 1316 2577 invenire
1361 2531 1567 2580 oratoris
1601 2528 1663 2589 Q,

220 2612 439 2681 primum
466 2617 558 2670 est,
596 2609 718 2682 quid
759 2610 1001 2674 quaeret?
1072 2608 1262 2656 PATER.
1334 2607 1407 2657 Ut
1434 2609 1570 2660 inve-

225 2694 350 2751 niat,
407 2689 831 2755 quemadmodum
868 2689 1018 2737 fidem
1059 2687 1214 2735 faciat
1259 2688 1348 2747 eis,
1390 2689 1571 2753 quibus

221 2771 359 2822 volet
381 2768 699 2836 persuadere,
735 2776 787 2817 et
811 2767 1232 2834 quemadmodum
1270 2774 1462 2816 motum
1487 2785 1569 2818 eo-

223 2868 334 2902 rum
358 2850 534 2902 animis
560 2849 746 2902 afferat.
817 2849 1009 2900 F1L1Us.
1060 2848 1255 2907 Quibus
1275 2849 1421 2898 rebus
1444 2848 1569 2901 fides

1129 2945 1161 2979 E
1186 2945 1214 2978 e
