2071 3508
269 680 371 740 36.

270 772 377 813 165.

411 426 463 461 52
881 429 958 468 DE
987 430 1254 470 ORATORE

410 530 635 580 Formam
677 536 807 584 enim
845 540 995 587 totius
1031 541 1217 604 negotii
1242 539 1469 604 opinione
1495 538 1728 603 majorem

408 611 756 678 melioremque
781 618 925 666 video
946 639 958 678 ;
987 636 1132 682 quam
1156 618 1473 666 vehementer
1494 620 1663 682 probo.
1733 651 1735 654 -

468 690 751 754 Enimvero,
791 696 951 760 inquit
998 698 1216 754 Crassus,
1263 697 1424 743 mirari
1471 697 1584 744 satis
1630 713 1730 744 non

411 791 554 838 queo,
580 776 728 823 etiam
764 783 813 822 te
848 776 989 834 haec,
1015 774 1262 830 Scaevola,
1291 774 1577 832 desiderare,
1606 791 1732 837 quae

410 869 571 916 neque
597 871 689 918 ego
714 864 880 912 teneo,
915 854 987 901 uti
1012 854 1044 900 ii
1070 854 1152 917 qui
1178 854 1359 900 docent
1380 873 1393 910 3
1432 869 1591 915 neque
1617 861 1733 900 sunt

363 960 381 963 2
411 932 514 996 ejus
537 934 750 998 generis,
768 941 841 991 ut,
867 932 904 978 si
930 932 1113 996 optime
1132 940 1370 988 tenerem,
1397 930 1545 993 digna
1569 937 1733 977 essent

266 1958 373 2000 166.

265 2827 371 2870 167.

410 1011 501 1059 ista
537 1011 774 1076 sapientia
812 1028 869 1058 ac
893 1010 989 1057 tuis
1015 1009 1224 1056 auribus.
1298 1008 1414 1054 Ain’
1442 1008 1530 1055 tu?
1572 1007 1733 1071 inquit

408 1091 505 1139 ille.
578 1092 625 1137 Si
669 1091 729 1137 de
766 1089 869 1136 istis
906 1087 1246 1135 communibus
1272 1094 1322 1134 et
1344 1086 1620 1150 pervagatis
1649 1086 1732 1132 vix

407 1175 523 1220 huic
549 1170 695 1217 aetati
722 1166 1021 1214 audiendum
1047 1172 1208 1226 putas,
1238 1165 1450 1211 etiamne
1474 1164 1556 1211 illa
1579 1163 1733 1227 negli-

406 1266 523 1315 gere
547 1260 823 1311 possumus,
849 1258 973 1305 quae
991 1249 1046 1288 tu
1065 1242 1244 1287 oratori
1269 1243 1614 1304 cognoscenda
1632 1258 1736 1290 esse

409 1326 594 1383 dixisti,
620 1324 681 1371 de
705 1320 890 1369 naturis
913 1318 1187 1376 hominum,
1220 1318 1281 1365 de
1305 1320 1538 1378 moribus,
1577 1321 1639 1367 de
1663 1337 1734 1369 ra-

408 1406 624 1456 tionibus
664 1401 740 1460 iis,
783 1399 957 1463 quibus
992 1397 1247 1444 hominum
1272 1404 1462 1444 mentes
1488 1405 1539 1445 et
1561 1398 1733 1447 incita-

407 1492 577 1534 rentur
602 1489 652 1529 et
686 1478 1085 1542 reprimerentur,
1111 1474 1171 1521 de
1196 1473 1414 1533 historia,
1440 1475 1501 1523 de
1526 1476 1734 1540 antiqui-

405 1571 529 1621 tate,
555 1561 616 1608 de
641 1554 1060 1606 administratione
1091 1552 1407 1617 reipublicae,
1433 1554 1646 1618 denique
1671 1555 1733 1604 de

406 1650 574 1690 nostro
598 1639 703 1703 ipso
719 1635 831 1700 jure
857 1632 1023 1681 civili?
1062 1632 1209 1679 Hanc
1246 1632 1377 1678 enim
1407 1649 1500 1697 ego
1536 1650 1733 1682 omnem

406 1719 681 1775 scientiam,
722 1722 773 1762 et
814 1712 1004 1776 copiam
1040 1727 1221 1769 rerum,
1261 1710 1312 1756 in
1352 1718 1438 1758 tua
1471 1712 1735 1775 prudentia

407 1800 622 1848 sciebam
662 1795 850 1842 inesse:
902 1791 953 1837 in
995 1789 1196 1837 oratoris
1242 1805 1358 1836 vero
1405 1789 1732 1840 instrumento

406 1885 508 1925 tam
554 1876 738 1922 lautam
791 1867 1147 1933 supellectilem
1192 1883 1444 1931 nunquam
1495 1869 1731 1918 videram.

409 1956 555 2004 Potes
580 1953 748 2016 igitur,
773 1948 934 2011 inquit
953 1947 1173 2004 Crassus,
1193 1950 1273 2010 (ut
1297 1946 1390 1994 alia
1413 1947 1638 1995 omittam
1661 1949 1733 1995 in-

405 2030 726 2082 numerabilia
764 2035 814 2075 et
850 2027 1105 2083 immensa,
1141 2032 1192 2071 et
1227 2024 1289 2071 ad
1312 2025 1471 2088 ipsum
1494 2032 1636 2072 tuum
1652 2025 1737 2090 jus

407 2112 550 2161 civile
574 2106 793 2165 veniam)
833 2111 1048 2152 oratores
1083 2109 1257 2166 putare
1283 2119 1383 2161 eos,
1409 2120 1530 2166 quos
1555 2104 1734 2153 multas

404 2193 549 2238 horas
574 2182 893 2248 exspectavit,
916 2197 1029 2228 cum
1047 2180 1099 2226 in
1124 2196 1352 2243 campum
1374 2190 1660 2246 properaret
1683 2192 1734 2232 et

405 2268 570 2316 ridens
608 2271 659 2311 et
699 2258 1008 2308 stomachans
1039 2256 1287 2312 Scaevola,
1332 2274 1444 2304 cum
1471 2259 1733 2324 Hypsaeus

407 2345 621 2394 maxima
642 2356 785 2397 voce,
802 2335 1022 2402 plurimis
1046 2335 1224 2392 verbis,
1249 2351 1278 2381 a
1303 2334 1377 2382 M.
1400 2335 1574 2385 Crasso
1596 2356 1734 2403 prae-

405 2431 513 2473 tore
539 2417 880 2474 contenderet,
904 2421 961 2460 ut
985 2413 1048 2471 ei,
1073 2429 1219 2477 quem
1244 2412 1561 2474 defendebat,
1587 2434 1734 2468 causa

406 2509 582 2557 cadere
606 2506 808 2553 liceret:
847 2500 939 2548 Cn.
966 2506 1131 2547 autem
1156 2497 1413 2557 Octavius,
1445 2499 1593 2546 homo
1618 2514 1733 2548 con-

405 2587 592 2644 sularis,
633 2599 733 2630 non
768 2579 928 2628 minus
950 2577 1100 2641 longa
1123 2576 1341 2625 oratione
1366 2585 1633 2636 recusaret,
1667 2594 1732 2628 ne

405 2662 707 2714 adversarius
731 2675 878 2708 causa
903 2656 1119 2714 caderet,
1144 2672 1200 2703 ac
1225 2671 1287 2702 ne
1312 2655 1369 2714 is,
1392 2672 1482 2720 pro
1506 2672 1604 2720 quo
1626 2656 1731 2721 ipse

406 2745 611 2800 diceret,
652 2738 784 2804 turpi
817 2735 1002 2785 tutelae
1031 2734 1242 2799 judicio,
1278 2741 1424 2798 atque
1460 2733 1593 2781 omni
1628 2750 1729 2782 mo-

403 2823 561 2881 lestia,
586 2817 793 2868 stultitia
817 2813 1096 2872 adversarii,
1119 2812 1406 2862 liberaretur
1426 2812 1443 2860 ?
1478 2811 1588 2876 Ego
1610 2827 1729 2861 vero
