2071 3508
641 428 805 467 LIBER
836 429 1088 469 TERTIUS.
1467 439 1543 476 0-3

1470 463 1508 477 -ί

207 539 307 587 sive
348 537 432 602 q'ui
471 534 621 593 volet,
663 552 776 583 eum
817 535 1182 600 philosophum,
1225 539 1310 602 qui
1345 543 1537 604 copiam

208 618 346 666 nobis
370 630 530 664 rerum
569 613 903 678 orationisque
939 615 1120 674 tradat,
1158 633 1246 681 per
1272 634 1350 665 me
1376 620 1540 682 appel-

205 695 276 744 let
310 701 552 743 oratorem
590 692 745 752 licet;
785 693 885 740 sive
924 693 1057 742 hunc
1094 703 1356 755 oratorem,
1393 714 1539 760 quem

206 789 300 837 ego
341 771 454 819 dico
495 770 784 836 sapientiam
819 770 1047 835 junctam
1086 773 1264 822 habere
1309 774 1542 840 eloquen-

205 849 320 908 tiae,
343 848 691 914 philosophum
717 849 963 914 appellare
1001 851 1157 910 malit,
1200 869 1299 900 non
1337 854 1542 919 impedi-

203 944 312 976 am:
369 928 639 977 dummodo
681 927 776 976 hoc
820 937 1033 988 constet,
1076 946 1237 995 neque
1280 931 1538 981 infantiam

202 1005 325 1071 ejus,
350 1007 434 1071 qui
458 1024 560 1055 rem
586 1008 731 1064 norit,
773 1007 861 1056 sed
900 1024 1008 1056 eam
1046 1009 1296 1072 explicare
1323 1011 1537 1061 dicendo

199 1101 300 1134 non
325 1094 474 1150 queat
494 1107 507 1146 ;
536 1102 697 1150 neque
723 1087 1035 1134 inscientiam
1062 1087 1209 1147 illius,
1230 1090 1310 1136 cui
1336 1107 1411 1138 res
1436 1107 1538 1138 non

200 1173 448 1230 suppetat,
495 1166 645 1213 verba
686 1182 785 1213 non
829 1165 1012 1225 desint,
1054 1184 1159 1215 esse
1203 1167 1535 1217 laudandam:

201 1259 410 1307 quorum
447 1244 485 1291 si
527 1244 736 1292 alterum
780 1244 842 1292 sit
883 1245 1171 1309 optandum,
1211 1246 1375 1294 malim
1403 1248 1538 1312 equi-

202 1320 317 1369 dem
341 1321 627 1370 indisertam
652 1323 986 1388 prudentiam,
1015 1339 1158 1386 quam
1186 1323 1444 1372 stultitiam
1468 1326 1537 1374 lo-

202 1416 427 1464 quacem.
501 1402 584 1450 Sin
628 1403 922 1466 quaerimus,
968 1402 1086 1465 quid
1128 1419 1281 1450 unuin
1325 1405 1538 1454 excellat
1574 1416 1681 1455 1453.

202 1495 265 1527 ex
304 1481 550 1540 omnibus,
593 1481 742 1530 docto
784 1482 963 1530 oratori
1009 1481 1172 1545 palma
1219 1483 1381 1531 danda
1429 1493 1533 1533 est:

201 1571 349 1624 quem
391 1560 430 1607 si
470 1560 727 1624 patiuntur
766 1561 981 1609 eundem
1024 1577 1129 1607 esse
1169 1560 1533 1626 philosophum,

178 1637 392 1693 ‚sublata
417 1640 752 1699 controversia
777 1647 881 1693 est:
910 1640 980 1687 sin
1009 1656 1090 1687 eos
1117 1640 1420 1705 disjungent,
1439 1642 1536 1690 hoc

201 1724 348 1765 erunt
371 1716 647 1778 inferiores,
685 1719 819 1783 quod
854 1719 905 1765 in
941 1727 1133 1767 oratore
1159 1720 1383 1783 perfecto
1408 1721 1533 1769 inest

197 1795 393 1845 illorum
418 1798 577 1845 omnis
603 1798 829 1857 scientia,
866 1798 915 1845 in
940 1798 1342 1863 philosophorum
1368 1809 1533 1848 antem

199 1875 485 1940 cognitione
511 1892 611 1924 non
638 1877 876 1933 continuo
903 1877 1029 1924 inest
1055 1877 1337 1939 eloquentia
1359 1897 1370 1925 :
1411 1896 1535 1942 quae

199 1956 420 2018 quamvis
447 1964 795 2003 contemnatur
831 1957 891 2003 ab
929 1956 1016 2014 eiS,
1043 1973 1243 2003 necesse
1269 1965 1342 2004 est
1367 1965 1532 2005 tamen

199 2032 413 2097 aliquem
440 2032 694 2081 cumulum
721 2032 914 2080 illorum
951 2034 1135 2081 artibus
1172 2034 1342 2082 afferre
1368 2036 1533 2084 videa-

197 2118 295 2159 tur.
369 2111 511 2159 Haec
552 2127 665 2158 cum
703 2111 904 2158 Crassus
939 2111 1160 2170 dixisset,
1197 2129 1459 2178 parumper
1485 2123 1535 2163 ct

199 2190 303 2254 ipse
330 2190 590 2249 conticuit,
616 2197 667 2237 et
692 2191 898 2237 caeteris
924 2189 1172 2237 silentium
1198 2190 1308 2238 fuit.
1569 2191 1673 2251 36,

265 2269 398 2317 Tum
419 2268 586 2326 Cotta,
608 2268 871 2332 Equidem,
887 2269 1062 2333 inquit,
1086 2269 1278 2328 Crasse,
1305 2286 1403 2317 non
1424 2287 1531 2334 pos-
1570 2286 1677 2324 144.

200 2364 307 2396 sum
333 2347 490 2412 queri,
515 2346 649 2410 quod
675 2346 793 2392 mihi
818 2347 1014 2394 videare
1042 2346 1175 2394 aliud
1200 2347 1455 2411 quiddam,
1482 2360 1530 2398 et

196 2443 298 2475 non
322 2427 388 2483 id,
425 2426 558 2491 quod
591 2427 881 2490 susceperis,
919 2426 1225 2490 disputasse:
1263 2426 1373 2490 plus
1399 2429 1531 2475 enim

199 2506 450 2570 aliquanto
469 2504 692 2560 attulisti,
715 2521 860 2569 quam
876 2505 966 2552 tibi
984 2512 1111 2552 esset
1128 2506 1368 2553 tributum
1395 2523 1421 2552 a
1448 2523 1531 2554 no-

195 2585 286 2641 bis,
314 2600 371 2631 ac
397 2583 759 2631 denuntiatum.
832 2583 929 2631 Sed
972 2592 1106 2631 certe
1149 2593 1198 2631 et
1240 2584 1331 2630 hae
1367 2593 1531 2648 partes

197 2663 401 2711 fuerunt
424 2670 559 2720 tuae,
585 2661 647 2709 de
672 2661 960 2709 illustranda
977 2662 1198 2709 oratione
1224 2669 1280 2709 ut
1305 2662 1527 2724 diceres;

199 2750 249 2790 et
274 2757 380 2789 eras
403 2740 506 2805 ipse
523 2738 627 2804 jam
653 2739 917 2803 ingressus,
943 2748 1090 2803 atque
1115 2739 1165 2786 in
1191 2747 1400 2803 quatuor
1424 2758 1531 2806 par-

197 2829 274 2870 tes
298 2836 495 2869 omnem
524 2818 755 2867 orationis
779 2818 976 2866 laudem
1002 2818 1356 2883 descripseras:
1395 2836 1530 2867 cum-

199 2916 295 2966 que
336 2900 399 2950 de
441 2898 631 2956 duabus
665 2898 833 2966 primis
865 2899 1005 2948 nobis
1030 2897 1229 2963 quidem
1256 2900 1389 2959 satis,
1425 2899 1529 2958 sed,

1176 2995 1198 3027 s
