2071 3508
457 446 535 484 5216
947 444 1023 483 DE
1052 443 1320 484 ORATORE

459 552 653 602 locutus
677 569 803 612 sum,
828 553 1046 601 omnium
1067 571 1080 601 z
1118 553 1205 602 sed
1237 554 1361 602 haec
1392 569 1467 602 ars
1491 560 1595 602 tota
1619 552 1785 601 dicen-

461 631 531 690 di,
568 631 669 679 sive
709 631 824 680 artis
863 631 1028 696 imago
1062 632 1302 696 quaedam
1328 639 1402 680 est
1426 639 1477 680 et
1499 631 1785 690 similitudo,

461 708 611 758 habet
633 709 761 758 hanc
785 711 900 767 vim,
937 726 1037 758 non
1067 718 1125 773 ut
1148 717 1308 759 totum
1333 711 1534 774 aliquid,
1572 709 1709 775 cujus
1737 710 1790 757 in

461 787 671 852 ingeniis
695 788 871 836 nostris
894 803 1003 851 pars
1027 786 1161 833 nulla
1185 787 1264 846 sit,
1287 788 1444 852 pariat
1459 796 1510 836 et
1526 795 1783 853 procreet3

461 882 633 914 verum
657 873 713 913 ut
738 882 812 924 ea,
838 881 961 929 quae
981 871 1095 911 sunt
1118 871 1224 911 orta
1237 863 1342 928 jam
1365 865 1418 912 in
1440 867 1580 914 nobis
1606 874 1656 914 et
1678 883 1788 931 pro-

319 945 429 992 357.
465 950 647 1002 creata,
689 943 870 990 educet
910 950 1056 1006 atque
1105 941 1377 990 confirmet.
1446 942 1790 993 Veruntamen

463 1038 624 1086 neque
662 1029 762 1069 tam
801 1021 901 1069 acri
932 1021 1166 1068 memoria
1188 1020 1292 1069 fere
1317 1020 1574 1085 quisquam
1598 1028 1692 1079 est,
1715 1028 1787 1077 ut,

462 1115 562 1146 non
587 1099 831 1163 dispositis
859 1099 1138 1162 notatisque
1172 1100 1336 1157 rebus,
1371 1099 1594 1147 ordinem
1617 1099 1790 1148 verbo-

461 1193 570 1224 rum
595 1184 681 1223 aut
705 1177 1060 1225 sententiarum
1097 1175 1484 1239 complectatur:
1521 1192 1683 1240 neque
1707 1193 1787 1225 ve-

462 1271 516 1301 ro
540 1261 642 1302 tam
665 1253 848 1310 hebeti,
887 1261 945 1302 ut
980 1253 1102 1300 nihil
1131 1254 1224 1302 hac
1248 1254 1607 1303 consuetudine
1632 1263 1683 1303 et
1706 1271 1789 1303 ex-

463 1332 753 1381 ercitatione
789 1331 1064 1395 adjuvetur.
1133 1332 1277 1379 Vidit
1304 1332 1435 1379 enim
1458 1332 1554 1383 hoc
1577 1332 1790 1396 pruden-

461 1419 539 1458 ter
575 1411 677 1457 sive
716 1409 1009 1468 Simonides,
1048 1409 1148 1457 sive
1187 1408 1308 1459 alius
1344 1409 1452 1472 quis
1486 1408 1694 1469 invenit,
1732 1426 1790 1458 ea

462 1487 676 1535 maxime
723 1488 896 1535 animis
943 1487 1108 1551 effingi
1154 1487 1349 1545 nostris,
1391 1504 1517 1551 quae
1556 1495 1720 1536 essent
1762 1504 1792 1535 a

462 1582 607 1614 sensu
631 1565 811 1613 tradita
834 1573 981 1629 atque
1005 1565 1268 1628 impressa:
1306 1565 1598 1613 acerrimum
1623 1575 1787 1615 autem

463 1662 525 1693 ex
572 1644 797 1692 omnibus
843 1643 1019 1690 nostris
1066 1644 1286 1691 sensibus
1326 1659 1432 1691 esse
1479 1660 1674 1692 sensum
1721 1645 1790 1692 vi-

462 1722 643 1771 dendi:
682 1739 830 1787 quare
867 1721 1098 1771 facillime
1139 1723 1302 1770 animo
1341 1722 1499 1770 teneri
1532 1738 1676 1787 posse
1712 1740 1788 1782 ea,

463 1819 589 1866 quae
612 1802 985 1866 perciperentur
1019 1800 1229 1858 auribus,
1273 1808 1358 1849 aut
1393 1801 1715 1865 cogitatione,
1749 1803 1784 1850 si

468 1871 616 1929 etiam
656 1880 910 1928 oculorum
950 1879 1377 1928 commendatione
1419 1879 1591 1927 animis
1632 1880 1791 1930 trade-

463 1966 671 2018 rentur3
710 1966 767 2006 ut
807 1975 881 2006 res
925 1974 1113 2016 caecas,
1149 1964 1201 2006 et
1235 1950 1294 2005 ab
1320 1957 1583 2022 adspectus
1599 1957 1791 2021 judicio

463 2046 695 2096 remotaS,
722 2036 1046 2085 conformatio
1071 2036 1326 2100 quaedam,
1365 2044 1416 2084 et
1449 2036 1627 2100 imago,
1667 2045 1719 2085 et
1740 2037 1791 2084 fi-

463 2133 587 2179 gura
610 2117 678 2165 ita
702 2123 909 2172 notaret,
937 2123 993 2163 ut
1011 2133 1069 2164 ea
1087 2132 1212 2184 quae
1237 2115 1503 2183 cogitando
1528 2115 1791 2180 complecti

324 2206 433 2245 :3580
465 2212 567 2244 non
588 2212 858 2259 possemus,
892 2194 1133 2242 intuendo
1158 2195 1294 2258 quasi
1328 2202 1625 2244 teneremus.
1697 2195 1790 2242 His

468 2282 634 2321 autem
675 2272 842 2320 formis
884 2280 1030 2335 atque
1073 2273 1375 2336 corporibus,
1411 2273 1537 2320 sicut
1567 2273 1791 2320 omnibus

471 2369 595 2416 quae
621 2352 709 2398 sub
736 2351 1025 2414 adspectum
1048 2351 1271 2408 veniunt,
1297 2351 1588 2398 admonetur
1611 2366 1792 2397 memoe

469 2430 543 2476 ria
580 2436 746 2477 nostra
783 2437 929 2491 atque
955 2428 1231 2476 excitatur:
1271 2429 1358 2476 sed
1386 2428 1505 2476 locis
1529 2444 1650 2492 opus
1686 2436 1788 2475 est:

469 2508 653 2557 etenim
695 2524 872 2572 corpus
912 2506 1120 2570 intelligi
1166 2507 1269 2554 sine
1315 2506 1426 2554 loco
1472 2521 1570 2553 non
1612 2513 1790 2570 potest.

475 2588 641 2643 Quare
666 2602 729 2633 ne
754 2586 803 2632 in
836 2603 888 2633 re
913 2593 1030 2632 nota
1054 2592 1105 2632 et
1126 2585 1414 2649 pervulgata
1438 2584 1621 2632 multus
1650 2593 1701 2632 et
1723 2585 1793 2631 in-

473 2665 631 2713 solens
657 2665 766 2723 sim,
790 2664 910 2711 locis
935 2671 1009 2711 est
1031 2663 1272 2711 utendum
1297 2663 1477 2719 multis,
1509 2663 1793 2721 illustribus,

475 2743 750 2807 explicatis,
768 2742 972 2790 modicis
990 2741 1285 2790 intervallis:
1312 2742 1604 2806 imaginibus
1628 2749 1794 2789 autem

477 2821 754 2882 agentibus,
793 2821 1003 2880 acribus,
1049 2820 1311 2884 insignitis,
1352 2836 1477 2884 quae
1518 2834 1793 2876 occurrere,

478 2898 798 2962 {clerumque
827 2907 1087 2964 percutere
1118 2899 1333 2951 animum
1360 2898 1562 2964 possint.
1633 2896 1794 2953 Quam
