2071 3508
421 408 499 445 116
895 403 971 441 DE
1002 398 1270 440 ORATORE

423 530 542 564 nera
567 528 821 562 causarum
843 532 856 572 3
897 519 1089 559 caetera
1112 505 1488 557 innumerabilia
1511 505 1749 554 exercita-

423 593 566 651 tioni,
603 599 654 640 et
689 589 993 640 similitudini
1029 587 1282 651 reliquisti.
1354 585 1452 634 Sed
1473 585 1661 643 videto,
1685 600 1752 631 ne

425 672 478 720 in
518 671 622 719 istis
658 670 849 717 duobus
884 667 1147 732 generibus
1178 665 1335 730 hydra
1358 664 1449 714 tibi
1473 664 1553 723 sit,
1578 671 1628 711 et
1650 661 1752 728 pel·-

424 748 482 798 lis
504 770 516 809 3
558 747 803 796 Hercules
822 754 1006 804 autem,
1033 753 1083 793 et
1107 744 1200 792 alia
1223 760 1372 808 opera
1395 742 1596 806 majora,
1613 758 1677 789 ne
1702 741 1754 787 in

427 828 520 877 illis
577 828 741 886 rebus,
799 843 916 890 quas
972 822 1341 889 praete1·mittiS‚
1397 820 1752 883 relinquantur.

430 907 547 955 Non
573 906 704 954 enim
728 905 847 952 mihi
872 905 1031 951 minus
1067 901 1227 966 operis
1250 900 1447 948 Videtur
1478 899 1540 947 de
1564 898 1758 946 univer-

432 985 500 1032 sis
518 984 780 1048 generibus
804 999 984 1041 rerum,
1005 997 1149 1045 quam
1175 979 1237 1027 de
1253 977 1557 1043 singulorum
1583 976 1760 1033 causiS‚

435 1080 492 1111 ac
516 1061 673 1110 multo
706 1061 854 1108 etiam
893 1059 1048 1123 majus
1072 1059 1135 1106 de
1159 1066 1336 1105 natura
1360 1056 1585 1115 deorum,
1616 1070 1763 1119 quam

326 1148 404 1192 72.
438 1141 500 1189 de
523 1140 778 1188 hominum
801 1139 987 1196 litibus,
1013 1138 1194 1185 dicere.
1254 1137 1370 1184 Non
1395 1144 1469 1184 est
1491 1135 1579 1194 ita,
1603 1132 1764 1197 inquit

439 1218 711 1266 Antonius:
740 1217 901 1264 dicam
918 1217 1049 1264 enim
1068 1216 1176 1274 tibi,
1197 1215 1388 1271 Catule,
1408 1230 1509 1262 non
1527 1221 1629 1261 tam
1649 1212 1766 1260 doc-

439 1304 537 1356 tus,
553 1312 699 1360 quam
714 1294 791 1360 (id
803 1294 937 1359 quod
953 1302 1026 1342 est
1041 1293 1220 1357 majus)
1238 1301 1485 1356 expertus.
1528 1290 1768 1340 Omnium

441 1383 746 1424 caeterarum
786 1390 949 1421 rerum
985 1372 1158 1431 oratio,
1193 1371 1313 1419 mihi
1338 1371 1501 1427 crede,
1526 1370 1672 1417 ludus
1698 1377 1773 1417 est

441 1452 631 1501 homini
668 1468 769 1499 non
808 1451 995 1509 hebeti,
1031 1466 1192 1513 neque
1227 1450 1573 1508 inexercitato,
1608 1465 1772 1513 neque

446 1530 784 1581 communium
819 1529 1071 1576 literarum
1108 1535 1158 1576 et
1191 1527 1429 1592 politioris
1453 1527 1773 1576 humanitatis

446 1609 671 1674 experti:
709 1609 761 1655 in
800 1623 1055 1656 causarum
1097 1607 1497 1655 contentionibus
1538 1622 1773 1670 magnum

448 1696 522 1736 est
546 1686 795 1751 quoddam
820 1703 960 1750 opus,
979 1693 1126 1749 atque
1150 1685 1285 1733 haud
1309 1686 1458 1733 sciam
1491 1701 1553 1733 an
1589 1686 1651 1734 de
1688 1685 1775 1733 hu-

447 1767 603 1815 manis
628 1767 857 1831 operibus
891 1765 1039 1829 longe
1075 1765 1378 1824 maximum3
1416 1764 1468 1811 in
1504 1764 1680 1829 quibus
1704 1764 1777 1813 vis

449 1845 653 1894 oratoris
677 1843 966 1908 plerumque
986 1844 1046 1891 ab
1072 1843 1309 1907 imperitis
1335 1843 1474 1891 exitu
1499 1851 1549 1891 et
1571 1843 1779 1893 victoria

442 1923 711 1988 judicatur.
782 1923 882 1971 Ubi
918 1922 1056 1970 adest
1093 1930 1307 1970 armatus
1343 1922 1666 1982 adversarius,
1696 1924 1780 1987 qui

452 2003 515 2050 sit
550 2010 600 2050 et
633 2001 903 2059 feriendus,
939 2009 990 2048 et
1029 1999 1374 2065 repellendus3
1421 2001 1506 2048 ubi
1542 2017 1686 2066 saepe
1721 2002 1780 2062 is,

455 2081 539 2145 qui
597 2081 666 2129 rei
719 2080 945 2128 dominus
998 2079 1194 2127 futurus
1249 2087 1338 2135 est,
1395 2078 1582 2127 alienus
1633 2087 1782 2145 atque

456 2159 627 2217 iratus,
667 2166 753 2206 aut
790 2159 937 2206 etiam
972 2158 1158 2205 amicus
1198 2158 1492 2217 adversario,
1536 2167 1588 2208 et
1625 2159 1785 2208 inimi-

461 2254 547 2285 cus
581 2237 672 2284 tibi
708 2244 812 2295 est;
852 2252 965 2284 cum
1001 2243 1086 2283 aut
1117 2236 1371 2284 docendus
1400 2237 1439 2284 is
1464 2246 1558 2296 est,
1593 2247 1680 2287 aut
1703 2239 1787 2288 de-

462 2315 736 2373 docendus,
792 2322 878 2362 aut
927 2314 1284 2379 reprimendus,
1344 2324 1428 2363 aut
1484 2317 1785 2377 incitanduS‚

463 2401 550 2440 aut
590 2393 724 2440 omni
764 2392 951 2440 ratione
976 2392 1040 2440 ad
1074 2400 1287 2457 tempus,
1329 2394 1392 2441 ad
1428 2411 1642 2455 causam,
1683 2413 1788 2446 ora-

465 2471 601 2519 tione
637 2471 1000 2530 moderandus3
1039 2471 1089 2517 in
1132 2488 1228 2535 quo
1261 2488 1405 2536 saepe
1442 2474 1789 2526 benevolentia

468 2550 531 2598 ad
566 2549 752 2608 odium,
788 2549 955 2597 odium
984 2558 1150 2598 autem
1187 2550 1250 2597 ad
1276 2550 1672 2601 benevolentiam
1708 2554 1791 2604 de-

471 2627 755 2676 ducendum
791 2635 898 2687 est;
943 2628 1027 2691 qui
1050 2636 1285 2692 tanquam
1317 2629 1679 2681 machinatione
1709 2632 1793 2681 ali-

473 2722 586 2768 qua,
622 2704 729 2754 tum
766 2706 830 2753 ad
864 2707 1189 2764 severitatem,
1215 2715 1321 2755 tum
1357 2709 1420 2756 ad
1458 2710 1790 2761 remissionem

475 2783 638 2839 animi,
671 2791 777 2831 tum
818 2784 882 2832 ad
917 2785 1179 2842 tristitiam,
1216 2793 1323 2833 tum
1359 2787 1421 2834 ad
1454 2787 1690 2837 laetitiam
1719 2800 1795 2840 est-

477 2863 910 2926 contorquendus:
964 2864 1183 2912 omnium
1237 2865 1589 2916 sententiarum
1638 2870 1797 2933 gravi-
