2071 3508
287 1129 398 1169 301.

302 1923 412 1964 302.

315 2700 351 2718 ,-

315 2792 340 2830 3

415 388 492 425 198
893 385 970 423 DE
1001 384 1272 424 ORATORE

419 509 535 543 cum
571 492 771 559 quidem
814 493 860 541 ei
899 493 1051 543 fuerit
1074 493 1338 558 optabilius
1365 491 1586 540 oblivisci
1609 507 1752 557 posse

418 573 598 639 potius,
637 573 772 637 quod
805 573 1086 622 meminisse
1123 573 1292 630 nollet,
1331 589 1478 638 quam
1515 571 1649 636 quod
1683 588 1754 619 se-

421 640 521 701 mel
566 652 802 710 audisset,
843 651 1128 710 vidissetve,
1163 651 1461 700 meminisse.
1534 650 1633 698 Sed
1671 666 1757 698 ne-

423 748 519 796 que
553 740 755 797 propter
796 731 907 790 hoc
929 729 1278 778 Themistoclis
1313 746 1622 794 responsum,
1658 746 1758 777 me-

423 811 607 859 moriae
644 802 784 858 nobis
825 825 975 872 opera
1014 808 1177 856 danda
1211 824 1312 855 non
1344 816 1452 867 est3
1491 824 1654 872 neque
1677 807 1762 857 illa

425 906 538 938 mea
562 889 726 937 cautio
753 895 803 935 et
825 887 1063 935 timiditas
1100 887 1153 933 in
1191 886 1370 946 causis,
1398 894 1601 951 propter
1622 903 1763 951 prae-

428 976 648 1026 stantem⁴⁴
664 966 980 1031 prudentiam
1007 965 1185 1022 Crassi,
1207 965 1509 1029 negligenda
1534 972 1624 1013 est.
1694 964 1766 1013 U-

428 1054 603 1111 terque
646 1045 778 1093 enim
815 1044 1021 1092 istorum
1061 1061 1162 1092 non
1198 1044 1319 1093 mihi
1343 1043 1510 1092 attulit
1533 1043 1762 1107 aliquam,

432 1126 519 1174 sed
560 1142 696 1174 suam
736 1125 1031 1189 significavit
1055 1124 1361 1174 facultatem.
1432 1124 1635 1172 Etenim
1657 1141 1767 1189 per-

431 1205 587 1254 multa
611 1213 727 1253 sunt
757 1207 809 1252 in
835 1206 993 1253 causis
1018 1205 1068 1252 in
1095 1205 1228 1252 omni
1252 1212 1393 1269 parte
1417 1204 1651 1252 orationis
1676 1203 1768 1251 cir-

433 1286 819 1355 cumspicienda,
864 1303 926 1333 ne
963 1285 1083 1349 quid
1112 1285 1349 1343 offendas,
1386 1301 1449 1332 ne
1475 1301 1573 1347 quo
1596 1284 1768 1332 irruas.

434 1367 590 1431 Saepe
615 1366 788 1430 aliquis
811 1366 951 1414 testis
970 1372 1056 1413 aut
1070 1381 1171 1412 non
1194 1364 1363 1421 laedit,
1385 1371 1471 1411 aut
1493 1363 1655 1410 minus
1672 1362 1770 1410 lae-

434 1445 526 1503 dit,
550 1445 643 1492 nisi
666 1444 935 1492 lacessatur
957 1462 968 1491 :
1009 1452 1116 1491 orat
1140 1460 1252 1492 reus
1274 1463 1288 1503 ;
1316 1450 1498 1507 urgent
1522 1441 1770 1502 advocati,

435 1531 493 1571 ut
516 1523 824 1582 invehamur,
843 1530 900 1571 ut
916 1522 1288 1582 maledicamus,
1311 1522 1525 1586 denique
1543 1529 1601 1569 ut
1623 1521 1772 1570 inter-

436 1619 689 1666 rogemus:
717 1618 818 1650 non
833 1618 1049 1659 moveor,
1071 1618 1171 1650 non
1191 1603 1500 1666 obtempero,
1519 1617 1621 1648 non
1639 1600 1775 1648 satis-

440 1678 589 1739 facio,
608 1697 769 1744 neque
788 1688 956 1740 tamen
974 1680 1125 1728 ullam
1158 1696 1389 1744 assequor
1419 1679 1617 1727 laudem
1640 1697 1652 1726 ε
1690 1678 1777 1726 110-

442 1759 598 1806 mines
624 1759 754 1806 enim
774 1759 990 1823 imperiti
1013 1758 1205 1807 facilius
1239 1758 1374 1823 quod
1409 1758 1557 1806 stulte
1594 1758 1777 1806 dixeris

442 1837 824 1901 reprehendere,
850 1855 995 1901 quam
1016 1836 1149 1902 quod
1169 1835 1416 1901 sapienter
1440 1837 1653 1885 tacueris
1677 1836 1778 1885 lau-

446 1916 579 1974 dare,
595 1923 816 1980 possunt.
858 1916 958 1964 Hic
980 1925 1217 1980 quantum
1237 1916 1293 1964 fit
1316 1916 1450 1974 mali,
1470 1916 1508 1963 si
1528 1917 1722 1972 iratum,
1741 1917 1781 1964 si

443 2011 545 2042 non
570 1994 794 2053 stultum,
818 1995 869 2056 ¹si
908 2011 1006 2043 non
1042 1994 1202 2043 levem
1227 2002 1405 2043 testem
1430 1994 1662 2043 laeseris?
1698 1996 1781 2043 ha-

445 2075 532 2121 bet.
557 2073 688 2121 enim
714 2080 765 2121 et
787 2073 1095 2128 voluntatem
1120 2074 1335 2122 nocendi
1358 2074 1409 2120 in
1434 2073 1703 2130 iracundia,
1731 2081 1783 2122 et

445 2153 547 2201 vim
571 2152 622 2197 in
648 2151 868 2216 ingenio,
908 2159 958 2199 et
994 2152 1188 2216 pondus
1226 2153 1277 2200 in
1315 2153 1447 2201 vita:
1485 2169 1598 2210 nec,
1624 2151 1663 2199 si
1686 2151 1783 2200 hoc

450 2230 652 2299 Crassus
678 2247 778 2278 non
805 2231 1088 2289 committit,
1113 2232 1227 2279 ideo
1252 2248 1351 2279 non
1377 2231 1539 2289 multi,
1564 2239 1615 2279 et
1639 2247 1786 2295 saepe

451 2308 806 2355 committunt:
858 2325 958 2371 quo
1000 2309 1203 2372 quidem
1241 2309 1362 2355 mihi
1395 2309 1559 2374 *videri
1597 2309 1789 2372 turpius

451 2384 574 2431 nihil
600 2384 738 2442 solet,
784 2403 931 2449 quam
974 2404 1090 2435 cum
1129 2404 1191 2434 ex
1216 2387 1420 2436 oratoris
1445 2386 1580 2434 dicto
1605 2386 1788 2449 aliquo,

455 2471 541 2511 aut
580 2479 834 2527 responso,
877 2473 961 2513 aut
998 2473 1196 2530 rogatu,
1237 2483 1396 2514 sermo
1434 2464 1515 2513 ille
1553 2464 1791 2529 sequitur,

456 2540 663 2590 Occidit
704 2543 787 2591 ille
826 2544 1264 2593 adversariumne?
1300 2545 1452 2611 immo
1475 2560 1611 2602 vero,
1635 2543 1792 2601 aiunt,

454 2637 524 2679 se,
561 2629 612 2669 et
637 2638 750 2669 eum
776 2640 923 2687 quem
949 2622 1189 2672 defendit.

524 2700 639 2748 Hoc
668 2701 869 2750 Crassus
895 2719 994 2750 non
1021 2712 1164 2767 putat
1205 2703 1298 2751 nisi
1330 2701 1535 2768 perfidia
1565 2698 1792 2749 accidere

345 2791 426 2830 03.
460 2794 636 2840 posse3
695 2796 789 2844 ego
829 2790 995 2829 autem
1041 2783 1320 2847 saepissime
1360 2781 1506 2829 video
1546 2780 1598 2827 in
1639 2776 1796 2826 causis

461 2854 647 2918 aliquid
697 2859 814 2907 mali
861 2860 1030 2909 facere
1088 2862 1313 2911 homines
1370 2860 1571 2909 minime
1629 2855 1794 2905 malos.
