2071 3508
713 388 1102 429 PARTITIONEs,
1498 397 1577 433 449

236 498 354 547 foris
379 498 443 546 ad
466 515 519 547 se
544 497 725 555 delata,
750 505 918 544 tamen
938 506 1043 546 arte
1062 505 1264 557 tractat,
1291 505 1342 546 et
1360 500 1574 551 maxime

239 577 291 625 in
315 579 539 627 testibus,
601 577 731 624 Nam
753 576 815 623 de
840 584 947 624 toto
971 593 1158 641 genere
1178 578 1400 637 testium,
1425 595 1574 643 quam

236 658 288 706 id
314 658 376 705 sit
399 657 662 712 infirmum,
707 671 853 719 saepe
893 655 1163 704 dicendum
1206 665 1310 705 est:
1350 666 1402 706 et
1432 675 1576 722 argu-

236 744 405 784 menta
427 750 592 782 rerum
618 750 723 782 esse
747 735 977 799 propria3
1018 735 1320 796 testimonia,
1350 736 1578 785 volunta-

236 823 373 864 tum:
413 813 758 878 utendumque
784 822 860 862 est
885 815 1144 880 exemplis,
1169 816 1347 880 quibus
1365 816 1576 866 testibus

235 893 483 943 creditum
508 908 609 940 non
635 892 729 941 sit:
770 900 821 943 et
845 893 907 945 de
934 894 1138 959 singulis
1163 896 1392 956 testibus,
1429 896 1467 945 si
1491 913 1577 945 na-

234 980 346 1022 tura
368 974 503 1033 vani,
540 974 580 1021 si
603 973 752 1032 leves,
793 975 831 1023 si
863 991 977 1023 cum
1004 976 1295 1039 ignominia,
1333 977 1372 1024 si
1397 994 1501 1042 spe,
1535 978 1575 1025 si

234 1061 392 1114 metu,
428 1054 468 1102 si
509 1053 786 1114 iracundia,
823 1055 861 1103 si
903 1055 1242 1104 misericordia
1282 1056 1496 1122 impulsi,
1535 1058 1576 1106 si

234 1134 473 1200 praemio,
510 1135 549 1182 si
585 1135 745 1198 gratia
777 1135 1013 1183 adducti:
1053 1137 1472 1202 comparandique
1499 1154 1577 1186 su-

234 1214 427 1280 periore
466 1231 581 1262 cum
620 1215 918 1263 auctoritate
943 1215 1164 1276 testium,
1202 1217 1381 1281 quibus
1405 1225 1578 1267 tamen

237 1294 483 1343 creditum
525 1311 626 1342 non
669 1295 746 1343 sit.
819 1295 975 1360 Saepe
1018 1296 1167 1343 etiam
1205 1297 1577 1361 quaestionibus
1621 1336 1624 1337 γ

235 1374 564 1423 resistendum
587 1383 679 1434 est,
704 1374 839 1438 quod
863 1384 914 1422 et
940 1375 1161 1423 dolorem
1180 1375 1434 1441 fugientes
1453 1378 1577 1426 mul-

236 1454 276 1502 ti
300 1454 352 1502 in
376 1455 637 1503 tormentis
663 1454 889 1502 ementiti
913 1472 1150 1520 persaepe
1180 1464 1314 1515 sunt,
1351 1457 1576 1523 morique

236 1534 519 1583 maluerunt
553 1533 732 1582 falsum
766 1533 992 1593 fatendo,
1029 1552 1176 1599 quam
1206 1534 1467 1585 infitiando
1493 1537 1579 1586 do-

236 1614 354 1663 lere.
429 1613 584 1661 Multi
609 1614 759 1662 etiam
785 1630 922 1662 suam
947 1615 1101 1662 vitam
1131 1614 1483 1679 neglexerunt,
1521 1626 1580 1667 ut

238 1709 340 1753 eos,
383 1691 467 1757 qui
491 1692 567 1740 his
593 1692 824 1752 cariores,
867 1710 1015 1758 quam
1051 1693 1144 1758 ipsi
1181 1694 1272 1742 sibi
1305 1704 1489 1757 essent,
1524 1697 1580 1745 li-

235 1774 482 1822 berarent.
555 1771 660 1820 Alii
685 1780 853 1822 autem
890 1781 976 1822 aut
1010 1781 1188 1822 natura
1214 1777 1451 1840 corporis,
1493 1786 1582 1827 aut

238 1852 602 1902 consuetudine
646 1852 868 1912 dolendi,
905 1861 992 1901 aut
1029 1861 1168 1902 metu
1209 1855 1456 1919 supplicii,
1493 1865 1582 1907 aut

236 1932 424 1988 mortis,
461 1932 562 1979 vim
587 1939 951 1980 tormentorum
986 1932 1315 1997 pertulerunt.
1390 1935 1495 1984 Alii
1530 1954 1580 1987 e-

239 2011 437 2060 mentiti
462 2019 578 2059 sunt
603 2012 654 2059 in
680 2028 778 2068 eos,
819 2028 941 2076 quos
967 2012 1191 2061 oderant.
1257 2013 1429 2079 Atque
1455 2016 1580 2068 haec

238 2091 480 2157 exemplis
515 2091 757 2139 firmanda
783 2100 913 2139 sunt.
986 2092 1167 2157 Neque
1194 2101 1268 2142 est
1292 2095 1579 2158 obscurum,

239 2170 359 2236 quin
400 2170 660 2236 (quoniam
698 2170 750 2217 in
791 2179 1000 2236 utraque
1024 2181 1165 2236 parte
1192 2181 1308 2222 sunt
1333 2175 1579 2241 exempla,

238 2259 290 2300 et
314 2250 435 2299 item
460 2250 524 2301 ad
549 2249 889 2314 conjecturam
912 2250 1195 2302 faciendam
1225 2252 1349 2314 loci)
1385 2254 1438 2301 in
1464 2272 1580 2304 con-

238 2330 399 2379 trariis
424 2330 672 2383 contraria
696 2330 795 2378 sint
819 2331 1076 2379 sumenda.
1132 2331 1304 2396 Atque
1332 2334 1483 2382 etiam
1507 2335 1581 2383 in»-

239 2408 394 2462 currit
418 2407 514 2457 alia
538 2407 781 2472 quaedam
814 2408 866 2456 in
906 2410 1117 2458 testibus
1160 2418 1211 2458 et
1246 2410 1298 2458 in
1335 2406 1580 2477 quaestio-

239 2487 385 2535 nibus
415 2486 555 2534 ratio.
628 2485 785 2550 Saepe
823 2487 957 2536 enim
997 2504 1072 2547 ea,
1109 2505 1236 2552 quae
1275 2490 1411 2539 dicta
1447 2501 1580 2554 sunt,

239 2566 280 2614 si
305 2572 392 2614 aut
415 2565 666 2629 ambigue,
703 2573 790 2620 aut
813 2565 1174 2627 inconstanter,
1205 2576 1291 2616 aut
1315 2569 1580 2620 incredibi-

239 2645 354 2697 liter
379 2644 515 2693 dicta
544 2652 678 2703 sunt,
715 2653 801 2692 aut
837 2645 988 2693 etiam
1031 2646 1173 2695 aliter
1208 2649 1269 2696 ab
1305 2648 1402 2698 alio
1427 2649 1580 2711 dicta,

241 2724 487 2774 subtiliter
510 2723 959 2789 reprehenduntur.

307 2804 504 2853 FILIUS.
537 2803 777 2854 Extrema
791 2804 882 2853 tibi
896 2821 1008 2870 pars
1022 2814 1176 2856 restat
1190 2808 1580 2876 orationis‚quae
1619 2803 1722 2865 15.

242 2883 403 2951 posita
419 2884 472 2933 in
489 2883 769 2951 perorando
788 2892 881 2946 est,
897 2884 961 2935 de
980 2902 1077 2952 qua
1092 2903 1208 2936 sane
1224 2887 1374 2939 velim
1392 2890 1580 2941 audire.

1175 2985 1203 3017 F
1226 2966 1257 3016 f
