2071 3508
748 372 1136 414 PARTITIONES.
1520 376 1599 416 437

261 492 520 535 accusator
542 499 706 535 rerum
731 483 958 532 ordinem
981 481 1313 546 prosequitur,
1334 488 1384 529 et
1408 482 1602 547 singula

262 572 574 629 argumenta,
599 562 737 627 quasi
760 561 902 608 hasta
925 561 977 607 in
993 576 1144 614 manu
1169 559 1431 619 col-locata,
1456 562 1603 611 vehe-

261 651 456 692 menter
498 640 751 708 proponit,
802 639 1061 688 concludit
1096 639 1295 699 acriter,
1344 639 1605 690 confirmat

257 721 457 780 tabulis,
495 720 727 779 decretis,
775 719 1089 780 testimoniis,
1123 719 1512 784 ‚accuratiusque
1551 720 1604 768 in

262 798 467 864 singulis
502 805 871 848 commoratur:
909 798 1335 864 perorationisque
1369 815 1607 865 praecep-

259 877 341 937 tis,
379 895 505 943 quae
529 878 594 927 ad
616 878 898 927 incitandos
935 877 1124 926 animos
1158 877 1346 938 valent,
1383 885 1435 926 et
1457 877 1510 926 in
1533 895 1609 928 re-

260 955 396 1022 liqua
441 958 665 1007 oratione
711 956 968 1022 paululum
1016 957 1300 1022 digrediens
1349 957 1412 1005 de
1461 974 1610 1007 cursu

265 1036 484 1098 dicendi,
525 1038 698 1095 utitur,
744 1045 795 1086 et
831 1037 1177 1086 vehementius
1218 1037 1270 1085 in
1310 1038 1607 1102 perorando.

265 1116 356 1166 Est
380 1118 512 1165 enim
530 1118 859 1183 propositum,
878 1125 937 1166 ut
959 1117 1141 1165 iratum
1167 1116 1348 1166 efficiat
1362 1117 1607 1182 judicem.

333 1197 528 1247 FILIUS.
585 1198 724 1256 Quid
747 1197 1035 1247 faciendum
1061 1205 1136 1246 est
1161 1205 1334 1246 contra
1357 1198 1478 1246 reo?
1515 1198 1610 1253 ,PA-
1643 1192 1702 1250 5.

268 1295 381 1326 TER.
421 1277 607 1327 Omnia
630 1278 780 1344 longe
800 1295 958 1327 secus.
1015 1277 1267 1327 Sumenda
1284 1277 1530 1343 principia
1547 1279 1612 1328 ad

267 1358 668 1407 benevolentiam
707 1358 1087 1408 conciliandam.
1167 1357 1491 1406 Narrationes
1527 1367 1614 1408 aut

269 1438 623 1503 amputandae,
645 1456 770 1504 quae
795 1438 1002 1486 laedunt
1023 1455 1035 1485 :
1064 1445 1150 1485 aut
1173 1437 1549 1502 relinquendae,
1575 1439 1614 1486 si

263 1523 405 1570 totae
453 1525 569 1566 sunt
615 1518 870 1566 molestae.
976 1517 1313 1565 Firmamenta
1360 1517 1424 1564 ad
1464 1516 1616 1566 fidem

263 1597 446 1661 posita,
472 1605 559 1645 aut
581 1615 670 1662 per
694 1615 745 1646 se
771 1596 1026 1656 diluenda,
1064 1603 1149 1644 aut
1174 1595 1505 1656 obscuranda,
1531 1606 1619 1646 aut

270 1677 657 1741 digressionibus
695 1677 968 1727 obruenda.
1064 1677 1410 1726 Perorationes
1448 1683 1617 1725 autem

268 1756 333 1804 ad
374 1757 763 1806 misericordiam
800 1757 1151 1806 conferendae.
1246 1757 1440 1806 FILIUS.
1485 1757 1622 1805 Sem-

271 1853 425 1902 perne
450 1837 603 1902 igitur
628 1838 855 1886 ordinem
882 1837 1346 1901 collocandi,quem
1372 1836 1621 1896 volumus,

272 1923 444 1965 tenere
482 1916 776 1981 possumus?
862 1916 1052 1964 PATER.
1113 1916 1231 1964 Non
1268 1933 1400 1965 sane.
1488 1917 1623 1965 Nam

272 1994 558 2042 auditorum
616 2010 759 2042 aures
801 1994 1124 2043 moderantur
1165 1995 1347 2043 oratori
1385 1995 1622 2060 prudenti

275 2080 327 2122 et
365 2073 608 2138 provid03
668 2080 724 2123 ,et
759 2073 893 2138 quod
934 2080 1194 2138 respuunt,
1252 2074 1622 2122 immutandum

273 2160 365 2201 est.
437 2152 631 2200 FILIUS.
682 2152 893 2216 Expone
919 2151 1175 2217 deincePS,
1195 2168 1321 2217 quae
1341 2152 1493 2216 ipsius
1519 2169 1623 2201 ora-

277 2231 425 2280 tionis
479 2232 845 2296 verborumque
897 2237 1165 2295 praecepta
1214 2231 1327 2282 sint.
1428 2231 1621 2282 PATER.

278 2311 450 2365 Unum
474 2310 627 2375 igitur
650 2327 810 2376 genus
836 2318 911 2359 est
943 2309 1210 2374 eloquendi
1236 2327 1323 2358 sua
1348 2319 1524 2376 sponte
1548 2312 1626 2361 fu-

278 2407 421 2443 sum:
460 2389 671 2438 alterum
695 2407 913 2449 versum,
949 2397 1099 2454 atque
1124 2397 1388 2438 mutatum.
1462 2390 1628 2440 Prima

277 2470 351 2523 vis
393 2477 469 2518 est
504 2470 557 2517 in
599 2470 903 2536 simplicibus
926 2470 1122 2519 verbis:
1160 2469 1212 2516 in
1249 2469 1530 2534 conjunctis
1555 2488 1627 2520 Se-

282 2549 462 2599 cunda.
535 2549 789 2615 Simplicia
823 2549 1125 2598 invenienda
1161 2556 1309 2597 sunt:
1355 2549 1627 2615 conjuncta

282 2628 576 2678 collocanda
599 2637 731 2678 sunt.
804 2629 871 2677 Et
905 2629 1147 2694 simplicia
1165 2630 1316 2677 verba
1338 2630 1519 2694 partim
1543 2648 1628 2680 na-

283 2710 386 2758 tiva
405 2716 538 2768 sunt,
562 2709 741 2774 partim
768 2716 978 2774 reperta.
1028 2708 1212 2756 Nativa
1231 2725 1307 2768 ea,
1333 2726 1460 2774 quae
1479 2711 1629 2776 signi-

284 2788 432 2838 ficata
472 2796 588 2837 sunt
629 2805 806 2837 sensu:
856 2795 1067 2854 reperta,
1112 2804 1239 2853 quae
1282 2805 1345 2838 ex
1385 2789 1461 2841 his
1496 2790 1631 2842 facta

3 2886 21 2943 z'
285 2876 420 2930 Sunt,
456 2876 508 2920 et
531 2876 713 2920 novata
748 2875 835 2919 aut
858 2867 1200 2929 similitudine,
1224 2877 1312 2923 aut
1334 2870 1627 2933 imitatione,

6 2959 21 3004 ἶε
1144 2965 1176 2998 Ε
1201 2965 1229 2998 θ
1266 2957 1295 2998 3
