2071 3508
307 958 419 998 250.

306 1742 417 1783 251.

306 2268 412 2332 62.

451 445 528 481 180
932 444 1008 483 DE
1037 442 1305 483 ORATORE

447 551 544 600 hoc
568 551 830 599 ridiculum
856 560 930 600 est
951 571 962 599 z
1002 561 1052 601 et
1086 561 1349 616 utrumque
1375 567 1438 600 ex
1461 567 1538 610 eo,
1563 539 1698 615 quod
1717 549 1769 598 in

444 629 810 678 claudicatione
851 631 1173 679 animadverti
1209 631 1390 695 potui-t,
1433 638 1505 678 est
1546 630 1768 678 ductum.

451 708 588 763 Quid
611 709 706 756 hoc
739 709 929 757 Naevio
964 710 1220 774 ignavius?
1257 726 1423 757 severe
1459 709 1651 773 Scipio:
1698 707 1772 754 At

449 789 501 835 in
538 788 664 835 male
704 787 938 847 olentem,
980 788 1142 835 Video
1178 804 1256 834 me
1282 804 1309 834 a
1331 795 1382 834 te
1408 785 1771 843 circumveniri,

451 867 749 916 subridicule
776 866 1028 930 Philippus
1049 885 1061 913 z
1102 866 1173 913 At
1188 874 1451 929 utrumque
1475 882 1631 928 genus
1657 881 1771 912 con-

451 947 579 994 tinet
602 946 736 993 verbi
767 945 829 995 ad
853 945 1043 992 literam
1069 945 1313 992 immutati
1339 943 1622 991 similitudo.
1692 943 1771 989 Ex

451 1024 683 1088 ambiguo
727 1023 860 1070 dicta
900 1023 979 1071 vel
1015 1023 1321 1086 argutissima
1360 1030 1628 1086 putantur3
1683 1020 1772 1068 sed

449 1120 550 1151 non
575 1119 765 1166 semper
788 1102 839 1148 in
856 1100 992 1165 joco,
1012 1119 1154 1165 saepe
1171 1102 1317 1149 etiam
1342 1102 1393 1149 in
1408 1101 1649 1165 gravitate
1666 1115 1772 1147 ver-

450 1189 633 1229 santur.
706 1179 945 1228 Africano
986 1180 1054 1227 illi
1095 1179 1283 1243 majori,
1326 1196 1556 1228 coronam
1595 1178 1686 1227 sibi
1719 1178 1772 1224 in

449 1259 676 1307 convivio
700 1259 763 1306 ad
789 1266 937 1322 caput
966 1259 1377 1314 accommodanti,
1419 1274 1531 1305 cum
1573 1273 1631 1304 ea
1672 1271 1771 1303 sae·

445 1338 556 1402 pius
580 1343 906 1400 rumperetur,
934 1336 986 1382 P.
1008 1335 1229 1382 Licinius
1250 1336 1428 1394 Varus,
1452 1334 1570 1383 Noli
1589 1333 1771 1392 mirari,

446 1416 626 1480 inquit,
667 1415 707 1462 si
746 1431 845 1462 non
882 1415 1145 1462 convenit:
1186 1423 1336 1478 caput
1371 1414 1502 1462 enim
1537 1428 1772 1477 magnum

449 1502 552 1542 est:
590 1492 854 1550 laudabile,
887 1500 936 1540 et
960 1492 1236 1540 honestum.
1308 1491 1381 1540 At
1406 1510 1467 1540 ex
1492 1492 1666 1540 eodem
1689 1508 1773 1556 ge-

447 1588 566 1620 nere
600 1580 708 1619 est:
747 1570 926 1619 Calvus
964 1571 1078 1618 satis
1120 1579 1211 1628 est,
1253 1571 1385 1635 quod
1426 1571 1547 1618 dicit
1582 1586 1771 1635 parum.

449 1653 529 1700 Ne
554 1651 742 1699 multa:
781 1650 970 1698 nullum
1005 1667 1161 1714 genus
1204 1658 1278 1698 est
1306 1650 1428 1714 joci,
1465 1666 1561 1713 quo
1586 1665 1684 1696 non
1709 1664 1771 1696 ex

450 1731 627 1780 eodem
651 1746 818 1777 severa
855 1737 906 1777 et
939 1730 1107 1793 gravia
1141 1736 1409 1776 sumantur.
1482 1727 1651 1791 Atque
1675 1727 1771 1775 hoc.

450 1809 599 1858 etiam
641 1807 1150 1865 animadvertendum,
1186 1807 1302 1854 Non
1339 1823 1441 1854 esse
1472 1807 1636 1853 omnia
1659 1806 1773 1853 ridi-

450 1888 579 1946 cula,
603 1887 780 1935 faceta.
851 1887 987 1943 Quid
1018 1887 1148 1934 enim
1185 1894 1349 1950 potest
1384 1903 1487 1933 esse
1522 1893 1624 1933 tam
1659 1884 1773 1932 ridi-

451 1966 634 2024 culum,
664 1981 808 2028 quam
836 1964 1016 2011 Sannio
1036 1972 1109 2011 est
1129 1965 1145 2011 ?
1171 1965 1257 2012 sed
1276 1981 1378 2023 ore,
1396 1964 1555 2023 vultu,
1580 1964 1770 2011 imitan-

449 2045 523 2092 dis
548 2044 781 2102 moribus,
805 2060 946 2101 voce,
973 2043 1184 2107 denique
1209 2044 1313 2107 ipso
1339 2060 1542 2108 corpore
1566 2043 1768 2092 ridetur.

451 2122 639 2170 Salsum
676 2122 810 2169 hunc
850 2139 1047 2186 possum
1090 2122 1274 2180 dicere,
1310 2130 1458 2186 atque
1481 2122 1564 2178 ita,
1591 2139 1691 2170 non
1714 2131 1771 2171 ut

449 2199 689 2263 ejusmodi
727 2208 969 2248 oratorem
1011 2217 1115 2247 esse
1155 2200 1322 2259 velim,
1358 2201 1446 2248 sed
1469 2208 1525 2248 ut
1548 2200 1768 2249 mimum.

451 2277 616 2334 Quare
640 2277 851 2341 primum
875 2294 1032 2340 genus
1057 2278 1166 2333 hoc,
1189 2278 1321 2341 quod
1344 2279 1494 2326 risum
1517 2278 1597 2326 vel
1620 2270 1771 2327 maxi-

449 2371 529 2403 me
554 2363 736 2413 movet,
780 2371 879 2401 non
916 2362 989 2402 est
1024 2362 1281 2413 nostrnm3
1319 2372 1579 2411 morosum,
1607 2373 1770 2420 super-

450 2434 707 2489 stitiosum,
730 2433 1065 2496 suspiciosum,
1103 2432 1389 2496 gloriosum,
1413 2433 1617 2481 stultum
1639 2452 1650 2481 ε
1688 2451 1771 2482 nae

449 2519 588 2559 turae
629 2511 851 2560 ridentur
886 2511 1017 2575 ipsae
1040 2532 1052 2571 3
1092 2528 1210 2575 quas
1232 2528 1463 2575 personas
1488 2512 1673 2576 agitare
1698 2530 1770 2562 so-

407 2628 417 2640 .
450 2590 626 2649 lemus,
662 2606 761 2637 non
804 2590 1059 2638 sustinere.
1134 2589 1361 2638 Alterum
1386 2607 1544 2655 genus
1568 2599 1643 2639 est
1664 2591 1770 2640 imi-

450 2669 637 2717 tatione
680 2668 945 2716 admodum
971 2668 1252 2728 ridiculum,
1288 2670 1373 2718 sed
1397 2669 1536 2718 nobis
1575 2676 1768 2717 tantum

449 2747 568 2795 licet
582 2747 772 2805 furtim,
788 2747 826 2794 si
843 2747 1059 2810 quando,
1076 2755 1125 2796 et
1150 2749 1351 2796 cursim:
1379 2748 1519 2796 aliter
1534 2747 1664 2796 enim
1681 2747 1770 2794 mi-

401 2876 408 2882 ,
450 2824 582 2872 nime
608 2831 682 2871 est
704 2823 902 2873 liberale
923 2841 933 2871 :
973 2823 1217 2884 Tertium,
1234 2825 1328 2872 oris
1353 2825 1655 2889 depravatio,
1668 2841 1769 2873 non

452 2900 603 2964 digna
626 2903 794 2951 nobis:
835 2890 1098 2964 Quartum,
1133 2904 1457 2964 obscaenitaS‚
1491 2919 1590 2952 non
1613 2902 1770 2952 solum
