2071 3508
275 704 384 746 145.

276 2044 384 2086 146.

279 2676 387 2724 147.

411 434 491 476 274
888 431 965 470 DE
995 425 1264 470 ORATORE

411 548 470 591 ut
508 541 612 605 ipse
653 540 867 597 dicebas,
917 539 1144 588 celeriter
1191 541 1468 606 exigueque
1517 540 1744 599 dixisses,

414 620 535 669 duas
569 620 660 668 tibi
694 619 904 683 reliquas
941 617 1167 679 feceras3
1206 619 1621 683 quemadmodum
1645 618 1743 683 pri-

415 716 551 749 mum
576 706 766 758 ornate,
786 697 965 746 deinde
985 698 1133 745 etiam
1158 706 1271 762 apte
1296 698 1588 747 diceremus.
1627 697 1744 753 Quo

416 794 532 827 cum
572 777 818 842 ingressus
857 793 1004 834 esses,
1039 784 1244 839 repente
1279 783 1330 824 te
1366 776 1502 840 quasi
1543 775 1744 840 quidam

416 864 579 905 aestus
603 855 790 920 ingenii
814 854 887 903 tui
910 853 1084 918 procul
1119 870 1147 900 a
1180 861 1311 901 terra
1340 854 1571 918 abripuit,
1595 861 1744 917 atque

415 935 468 983 in
505 935 660 983 altum
697 952 727 982 a
766 940 1039 997 conspectu
1072 948 1201 996 pene
1236 932 1456 979 omnium
1492 931 1746 980 abstraxit.

417 1013 635 1064 Omnem
661 1012 792 1060 enim
830 1028 993 1059 rerum
1030 1010 1285 1058 scientiam
1311 1009 1616 1074 complexus,
1645 1024 1748 1057 non

416 1100 473 1141 tu
498 1090 698 1156 quidem
740 1106 848 1138 eam
889 1089 1030 1137 nobis
1069 1088 1347 1137 tradidisti:
1386 1092 1572 1153 (neque
1614 1087 1748 1136 enim

416 1170 514 1218 fuit
551 1177 654 1218 tam
674 1168 861 1232 exigui
901 1167 1161 1233 temporis)
1208 1167 1296 1216 sed
1335 1167 1468 1232 apud
1503 1167 1593 1215 hos
1628 1164 1750 1230 quid

415 1246 704 1313 profeceris,
744 1247 947 1307 nescio3
987 1263 1066 1295 me
1108 1245 1307 1311 quidem
1342 1247 1394 1293 in
1421 1244 1748 1294 Academiam

415 1334 580 1375 totum
605 1324 916 1390 compulisti:
952 1325 1004 1372 in
1041 1342 1136 1390 qua
1159 1323 1307 1373 velim
1344 1325 1407 1373 sit
1435 1323 1578 1384 illud,
1613 1322 1750 1387 quod

417 1421 565 1469 saepe
604 1404 831 1469 posuisti,
874 1412 932 1453 ut
967 1420 1068 1452 non
1109 1420 1312 1452 necesse
1354 1403 1417 1452 sit
1457 1417 1748 1451 consumere

418 1491 649 1540 aetatem,
689 1490 837 1547 atque
877 1490 934 1530 ut
967 1482 1121 1546 possit
1155 1481 1195 1529 is
1229 1481 1312 1530 illa
1336 1481 1501 1530 omnia
1525 1497 1750 1539 cernere,

418 1562 504 1628 qui
537 1560 884 1609 tantummodo
926 1560 1239 1624 adspexerit:
1279 1560 1366 1608 sed
1408 1560 1557 1608 etiam
1598 1558 1637 1606 si
1675 1565 1751 1606 est

417 1640 671 1704 aliquanto
708 1638 924 1702 spissius,
959 1647 1045 1686 aut
1070 1639 1107 1686 si
1147 1656 1242 1704 ego
1266 1655 1372 1687 sum
1411 1637 1615 1696 tardior,
1637 1651 1749 1701 pro-

414 1719 553 1767 fecto
587 1732 841 1780 nunquam
877 1716 1244 1780 conquiescam,
1297 1732 1460 1780 neque
1508 1713 1748 1780 defatiga-

415 1799 520 1853 bor,
559 1803 675 1844 ante
701 1812 847 1859 quam
882 1795 1076 1843 illorum
1113 1795 1353 1860 ancipites
1387 1795 1489 1843 vias
1513 1794 1748 1842 rationes-

417 1892 534 1941 que,
565 1882 616 1922 et
638 1891 728 1938 pro
747 1875 992 1933 omnibus,
1009 1883 1059 1922 et
1076 1881 1247 1922 contra
1261 1874 1426 1922 omnia
1445 1872 1748 1937 disputandi,

415 1970 702 2019 percepero.

483 2033 616 2081 Tum
659 2032 858 2090 Caesar,
896 2031 1081 2088 Unum,
1120 2032 1299 2096 inquit,
1338 2048 1417 2079 me
1443 2048 1506 2080 ex
1529 2038 1617 2079 tuo
1653 2048 1750 2080 ser-

414 2128 563 2160 mone
587 2110 820 2169 maxime,
847 2109 1039 2169 Crasse,
1065 2111 1346 2168 commovit,
1369 2111 1502 2176 quod
1527 2128 1640 2159 eum
1664 2128 1749 2161 ne-

415 2191 561 2254 gasti,
587 2190 671 2254 qui
696 2205 796 2236 non
821 2189 922 2237 cito
948 2190 1067 2253 quid
1091 2190 1360 2247 didicisset,
1404 2207 1622 2255 unquam
1647 2207 1748 2238 om-

417 2270 536 2317 nino
559 2285 701 2332 posse
725 2268 1035 2332 perdiscere:
1074 2277 1131 2317 ut
1171 2269 1291 2316 mihi
1327 2286 1428 2317 non
1464 2270 1526 2318 sit
1551 2269 1748 2319 difficile

415 2346 703 2412 periclitari,
740 2353 791 2394 et
825 2354 911 2394 aut
941 2346 1106 2394 statim
1129 2347 1384 2411 percipere
1407 2348 1518 2406 ista,
1543 2364 1668 2411 quae
1691 2355 1748 2396 tu

416 2425 577 2474 verbis
618 2424 682 2472 ad
720 2422 914 2473 coelum
950 2425 1200 2486 extulisti3
1239 2433 1340 2482 aut,
1378 2426 1417 2474 si
1451 2442 1552 2474 non
1575 2434 1748 2491 potue-

417 2505 528 2564 rim,
552 2512 749 2568 tempus
773 2520 873 2552 non
896 2505 1123 2569 perdere,
1143 2522 1256 2554 cum
1280 2513 1447 2554 tamen
1470 2505 1546 2554 his
1569 2505 1748 2554 nostris

416 2584 598 2648 possim
624 2599 728 2631 esse
754 2591 1034 2632 contentus.

488 2662 590 2710 Hic
617 2660 879 2726 Sulpicius,
921 2661 1030 2727 Ego
1054 2679 1186 2720 vero,
1225 2663 1405 2729 inquit,
1435 2664 1628 2724 Crasse,
1663 2680 1746 2712 ne-

418 2759 514 2806 que
543 2742 864 2792 Aristotelem
887 2743 1055 2803 istum,
1093 2760 1254 2810 neque
1291 2744 1618 2804 Carneadem,
1651 2760 1746 2793 nec

417 2821 817 2887 philosophorum
856 2840 1151 2889 quemquam
1187 2825 1445 2874 desidero:
1482 2825 1560 2874 vel
1589 2840 1668 2875 me
1691 2822 1746 2871 li-

419 2907 501 2948 cet
526 2901 775 2974 existimes
799 2902 1058 2970 desperare
1076 2904 1170 2955 ista
1191 2921 1334 2970 posse
1350 2904 1649 2971 perdiscere,
1666 2901 1747 2952 vel
