2071 3508
770 354 1146 403 ORATORIBUS,
1549 362 1627 402 427

291 461 495 514 flumine
521 464 679 513 solum
704 465 960 523 orationis,
997 464 1085 512 sed
1110 464 1259 511 etiam
1285 474 1544 525 exornato,
1581 476 1632 516 et

288 542 456 593 faceto
479 560 666 609 genere
689 543 986 592 verborum:
1023 543 1073 588 in
1102 559 1200 606 quo
1225 541 1322 590 fuit
1348 543 1631 609 Aeschylus

289 623 518 682 Cnidius,
554 631 606 671 et
643 639 784 670 meus
826 621 1045 686 aequalis
1079 621 1308 670 Milesius
1336 622 1631 672 Aeschines.

290 702 351 749 In
386 703 444 750 iis
481 710 587 751 erat
621 702 924 751 admirabilis
949 701 1185 750 orationis
1228 719 1419 761 cursus,
1462 710 1636 752 ornata

288 783 648 831 sententiarum
687 782 1000 831 concinnitas
1041 798 1143 830 non
1186 789 1306 830 erat.
1382 782 1527 831 Haec
1553 800 1637 830 au-

284 868 390 909 tem
417 865 499 927 (ut
515 861 645 924 dixi)
661 879 848 928 genera
873 862 1075 911 dicendi
1101 862 1292 927 aptiora
1317 870 1433 911 sunt
1448 862 1638 911 adoles-

286 941 550 990 centibus:
606 941 658 989 in
701 942 901 990 senibus
948 940 1247 1006 gravitatem
1288 957 1390 989 non
1430 941 1635 991 habent.

287 1019 467 1084 Itaque
496 1020 818 1078 Hortensius,
847 1028 1061 1086 utroque
1084 1038 1271 1085 genere
1297 1021 1496 1081 florens,
1540 1021 1637 1072 cla-

286 1115 449 1149 mores
490 1099 710 1150 faciebat
751 1089 1087 1151 adolescens(
1134 1100 1371 1149 Habebat
1413 1101 1546 1149 enim
1586 1110 1638 1151 et

289 1178 604 1228 Meneclium
642 1180 768 1228 illud
807 1181 1028 1229 studium
1079 1181 1362 1229 crebrarum
1406 1187 1637 1229 venusta-

288 1275 500 1324 rumque
520 1261 881 1309 sententiarum
901 1279 912 1309 :
941 1261 992 1308 in
1013 1261 1210 1325 quibus,
1229 1268 1287 1308 ut
1305 1260 1354 1307 in
1376 1259 1461 1308 illo
1481 1260 1638 1310 Grae-

290 1355 370 1398 co,
412 1339 483 1388 sic
508 1340 559 1388 in
585 1340 700 1400 hoc,
743 1348 886 1388 erant
924 1339 1169 1405 quaedam
1208 1339 1366 1404 magis
1397 1347 1637 1390 venustae

288 1417 562 1484 dulcesque
588 1420 887 1479 sententiae,
918 1436 1067 1484 quam
1091 1426 1179 1468 aut
1197 1420 1523 1476 necessariae,
1551 1427 1639 1469 aut

286 1497 540 1547 interdum
583 1500 745 1548 utiles.
818 1499 885 1548 Et
927 1507 1034 1548 erat
1075 1500 1234 1548 oratio
1275 1516 1389 1547 cum
1429 1499 1640 1548 incitata

289 1585 341 1626 et
365 1578 582 1639 vibrans,
618 1587 727 1628 tum
765 1580 916 1628 etiam
941 1586 1177 1628 accurata
1202 1586 1253 1627 et
1276 1578 1448 1643 polita.
1519 1579 1640 1627 Non

287 1661 563 1724 probantur
603 1659 729 1708 haec
772 1660 987 1708 senibus.
1060 1659 1217 1724 Saepe
1253 1658 1486 1707 videbam
1524 1676 1639 1708 cum

288 1726 602 1799 irridentem,
620 1748 729 1788 tum
750 1740 900 1788 etiam
926 1739 1225 1789 irascentem
1252 1747 1304 1788 et
1328 1738 1642 1788 stomachan-

287 1827 392 1868 tem
437 1820 755 1885 Philippum:
796 1821 883 1868 sed
925 1820 1233 1869 mirabantur
1275 1818 1640 1879 adolescentes,

289 1898 562 1953 multitudo
601 1902 911 1950 movebatur.
998 1899 1120 1948 Erat
1157 1898 1411 1948 excellens
1443 1898 1642 1964 judicio

290 1977 447 2044 vulgi,
473 1987 524 2028 et
546 1978 693 2028 facile
717 1980 900 2045 primas
919 1980 1126 2028 tenebat
1150 1978 1460 2027 adolescens·
1532 1979 1641 2031 Etsi

291 2059 425 2107 enim
466 2076 626 2123 genus
661 2058 785 2108 illud
829 2059 1032 2108 dicendi
1074 2059 1387 2107 auctoritatis
1424 2059 1642 2108 habebat

289 2155 485 2204 parum,
527 2146 696 2187 tamen
739 2147 911 2203 aptum
949 2156 1054 2188 esse
1080 2139 1232 2188 aetati
1256 2139 1550 2187 videbatur:
1591 2148 1641 2189 et

292 2227 445 2276 certe,
485 2220 621 2284 quod
646 2227 698 2268 et
721 2219 912 2283 ingenii
951 2219 1198 2284 quaedam
1236 2218 1397 2269 forma
1420 2217 1640 2280 lucebat,

291 2308 343 2350 et
367 2300 728 2349 exercitatione
753 2298 980 2364 perfecta
1005 2307 1130 2358 erat,
1165 2300 1532 2364 verborumque
1557 2299 1641 2348 ad-

291 2382 464 2431 stricta
488 2381 887 2447 comprehensio,
921 2397 1166 2430 summam
1199 2379 1460 2428 hominum
1486 2380 1641 2429 admi-

290 2463 534 2512 rationem
561 2463 829 2511 excitabat.
902 2461 1019 2521 Sed,
1056 2478 1170 2509 cum
1188 2460 1294 2525 jam
1320 2461 1550 2518 honores,
1589 2471 1640 2510 et

290 2541 375 2590 illa
409 2543 573 2591 senior
614 2542 882 2591 auctoritas
918 2541 1116 2606 gravius
1152 2540 1389 2605 quiddam
1424 2541 1639 2605 require-

291 2630 383 2678 ret,
422 2623 713 2670 remanebat
735 2622 885 2678 idem,
930 2638 1025 2669 nec
1051 2620 1264 2669 decebat
1287 2619 1452 2668 idem:
1487 2619 1640 2684 quod-

292 2718 390 2766 que
416 2702 828 2751 exercitationem
853 2700 1173 2765 studiumque
1201 2700 1474 2761 dimiserat,
1506 2700 1640 2766 quod

293 2782 346 2830 in
371 2799 432 2831 eo
466 2780 630 2831 fuerat
654 2781 971 2841 acerrimum,
1009 2780 1322 2830 concinnitas
1346 2780 1431 2830 illa
1459 2781 1641 2830 crebri-

293 2870 470 2930 tasque
508 2864 869 2914 sententiarum
905 2862 1113 2927 pristina
1153 2863 1407 2921 manebat,
1458 2862 1545 2913 sed
1581 2878 1641 2919 ea
