<?xml version="1.0" encoding="UTF-8"?>
<!DOCTYPE html PUBLIC "-//W3C//DTD XHTML 1.0 Transitional//EN"
    "http://www.w3.org/TR/xhtml1/DTD/xhtml1-transitional.dtd">
<html xmlns="http://www.w3.org/1999/xhtml" xml:lang="en" lang="en">
 <head>
  <title>
</title>
<meta http-equiv="Content-Type" content="text/html;charset=utf-8" />
  <meta name='ocr-system' content='tesseract 3.04.00' />
  <meta name='ocr-capabilities' content='ocr_page ocr_carea ocr_par ocr_line ocrx_word'/>
</head>
<body>
  <div class='ocr_page' id='page_1' title='image "./deoratorelibrit00ciceuoft_0019.png"; bbox 0 0 2071 3508; ppageno 0'>
   <div class='ocr_carea' id='block_1_1' title="bbox 743 401 1616 443">
    <p class='ocr_par' dir='ltr' id='par_1_1' title="bbox 743 401 1616 443">
     <span class='ocr_line' id='line_1_1' title="bbox 743 401 1616 443; baseline 0 -1"><span class='ocrx_word' id='word_1_1' title='bbox 743 402 909 442; x_wconf 86' lang='lat' dir='ltr'>LIBER</span> <span class='ocrx_word' id='word_1_2' title='bbox 940 401 1162 441; x_wconf 85' lang='lat' dir='ltr'><strong>PRIMUS.</strong></span> <span class='ocrx_word' id='word_1_3' title='bbox 1571 407 1588 441; x_wconf 86' lang='lat'>1</span> <span class='ocrx_word' id='word_1_4' title='bbox 1598 406 1616 443; x_wconf 90' lang='lat'>1</span> 
     </span>
    </p>
   </div>
   <div class='ocr_carea' id='block_1_2' title="bbox 276 510 1733 2935">
    <p class='ocr_par' dir='ltr' id='par_1_2' title="bbox 276 510 1733 2935">
     <span class='ocr_line' id='line_1_2' title="bbox 294 510 1620 577; baseline -0.002 -17"><span class='ocrx_word' id='word_1_5' title='bbox 294 519 707 577; x_wconf 84' lang='lat' dir='ltr'>compararentur.</span> <span class='ocrx_word' id='word_1_6' title='bbox 780 513 958 576; x_wconf 82' lang='lat' dir='ltr'>Neque</span> <span class='ocrx_word' id='word_1_7' title='bbox 1003 527 1121 559; x_wconf 85' lang='lat' dir='ltr'>vero</span> <span class='ocrx_word' id='word_1_8' title='bbox 1168 510 1287 558; x_wconf 91' lang='lat' dir='ltr'>mihi</span> <span class='ocrx_word' id='word_1_9' title='bbox 1334 510 1620 575; x_wconf 86' lang='lat' dir='ltr'><strong>quidquam,</strong></span> 
     </span>
     <span class='ocr_line' id='line_1_3' title="bbox 292 589 1620 655; baseline 0 -18"><span class='ocrx_word' id='word_1_10' title='bbox 292 590 470 654; x_wconf 90' lang='lat' dir='ltr'>inquit,</span> <span class='ocrx_word' id='word_1_11' title='bbox 494 590 832 655; x_wconf 82' lang='lat' dir='ltr'>praestabilius</span> <span class='ocrx_word' id='word_1_12' title='bbox 857 591 1073 649; x_wconf 87' lang='lat' dir='ltr'>videtur,</span> <span class='ocrx_word' id='word_1_13' title='bbox 1109 606 1254 653; x_wconf 84' lang='lat' dir='ltr'>quam</span> <span class='ocrx_word' id='word_1_14' title='bbox 1286 605 1427 653; x_wconf 89' lang='lat' dir='ltr'>posse</span> <span class='ocrx_word' id='word_1_15' title='bbox 1453 589 1620 637; x_wconf 85' lang='lat' dir='ltr'>dicen-</span> 
     </span>
     <span class='ocr_line' id='line_1_4' title="bbox 290 667 1622 728; baseline -0.001 -12"><span class='ocrx_word' id='word_1_16' title='bbox 290 668 354 716; x_wconf 93' lang='lat' dir='ltr'>do</span> <span class='ocrx_word' id='word_1_17' title='bbox 379 676 548 717; x_wconf 89' lang='lat' dir='ltr'>tenere</span> <span class='ocrx_word' id='word_1_18' title='bbox 573 669 829 717; x_wconf 90' lang='lat' dir='ltr'>hominum</span> <span class='ocrx_word' id='word_1_19' title='bbox 856 678 1046 728; x_wconf 86' lang='lat' dir='ltr'>coetus,</span> <span class='ocrx_word' id='word_1_20' title='bbox 1084 676 1275 716; x_wconf 84' lang='lat' dir='ltr'>mentes</span> <span class='ocrx_word' id='word_1_21' title='bbox 1300 667 1514 725; x_wconf 86' lang='lat' dir='ltr'>allicere,</span> <span class='ocrx_word' id='word_1_22' title='bbox 1539 684 1622 715; x_wconf 82' lang='lat' dir='ltr'>vo-</span> 
     </span>
     <span class='ocr_line' id='line_1_5' title="bbox 288 745 1621 812; baseline -0.002 -18"><span class='ocrx_word' id='word_1_23' title='bbox 288 747 506 796; x_wconf 87' lang='lat' dir='ltr'>luntates</span> <span class='ocrx_word' id='word_1_24' title='bbox 531 746 793 812; x_wconf 85' lang='lat' dir='ltr'>impellere,</span> <span class='ocrx_word' id='word_1_25' title='bbox 824 765 921 811; x_wconf 91' lang='lat' dir='ltr'>quo</span> <span class='ocrx_word' id='word_1_26' title='bbox 946 747 1094 805; x_wconf 83' lang='lat' dir='ltr'>velit3</span> <span class='ocrx_word' id='word_1_27' title='bbox 1135 746 1268 794; x_wconf 91' lang='lat' dir='ltr'>unde</span> <span class='ocrx_word' id='word_1_28' title='bbox 1293 754 1459 793; x_wconf 87' lang='lat' dir='ltr'>autem</span> <span class='ocrx_word' id='word_1_29' title='bbox 1483 745 1621 805; x_wconf 81' lang='lat' dir='ltr'>velit,</span> 
     </span>
     <span class='ocr_line' id='line_1_6' title="bbox 288 824 1622 889; baseline 0 -17"><span class='ocrx_word' id='word_1_30' title='bbox 288 825 552 874; x_wconf 87' lang='lat' dir='ltr'>deducere.</span> <span class='ocrx_word' id='word_1_31' title='bbox 615 825 758 874; x_wconf 88' lang='lat' dir='ltr'>Haec</span> <span class='ocrx_word' id='word_1_32' title='bbox 783 843 882 874; x_wconf 87' lang='lat' dir='ltr'>una</span> <span class='ocrx_word' id='word_1_33' title='bbox 906 843 981 874; x_wconf 88' lang='lat' dir='ltr'>res</span> <span class='ocrx_word' id='word_1_34' title='bbox 1006 826 1056 872; x_wconf 91' lang='lat' dir='ltr'>in</span> <span class='ocrx_word' id='word_1_35' title='bbox 1082 826 1214 873; x_wconf 91' lang='lat' dir='ltr'>omni</span> <span class='ocrx_word' id='word_1_36' title='bbox 1239 825 1394 873; x_wconf 91' lang='lat' dir='ltr'>libero</span> <span class='ocrx_word' id='word_1_37' title='bbox 1417 824 1622 889; x_wconf 91' lang='lat' dir='ltr'>populo,</span> 
     </span>
     <span class='ocr_line' id='line_1_7' title="bbox 287 903 1619 969; baseline 0 -19"><span class='ocrx_word' id='word_1_38' title='bbox 287 904 600 968; x_wconf 87' lang='lat' dir='ltr'>maximeque</span> <span class='ocrx_word' id='word_1_39' title='bbox 630 905 680 951; x_wconf 90' lang='lat' dir='ltr'>in</span> <span class='ocrx_word' id='word_1_40' title='bbox 713 905 899 969; x_wconf 86' lang='lat' dir='ltr'>pacatis</span> <span class='ocrx_word' id='word_1_41' title='bbox 924 903 1296 968; x_wconf 81' lang='lat' dir='ltr'>tranquillisque</span> <span class='ocrx_word' id='word_1_42' title='bbox 1323 903 1619 959; x_wconf 86' lang='lat' dir='ltr'>civitatibus,</span> 
     </span>
     <span class='ocr_line' id='line_1_8' title="bbox 286 981 1622 1047; baseline -0.001 -17"><span class='ocrx_word' id='word_1_43' title='bbox 286 983 550 1046; x_wconf 89' lang='lat' dir='ltr'>praecipue</span> <span class='ocrx_word' id='word_1_44' title='bbox 589 999 782 1047; x_wconf 89' lang='lat' dir='ltr'>semper</span> <span class='ocrx_word' id='word_1_45' title='bbox 822 982 1006 1041; x_wconf 89' lang='lat' dir='ltr'>floruit,</span> <span class='ocrx_word' id='word_1_46' title='bbox 1043 998 1332 1046; x_wconf 82' lang='lat' dir='ltr'>semperque</span> <span class='ocrx_word' id='word_1_47' title='bbox 1370 981 1622 1029; x_wconf 87' lang='lat' dir='ltr'>dominata</span> 
     </span>
     <span class='ocr_line' id='line_1_9' title="bbox 286 1059 1733 1124; baseline -0.001 -14"><span class='ocrx_word' id='word_1_48' title='bbox 286 1070 376 1110; x_wconf 91' lang='lat' dir='ltr'>est.</span> <span class='ocrx_word' id='word_1_49' title='bbox 449 1061 584 1118; x_wconf 82' lang='lat' dir='ltr'>Quid</span> <span class='ocrx_word' id='word_1_50' title='bbox 609 1060 739 1107; x_wconf 92' lang='lat' dir='ltr'>enim</span> <span class='ocrx_word' id='word_1_51' title='bbox 772 1068 846 1108; x_wconf 89' lang='lat' dir='ltr'>est</span> <span class='ocrx_word' id='word_1_52' title='bbox 881 1069 967 1107; x_wconf 87' lang='lat' dir='ltr'>aut</span> <span class='ocrx_word' id='word_1_53' title='bbox 1001 1068 1102 1107; x_wconf 90' lang='lat' dir='ltr'>tam</span> <span class='ocrx_word' id='word_1_54' title='bbox 1132 1059 1438 1119; x_wconf 84' lang='lat' dir='ltr'>admirabile,</span> <span class='ocrx_word' id='word_1_55' title='bbox 1475 1078 1620 1124; x_wconf 88' lang='lat' dir='ltr'>quam</span> <span class='ocrx_word' id='word_1_56' title='bbox 1652 1077 1733 1117; x_wconf 68' lang='lat'>31,</span> 
     </span>
     <span class='ocr_line' id='line_1_10' title="bbox 286 1138 1621 1201; baseline 0 -13"><span class='ocrx_word' id='word_1_57' title='bbox 286 1157 348 1189; x_wconf 89' lang='lat' dir='ltr'>ex</span> <span class='ocrx_word' id='word_1_58' title='bbox 373 1140 563 1188; x_wconf 89' lang='lat' dir='ltr'>infinita</span> <span class='ocrx_word' id='word_1_59' title='bbox 581 1138 900 1187; x_wconf 86' lang='lat' dir='ltr'>multitudine</span> <span class='ocrx_word' id='word_1_60' title='bbox 920 1139 1175 1186; x_wconf 90' lang='lat' dir='ltr'>hominum</span> <span class='ocrx_word' id='word_1_61' title='bbox 1196 1139 1431 1188; x_wconf 85' lang='lat' dir='ltr'>exsistere</span> <span class='ocrx_word' id='word_1_62' title='bbox 1447 1157 1621 1201; x_wconf 91' lang='lat' dir='ltr'>unum,</span> 
     </span>
     <span class='ocr_line' id='line_1_11' title="bbox 288 1215 1621 1282; baseline 0.002 -17"><span class='ocrx_word' id='word_1_63' title='bbox 288 1219 372 1282; x_wconf 94' lang='lat' dir='ltr'>qui</span> <span class='ocrx_word' id='word_1_64' title='bbox 397 1218 466 1276; x_wconf 88' lang='lat' dir='ltr'>id,</span> <span class='ocrx_word' id='word_1_65' title='bbox 503 1217 637 1282; x_wconf 90' lang='lat' dir='ltr'>quod</span> <span class='ocrx_word' id='word_1_66' title='bbox 673 1215 900 1264; x_wconf 90' lang='lat' dir='ltr'>omnibus</span> <span class='ocrx_word' id='word_1_67' title='bbox 925 1225 1100 1264; x_wconf 87' lang='lat' dir='ltr'>natura</span> <span class='ocrx_word' id='word_1_68' title='bbox 1125 1217 1186 1264; x_wconf 89' lang='lat' dir='ltr'>sit</span> <span class='ocrx_word' id='word_1_69' title='bbox 1212 1218 1395 1274; x_wconf 87' lang='lat' dir='ltr'>datum,</span> <span class='ocrx_word' id='word_1_70' title='bbox 1434 1218 1513 1266; x_wconf 90' lang='lat' dir='ltr'>vel</span> <span class='ocrx_word' id='word_1_71' title='bbox 1549 1236 1621 1267; x_wconf 91' lang='lat' dir='ltr'>so-</span> 
     </span>
     <span class='ocr_line' id='line_1_12' title="bbox 286 1293 1621 1361; baseline 0 -17"><span class='ocrx_word' id='word_1_72' title='bbox 286 1295 381 1354; x_wconf 88' lang='lat' dir='ltr'>lus,</span> <span class='ocrx_word' id='word_1_73' title='bbox 419 1295 497 1343; x_wconf 88' lang='lat' dir='ltr'>vel</span> <span class='ocrx_word' id='word_1_74' title='bbox 535 1313 646 1343; x_wconf 88' lang='lat' dir='ltr'>cum</span> <span class='ocrx_word' id='word_1_75' title='bbox 684 1294 854 1358; x_wconf 81' lang='lat' dir='ltr'>paucis</span> <span class='ocrx_word' id='word_1_76' title='bbox 888 1293 1053 1341; x_wconf 86' lang='lat' dir='ltr'>facere</span> <span class='ocrx_word' id='word_1_77' title='bbox 1087 1294 1278 1358; x_wconf 87' lang='lat' dir='ltr'>possit?</span> <span class='ocrx_word' id='word_1_78' title='bbox 1315 1305 1400 1343; x_wconf 90' lang='lat' dir='ltr'>aut</span> <span class='ocrx_word' id='word_1_79' title='bbox 1424 1304 1524 1344; x_wconf 89' lang='lat' dir='ltr'>tam</span> <span class='ocrx_word' id='word_1_80' title='bbox 1541 1296 1621 1361; x_wconf 88' lang='lat' dir='ltr'>ju-</span> 
     </span>
     <span class='ocr_line' id='line_1_13' title="bbox 289 1372 1620 1438; baseline 0.002 -18"><span class='ocrx_word' id='word_1_81' title='bbox 289 1373 508 1421; x_wconf 89' lang='lat' dir='ltr'>cundum</span> <span class='ocrx_word' id='word_1_82' title='bbox 549 1373 753 1437; x_wconf 81' lang='lat' dir='ltr'>cognitu</span> <span class='ocrx_word' id='word_1_83' title='bbox 789 1381 935 1436; x_wconf 91' lang='lat' dir='ltr'>atque</span> <span class='ocrx_word' id='word_1_84' title='bbox 972 1372 1163 1431; x_wconf 87' lang='lat' dir='ltr'>auditu,</span> <span class='ocrx_word' id='word_1_85' title='bbox 1203 1389 1348 1435; x_wconf 87' lang='lat' dir='ltr'>quam</span> <span class='ocrx_word' id='word_1_86' title='bbox 1391 1375 1620 1438; x_wconf 88' lang='lat' dir='ltr'>sapienti-</span> 
     </span>
     <span class='ocr_line' id='line_1_14' title="bbox 287 1450 1620 1515; baseline 0.002 -16"><span class='ocrx_word' id='word_1_87' title='bbox 287 1451 377 1499; x_wconf 91' lang='lat' dir='ltr'>bus</span> <span class='ocrx_word' id='word_1_88' title='bbox 402 1452 658 1500; x_wconf 88' lang='lat' dir='ltr'>sententiis</span> <span class='ocrx_word' id='word_1_89' title='bbox 691 1451 1019 1515; x_wconf 83' lang='lat' dir='ltr'>gravibusque</span> <span class='ocrx_word' id='word_1_90' title='bbox 1054 1450 1215 1498; x_wconf 89' lang='lat' dir='ltr'>verbis</span> <span class='ocrx_word' id='word_1_91' title='bbox 1251 1459 1423 1499; x_wconf 87' lang='lat' dir='ltr'>ornata</span> <span class='ocrx_word' id='word_1_92' title='bbox 1463 1454 1620 1502; x_wconf 88' lang='lat' dir='ltr'>oratio</span> 
     </span>
     <span class='ocr_line' id='line_1_15' title="bbox 287 1529 1619 1595; baseline 0.003 -20"><span class='ocrx_word' id='word_1_93' title='bbox 287 1536 337 1576; x_wconf 90' lang='lat' dir='ltr'>et</span> <span class='ocrx_word' id='word_1_94' title='bbox 359 1529 635 1593; x_wconf 87' lang='lat' dir='ltr'>perpolita?</span> <span class='ocrx_word' id='word_1_95' title='bbox 682 1537 768 1576; x_wconf 90' lang='lat' dir='ltr'>aut</span> <span class='ocrx_word' id='word_1_96' title='bbox 804 1536 905 1576; x_wconf 87' lang='lat' dir='ltr'>tam</span> <span class='ocrx_word' id='word_1_97' title='bbox 940 1537 1136 1593; x_wconf 90' lang='lat' dir='ltr'>potens,</span> <span class='ocrx_word' id='word_1_98' title='bbox 1172 1537 1372 1594; x_wconf 88' lang='lat' dir='ltr'>tamque</span> <span class='ocrx_word' id='word_1_99' title='bbox 1398 1531 1619 1595; x_wconf 83' lang='lat' dir='ltr'>magnifi-</span> 
     </span>
     <span class='ocr_line' id='line_1_16' title="bbox 284 1606 1618 1674; baseline 0.004 -21"><span class='ocrx_word' id='word_1_100' title='bbox 284 1623 418 1666; x_wconf 91' lang='lat' dir='ltr'>cum,</span> <span class='ocrx_word' id='word_1_101' title='bbox 461 1624 607 1671; x_wconf 85' lang='lat' dir='ltr'>quam</span> <span class='ocrx_word' id='word_1_102' title='bbox 647 1606 817 1671; x_wconf 94' lang='lat' dir='ltr'>populi</span> <span class='ocrx_word' id='word_1_103' title='bbox 860 1616 1041 1666; x_wconf 81' lang='lat' dir='ltr'>motuS,</span> <span class='ocrx_word' id='word_1_104' title='bbox 1070 1606 1298 1672; x_wconf 86' lang='lat' dir='ltr'>judicum</span> <span class='ocrx_word' id='word_1_105' title='bbox 1335 1608 1618 1674; x_wconf 87' lang='lat' dir='ltr'>religiones,</span> 
     </span>
     <span class='ocr_line' id='line_1_17' title="bbox 283 1686 1619 1750; baseline 0.002 -16"><span class='ocrx_word' id='word_1_106' title='bbox 283 1693 479 1734; x_wconf 90' lang='lat' dir='ltr'>senatus</span> <span class='ocrx_word' id='word_1_107' title='bbox 525 1686 838 1750; x_wconf 82' lang='lat' dir='ltr'>gravitatem,</span> <span class='ocrx_word' id='word_1_108' title='bbox 890 1686 1039 1733; x_wconf 90' lang='lat' dir='ltr'>unius</span> <span class='ocrx_word' id='word_1_109' title='bbox 1088 1686 1309 1735; x_wconf 90' lang='lat' dir='ltr'>oratione</span> <span class='ocrx_word' id='word_1_110' title='bbox 1358 1689 1619 1737; x_wconf 89' lang='lat' dir='ltr'>converti?</span> 
     </span>
     <span class='ocr_line' id='line_1_18' title="bbox 284 1763 1729 1830; baseline 0.001 -18"><span class='ocrx_word' id='word_1_111' title='bbox 284 1763 420 1821; x_wconf 84' lang='lat' dir='ltr'>Quid</span> <span class='ocrx_word' id='word_1_112' title='bbox 443 1781 589 1830; x_wconf 91' lang='lat' dir='ltr'>porro</span> <span class='ocrx_word' id='word_1_113' title='bbox 613 1772 714 1812; x_wconf 90' lang='lat' dir='ltr'>tam</span> <span class='ocrx_word' id='word_1_114' title='bbox 739 1764 950 1828; x_wconf 82' lang='lat' dir='ltr'>regium,</span> <span class='ocrx_word' id='word_1_115' title='bbox 986 1772 1086 1812; x_wconf 84' lang='lat' dir='ltr'>tam</span> <span class='ocrx_word' id='word_1_116' title='bbox 1123 1764 1342 1825; x_wconf 89' lang='lat' dir='ltr'>liberale,</span> <span class='ocrx_word' id='word_1_117' title='bbox 1380 1774 1482 1815; x_wconf 88' lang='lat' dir='ltr'>tam</span> <span class='ocrx_word' id='word_1_118' title='bbox 1512 1784 1617 1816; x_wconf 88' lang='lat' dir='ltr'>mu·</span> <span class='ocrx_word' id='word_1_119' title='bbox 1650 1773 1729 1814; x_wconf 77' lang='lat'>32.</span> 
     </span>
     <span class='ocr_line' id='line_1_19' title="bbox 280 1841 1617 1907; baseline 0.004 -18"><span class='ocrx_word' id='word_1_120' title='bbox 280 1841 501 1901; x_wconf 91' lang='lat' dir='ltr'>nificum,</span> <span class='ocrx_word' id='word_1_121' title='bbox 555 1858 701 1906; x_wconf 90' lang='lat' dir='ltr'>quam</span> <span class='ocrx_word' id='word_1_122' title='bbox 743 1858 888 1905; x_wconf 89' lang='lat' dir='ltr'>opem</span> <span class='ocrx_word' id='word_1_123' title='bbox 934 1841 1063 1890; x_wconf 82' lang='lat' dir='ltr'>ferre</span> <span class='ocrx_word' id='word_1_124' title='bbox 1111 1843 1432 1907; x_wconf 89' lang='lat' dir='ltr'>supplicibus,</span> <span class='ocrx_word' id='word_1_125' title='bbox 1485 1846 1617 1895; x_wconf 87' lang='lat' dir='ltr'>exci-</span> 
     </span>
     <span class='ocr_line' id='line_1_20' title="bbox 280 1919 1618 1986; baseline 0.004 -17"><span class='ocrx_word' id='word_1_126' title='bbox 280 1928 384 1969; x_wconf 86' lang='lat' dir='ltr'>tare</span> <span class='ocrx_word' id='word_1_127' title='bbox 409 1921 632 1979; x_wconf 87' lang='lat' dir='ltr'>afflictos,</span> <span class='ocrx_word' id='word_1_128' title='bbox 652 1921 768 1968; x_wconf 88' lang='lat' dir='ltr'>dare</span> <span class='ocrx_word' id='word_1_129' title='bbox 788 1920 1014 1979; x_wconf 89' lang='lat' dir='ltr'>salutem,</span> <span class='ocrx_word' id='word_1_130' title='bbox 1039 1919 1245 1969; x_wconf 89' lang='lat' dir='ltr'>liberare</span> <span class='ocrx_word' id='word_1_131' title='bbox 1269 1924 1520 1986; x_wconf 88' lang='lat' dir='ltr'>periculis,</span> <span class='ocrx_word' id='word_1_132' title='bbox 1545 1943 1618 1975; x_wconf 89' lang='lat' dir='ltr'>re-</span> 
     </span>
     <span class='ocr_line' id='line_1_21' title="bbox 280 1997 1618 2055; baseline 0.002 -7"><span class='ocrx_word' id='word_1_133' title='bbox 280 2000 439 2048; x_wconf 91' lang='lat' dir='ltr'>tinere</span> <span class='ocrx_word' id='word_1_134' title='bbox 462 1999 687 2047; x_wconf 88' lang='lat' dir='ltr'>homines</span> <span class='ocrx_word' id='word_1_135' title='bbox 711 1998 762 2045; x_wconf 95' lang='lat' dir='ltr'>in</span> <span class='ocrx_word' id='word_1_136' title='bbox 788 1997 1022 2046; x_wconf 86' lang='lat' dir='ltr'>civitate?</span> <span class='ocrx_word' id='word_1_137' title='bbox 1060 1998 1196 2055; x_wconf 82' lang='lat' dir='ltr'>Quid</span> <span class='ocrx_word' id='word_1_138' title='bbox 1216 2008 1381 2048; x_wconf 88' lang='lat' dir='ltr'>autem</span> <span class='ocrx_word' id='word_1_139' title='bbox 1407 2010 1508 2049; x_wconf 90' lang='lat' dir='ltr'>tam</span> <span class='ocrx_word' id='word_1_140' title='bbox 1534 2021 1618 2052; x_wconf 88' lang='lat' dir='ltr'>ne-</span> 
     </span>
     <span class='ocr_line' id='line_1_22' title="bbox 281 2078 1616 2150; baseline 0.004 -23"><span class='ocrx_word' id='word_1_141' title='bbox 281 2078 563 2150; x_wconf 76' lang='lat' dir='ltr'>cessarium,</span> <span class='ocrx_word' id='word_1_142' title='bbox 589 2094 736 2142; x_wconf 88' lang='lat' dir='ltr'>quam</span> <span class='ocrx_word' id='word_1_143' title='bbox 761 2083 932 2124; x_wconf 90' lang='lat' dir='ltr'>tenere</span> <span class='ocrx_word' id='word_1_144' title='bbox 953 2092 1145 2141; x_wconf 88' lang='lat' dir='ltr'>semper</span> <span class='ocrx_word' id='word_1_145' title='bbox 1164 2095 1315 2138; x_wconf 86' lang='lat' dir='ltr'>arma,</span> <span class='ocrx_word' id='word_1_146' title='bbox 1337 2080 1513 2144; x_wconf 91' lang='lat' dir='ltr'>quibus</span> <span class='ocrx_word' id='word_1_147' title='bbox 1536 2083 1616 2132; x_wconf 87' lang='lat' dir='ltr'>vel</span> 
     </span>
     <span class='ocr_line' id='line_1_23' title="bbox 279 2155 1617 2225; baseline 0.002 -18"><span class='ocrx_word' id='word_1_148' title='bbox 279 2166 442 2206; x_wconf 87' lang='lat' dir='ltr'>tectus</span> <span class='ocrx_word' id='word_1_149' title='bbox 468 2156 571 2221; x_wconf 88' lang='lat' dir='ltr'>ipse</span> <span class='ocrx_word' id='word_1_150' title='bbox 598 2173 702 2204; x_wconf 89' lang='lat' dir='ltr'>esse</span> <span class='ocrx_word' id='word_1_151' title='bbox 725 2155 898 2219; x_wconf 89' lang='lat' dir='ltr'>possis,</span> <span class='ocrx_word' id='word_1_152' title='bbox 938 2155 1017 2203; x_wconf 89' lang='lat' dir='ltr'>vel</span> <span class='ocrx_word' id='word_1_153' title='bbox 1054 2173 1323 2220; x_wconf 88' lang='lat' dir='ltr'>provocare</span> <span class='ocrx_word' id='word_1_154' title='bbox 1348 2159 1617 2225; x_wconf 90' lang='lat' dir='ltr'>improbos,</span> 
     </span>
     <span class='ocr_line' id='line_1_24' title="bbox 278 2233 1619 2304; baseline 0.002 -20"><span class='ocrx_word' id='word_1_155' title='bbox 278 2235 358 2284; x_wconf 92' lang='lat' dir='ltr'>vel</span> <span class='ocrx_word' id='word_1_156' title='bbox 398 2244 449 2283; x_wconf 89' lang='lat' dir='ltr'>te</span> <span class='ocrx_word' id='word_1_157' title='bbox 492 2234 664 2282; x_wconf 90' lang='lat' dir='ltr'>ulcisci</span> <span class='ocrx_word' id='word_1_158' title='bbox 699 2233 988 2282; x_wconf 89' lang='lat' dir='ltr'>lacessitus?</span> <span class='ocrx_word' id='word_1_159' title='bbox 1026 2234 1140 2298; x_wconf 86' lang='lat' dir='ltr'>Age</span> <span class='ocrx_word' id='word_1_160' title='bbox 1164 2253 1300 2296; x_wconf 91' lang='lat' dir='ltr'>vero,</span> <span class='ocrx_word' id='word_1_161' title='bbox 1336 2254 1399 2286; x_wconf 88' lang='lat' dir='ltr'>ne</span> <span class='ocrx_word' id='word_1_162' title='bbox 1425 2255 1619 2304; x_wconf 91' lang='lat' dir='ltr'>semper</span> 
     </span>
     <span class='ocr_line' id='line_1_25' title="bbox 277 2312 1612 2379; baseline 0.003 -16"><span class='ocrx_word' id='word_1_163' title='bbox 277 2315 459 2373; x_wconf 86' lang='lat' dir='ltr'>forum,</span> <span class='ocrx_word' id='word_1_164' title='bbox 502 2312 749 2372; x_wconf 84' lang='lat' dir='ltr'>subsellia,</span> <span class='ocrx_word' id='word_1_165' title='bbox 797 2322 973 2372; x_wconf 90' lang='lat' dir='ltr'>rostra,</span> <span class='ocrx_word' id='word_1_166' title='bbox 1021 2314 1310 2379; x_wconf 89' lang='lat' dir='ltr'>curiamque</span> <span class='ocrx_word' id='word_1_167' title='bbox 1357 2317 1612 2379; x_wconf 88' lang='lat' dir='ltr'>meditere,</span> 
     </span>
     <span class='ocr_line' id='line_1_26' title="bbox 279 2391 1615 2461; baseline 0.002 -19"><span class='ocrx_word' id='word_1_168' title='bbox 279 2393 400 2459; x_wconf 86' lang='lat' dir='ltr'>quid</span> <span class='ocrx_word' id='word_1_169' title='bbox 425 2409 529 2441; x_wconf 89' lang='lat' dir='ltr'>esse</span> <span class='ocrx_word' id='word_1_170' title='bbox 554 2399 720 2458; x_wconf 90' lang='lat' dir='ltr'>potest</span> <span class='ocrx_word' id='word_1_171' title='bbox 743 2392 795 2439; x_wconf 93' lang='lat' dir='ltr'>in</span> <span class='ocrx_word' id='word_1_172' title='bbox 820 2392 922 2440; x_wconf 91' lang='lat' dir='ltr'>otio</span> <span class='ocrx_word' id='word_1_173' title='bbox 939 2400 1024 2440; x_wconf 91' lang='lat' dir='ltr'>aut</span> <span class='ocrx_word' id='word_1_174' title='bbox 1039 2391 1331 2456; x_wconf 84' lang='lat' dir='ltr'>jucundius,</span> <span class='ocrx_word' id='word_1_175' title='bbox 1357 2404 1442 2443; x_wconf 88' lang='lat' dir='ltr'>aut</span> <span class='ocrx_word' id='word_1_176' title='bbox 1458 2397 1615 2461; x_wconf 82' lang='lat' dir='ltr'>magis</span> 
     </span>
     <span class='ocr_line' id='line_1_27' title="bbox 276 2470 1615 2538; baseline 0.003 -19"><span class='ocrx_word' id='word_1_177' title='bbox 276 2472 529 2538; x_wconf 90' lang='lat' dir='ltr'>proprium</span> <span class='ocrx_word' id='word_1_178' title='bbox 579 2470 919 2529; x_wconf 80' lang='lat' dir='ltr'>humanitatiS,</span> <span class='ocrx_word' id='word_1_179' title='bbox 957 2488 1103 2534; x_wconf 89' lang='lat' dir='ltr'>quam</span> <span class='ocrx_word' id='word_1_180' title='bbox 1140 2488 1299 2520; x_wconf 90' lang='lat' dir='ltr'>sermo</span> <span class='ocrx_word' id='word_1_181' title='bbox 1329 2472 1520 2522; x_wconf 86' lang='lat' dir='ltr'>facetus</span> <span class='ocrx_word' id='word_1_182' title='bbox 1557 2491 1615 2523; x_wconf 89' lang='lat' dir='ltr'>ac</span> 
     </span>
     <span class='ocr_line' id='line_1_28' title="bbox 276 2549 1615 2614; baseline 0.002 -17"><span class='ocrx_word' id='word_1_183' title='bbox 276 2549 413 2597; x_wconf 90' lang='lat' dir='ltr'>nulla</span> <span class='ocrx_word' id='word_1_184' title='bbox 436 2549 487 2596; x_wconf 93' lang='lat' dir='ltr'>in</span> <span class='ocrx_word' id='word_1_185' title='bbox 511 2566 563 2597; x_wconf 90' lang='lat' dir='ltr'>re</span> <span class='ocrx_word' id='word_1_186' title='bbox 583 2549 716 2596; x_wconf 90' lang='lat' dir='ltr'>rudis</span> <span class='ocrx_word' id='word_1_187' title='bbox 738 2549 753 2596; x_wconf 90' lang='lat'>?</span> <span class='ocrx_word' id='word_1_188' title='bbox 794 2549 908 2597; x_wconf 91' lang='lat' dir='ltr'>Hoc</span> <span class='ocrx_word' id='word_1_189' title='bbox 935 2549 1065 2597; x_wconf 89' lang='lat' dir='ltr'>enim</span> <span class='ocrx_word' id='word_1_190' title='bbox 1086 2566 1185 2598; x_wconf 92' lang='lat' dir='ltr'>uno</span> <span class='ocrx_word' id='word_1_191' title='bbox 1209 2560 1511 2614; x_wconf 88' lang='lat' dir='ltr'>praestamus</span> <span class='ocrx_word' id='word_1_192' title='bbox 1535 2552 1615 2601; x_wconf 84' lang='lat' dir='ltr'>vel</span> 
     </span>
     <span class='ocr_line' id='line_1_29' title="bbox 277 2626 1615 2692; baseline 0.004 -17"><span class='ocrx_word' id='word_1_193' title='bbox 277 2628 491 2676; x_wconf 84' lang='lat' dir='ltr'>maxime</span> <span class='ocrx_word' id='word_1_194' title='bbox 529 2626 662 2685; x_wconf 84' lang='lat' dir='ltr'>feris,</span> <span class='ocrx_word' id='word_1_195' title='bbox 700 2627 833 2691; x_wconf 91' lang='lat' dir='ltr'>quod</span> <span class='ocrx_word' id='word_1_196' title='bbox 876 2627 1201 2692; x_wconf 87' lang='lat' dir='ltr'>colloquimur</span> <span class='ocrx_word' id='word_1_197' title='bbox 1238 2630 1368 2678; x_wconf 88' lang='lat' dir='ltr'>inter</span> <span class='ocrx_word' id='word_1_198' title='bbox 1407 2647 1514 2690; x_wconf 93' lang='lat' dir='ltr'>nos,</span> <span class='ocrx_word' id='word_1_199' title='bbox 1563 2639 1615 2680; x_wconf 89' lang='lat' dir='ltr'>et</span> 
     </span>
     <span class='ocr_line' id='line_1_30' title="bbox 277 2706 1723 2772; baseline 0.003 -18"><span class='ocrx_word' id='word_1_200' title='bbox 277 2706 412 2772; x_wconf 90' lang='lat' dir='ltr'>quod</span> <span class='ocrx_word' id='word_1_201' title='bbox 429 2706 703 2770; x_wconf 84' lang='lat' dir='ltr'>exprimere</span> <span class='ocrx_word' id='word_1_202' title='bbox 720 2706 933 2754; x_wconf 90' lang='lat' dir='ltr'>dicendo</span> <span class='ocrx_word' id='word_1_203' title='bbox 952 2723 1093 2754; x_wconf 88' lang='lat' dir='ltr'>sensa</span> <span class='ocrx_word' id='word_1_204' title='bbox 1111 2724 1382 2771; x_wconf 87' lang='lat' dir='ltr'>possumus.</span> <span class='ocrx_word' id='word_1_205' title='bbox 1429 2710 1611 2767; x_wconf 82' lang='lat' dir='ltr'>Quam·</span> <span class='ocrx_word' id='word_1_206' title='bbox 1644 2724 1723 2764; x_wconf 75' lang='lat'>33.</span> 
     </span>
     <span class='ocr_line' id='line_1_31' title="bbox 277 2783 1612 2855; baseline 0.002 -19"><span class='ocrx_word' id='word_1_207' title='bbox 277 2788 447 2836; x_wconf 88' lang='lat' dir='ltr'>obrem</span> <span class='ocrx_word' id='word_1_208' title='bbox 490 2785 597 2849; x_wconf 91' lang='lat' dir='ltr'>quis</span> <span class='ocrx_word' id='word_1_209' title='bbox 640 2784 734 2833; x_wconf 91' lang='lat' dir='ltr'>hoc</span> <span class='ocrx_word' id='word_1_210' title='bbox 774 2800 874 2832; x_wconf 91' lang='lat' dir='ltr'>non</span> <span class='ocrx_word' id='word_1_211' title='bbox 907 2783 1020 2849; x_wconf 86' lang='lat' dir='ltr'>jure</span> <span class='ocrx_word' id='word_1_212' title='bbox 1059 2785 1280 2845; x_wconf 89' lang='lat' dir='ltr'>miretur,</span> <span class='ocrx_word' id='word_1_213' title='bbox 1324 2804 1612 2855; x_wconf 89' lang='lat' dir='ltr'>summeque</span> 
     </span>
     <span class='ocr_line' id='line_1_32' title="bbox 276 2863 1613 2935; baseline 0.004 -23"><span class='ocrx_word' id='word_1_214' title='bbox 276 2865 328 2912; x_wconf 92' lang='lat' dir='ltr'>in</span> <span class='ocrx_word' id='word_1_215' title='bbox 381 2881 440 2912; x_wconf 93' lang='lat' dir='ltr'>eo</span> <span class='ocrx_word' id='word_1_216' title='bbox 489 2863 840 2913; x_wconf 87' lang='lat' dir='ltr'>elaborandum</span> <span class='ocrx_word' id='word_1_217' title='bbox 900 2880 1005 2912; x_wconf 85' lang='lat' dir='ltr'>esse</span> <span class='ocrx_word' id='word_1_218' title='bbox 1057 2864 1339 2927; x_wconf 89' lang='lat' dir='ltr'>arbitretur,</span> <span class='ocrx_word' id='word_1_219' title='bbox 1390 2875 1465 2929; x_wconf 90' lang='lat' dir='ltr'>ut,</span> <span class='ocrx_word' id='word_1_220' title='bbox 1515 2886 1613 2935; x_wconf 91' lang='lat' dir='ltr'>quo</span> 
     </span>
    </p>
   </div>
  </div>
 </body>
</html>
