2071 3508
339 1377 445 1424 178.

349 2333 456 2378 179.

471 404 548 442 152
944 403 1020 441 DE
1049 403 1317 443 ORATORE

471 519 523 561 et
544 511 597 559 id
621 527 769 575 quare
793 511 863 559 ita
887 512 966 570 sit,
991 513 1250 561 ostendere
1272 533 1286 572 ;
1326 520 1376 561 et
1411 529 1473 560 ex
1503 512 1676 561 iisdem
1699 510 1792 560 illis

470 590 592 638 locis
616 590 867 638 interdum
893 591 1207 649 concludere,
1243 591 1518 655 relinquere
1543 591 1677 649 alias,
1712 590 1794 638 ali-

472 685 600 733 oque
625 671 830 718 transire
853 688 864 717 :
904 688 1048 734 saepe
1084 687 1183 718 non
1207 687 1500 735 proponere,
1525 688 1581 719 ac
1606 670 1795 717 ratione

470 748 576 813 ipsa
599 748 864 807 afferenda,
889 749 1009 811 quid
1031 749 1407 812 proponendum
1430 748 1598 807 fuerit,
1636 747 1797 795 decla-

472 843 603 875 rare:
631 827 669 874 si
691 827 771 874 cui
788 826 906 890 quid
931 826 1085 873 simile
1103 827 1255 883 dicas,
1273 826 1407 888 prius
1431 834 1489 873 ut
1507 825 1661 873 simile
1682 841 1797 873 con-

472 905 664 953 firmes:
703 904 882 952 deinde
919 903 1051 967 quod
1086 903 1265 967 agitur,
1303 903 1574 967 adjungas:
1611 911 1800 967 puncta

474 992 875 1047 argumentorum
893 982 1181 1047 plerumque
1205 990 1261 1030 ut
1284 982 1500 1040 occulas,
1525 998 1591 1029 ne
1613 982 1718 1045 quis
1743 998 1802 1030 ea

475 1078 733 1109 numerare
779 1063 950 1125 possit,
1002 1070 1059 1109 ut
1106 1078 1157 1109 re
1210 1053 1595 1125 distinguantur,
1641 1060 1802 1109 verbis

477 1140 682 1188 confusa
707 1157 811 1188 esse
833 1140 1105 1188 videantur.

545 1220 688 1268 Haec
726 1228 782 1267 ut
817 1227 868 1267 et
901 1235 1185 1283 properans,
1211 1226 1261 1266 et
1285 1218 1417 1282 apud
1441 1219 1633 1277 doctos,
1657 1224 1708 1266 et
1731 1233 1803 1265 se-

476 1298 723 1346 midoctus
764 1297 886 1361 ipse,
923 1312 1171 1360 percurro,
1215 1303 1272 1343 ut
1310 1296 1572 1360 aliquando
1614 1296 1677 1343 ad
1721 1294 1806 1342 illa

478 1375 662 1440 majora
684 1376 951 1425 veniamus.
1022 1374 1160 1422 Nihil
1201 1382 1277 1422 est
1317 1374 1447 1422 enim
1482 1374 1534 1421 in
1572 1373 1803 1432 dicendo,

481 1454 677 1512 Catule,
719 1453 891 1518 majus,
933 1469 1079 1516 quam
1120 1460 1177 1500 ut
1211 1452 1375 1500 faveat
1410 1452 1590 1500 oratori
1626 1452 1684 1511 is,
1719 1451 1804 1514 qui

480 1532 677 1590 audiet,
706 1540 859 1595 utque
883 1531 986 1595 ipse
1006 1530 1075 1578 sic
1099 1537 1371 1588 moveatur,
1396 1538 1452 1577 ut
1474 1530 1663 1594 impetu
1687 1546 1804 1593 quo-

482 1610 595 1658 dam
631 1610 799 1668 animi,
836 1617 886 1657 et
919 1609 1288 1673 perturbatione
1312 1608 1485 1671 magis,
1510 1624 1656 1670 quam
1673 1606 1804 1670 judi-

482 1688 574 1744 ci0,
602 1697 687 1736 aut
712 1688 915 1736 consilio
940 1695 1154 1752 regatur.
1216 1686 1362 1734 Plura
1386 1686 1517 1734 enim
1542 1686 1697 1734 multo
1721 1686 1803 1734 ho-

480 1767 636 1814 mines
653 1766 883 1830 judicant
906 1766 1036 1822 odio,
1075 1773 1159 1813 aut
1188 1782 1370 1823 amore,
1406 1773 1491 1812 aut
1516 1765 1804 1828 cupiditate,

481 1853 567 1893 aut
590 1845 861 1903 iracundia,
897 1853 982 1892 aut
1017 1844 1203 1902 dolore,
1245 1852 1330 1891 aut
1352 1843 1557 1901 laetitia,
1593 1850 1678 1891 aut
1702 1860 1805 1907 spe,

481 1932 568 1972 aut
606 1924 802 1982 timore,
841 1932 925 1971 aut
963 1940 1143 1981 errore,
1185 1932 1271 1970 aut
1306 1924 1466 1986 aliqua
1500 1923 1806 1986 permotione

482 2003 679 2061 mentis,
705 2019 851 2066 quam
875 2002 1100 2060 veritate,
1131 2010 1216 2049 aut
1238 2001 1558 2065 praescripto,
1583 2008 1668 2048 aut
1682 1999 1807 2064 juris

481 2099 653 2130 norma
693 2081 872 2145 aliqua,
911 2089 996 2128 aut
1022 2080 1199 2144 judicii
1223 2080 1451 2138 formula,
1492 2088 1577 2127 aut
1598 2079 1804 2143 legibus.

486 2161 671 2219 Quare,
697 2161 788 2207 nisi
814 2159 932 2224 quid
956 2160 1093 2207 vobis
1118 2159 1251 2206 aliud
1273 2158 1455 2223 placet,
1492 2158 1555 2205 ad
1591 2157 1672 2205 illa
1699 2174 1806 2222 per-

485 2255 673 2302 gamus.

556 2315 782 2373 Paulum,
823 2316 982 2379 inquit
1014 2316 1236 2373 Catulus,
1280 2315 1427 2363 etiam
1468 2331 1601 2362 nunc
1640 2315 1808 2362 deesse

486 2395 684 2442 videtur
709 2395 764 2441 iis
788 2395 947 2450 rebus,
977 2393 1185 2452 Antoni,
1212 2411 1329 2457 quas
1355 2393 1640 2457 exposuisti,
1679 2393 1810 2456 quod

489 2473 551 2520 sit
592 2473 683 2520 tibi
724 2480 838 2520 ante
880 2472 1247 2536 explicandum,
1283 2489 1428 2535 quam
1458 2471 1574 2518 illuc
1598 2471 1811 2534 proficis-

494 2567 625 2609 care,
650 2568 746 2615 quo
770 2559 821 2598 te
847 2551 968 2598 dicis
991 2551 1264 2598 intendere.
1327 2549 1610 2606 Quidnam?
1634 2549 1809 2613 inquit.

495 2630 594 2686 Qui
620 2630 740 2677 ordo
763 2630 853 2677 tibi
893 2629 1103 2695 placeat,
1140 2629 1300 2693 inquit
1335 2628 1558 2686 Catulus,
1596 2635 1646 2675 et
1687 2644 1810 2691 quae

492 2709 744 2773 dispositio
769 2716 1188 2772 argumentorum,
1212 2708 1263 2754 in
1283 2723 1378 2771 qua
1400 2714 1456 2754 tu
1479 2706 1598 2753 mihi
1622 2721 1812 2770 semper

355 2797 460 2836 180.
494 2787 613 2834 deus
652 2787 808 2834 videri
849 2786 989 2834 soles.
1058 2785 1190 2833 Vide
1214 2801 1360 2849 quam
1395 2784 1484 2832 sim
1519 2785 1570 2831 in
1607 2784 1701 2832 isto
1728 2799 1813 2848 ge-

493 2880 629 2923 nere,
675 2865 852 2928 inquit,
900 2863 1094 2923 Catule,
1149 2863 1286 2912 deus.
1368 2863 1485 2911 Non
1531 2860 1811 2911 mehercule
