2071 3508
700 425 868 463 LIBER
897 424 1149 466 TERTIUS.
1522 433 1601 472 ‘237

270 552 383 584 eum
408 548 631 583 sermone
667 533 805 597 quasi
841 533 1167 598 conjunctum
1192 535 1406 584 videtur.
1479 539 1602 588 Sunt

268 615 399 664 enim
424 622 561 661 certa
583 611 720 671 vitia,
763 629 889 676 quae
926 629 1073 661 nemo
1113 622 1202 671 est,
1242 615 1361 678 quin
1387 616 1605 680 effugere

269 693 452 756 cupiat,
478 691 637 741 mollis
661 708 778 751 vox,
814 701 871 740 ut
896 692 1163 750 muliebris,
1192 701 1278 741 aut
1302 695 1440 758 quasi
1466 702 1607 744 extra

265 770 467 818 modum
493 772 677 820 absona
701 780 849 835 atque
874 772 1100 821 absurda.
1172 773 1262 821 Est
1300 781 1466 822 autem
1496 775 1607 822 viti-

266 866 368 908 um,
412 850 546 913 quod
587 850 812 898 nonnulli
855 850 916 899 de
958 851 1200 900 industria
1237 862 1605 903 consectantur.

267 928 478 976 Rustica
512 945 609 976 vox
654 937 703 976 et
740 928 945 993 agrestis
971 930 1209 993 quosdam
1236 931 1472 992 delectat,
1509 950 1608 996 quo

266 1008 423 1071 magis
465 1008 829 1071 antiquitatem,
875 1008 913 1055 si
956 1007 1026 1055 ita
1064 1018 1224 1069 sonet,
1251 1027 1421 1058 eorum
1448 1028 1608 1060 sermo

267 1087 481 1136 retinere
523 1088 784 1147 videatur3
824 1096 880 1135 ut
917 1096 1047 1145 tuUS,
1090 1088 1286 1148 Catule,
1329 1091 1508 1139 sodalis
1547 1092 1606 1140 L.

267 1166 419 1216 Cotta
453 1167 672 1231 gaudere
711 1166 831 1213 mihi
873 1167 1069 1215 videtur
1105 1169 1348 1232 gravitate
1390 1169 1610 1234 linguae,

268 1263 487 1311 sonoque
526 1246 661 1294 vocis
703 1246 884 1310 agresti
905 1268 918 1306 3
959 1255 1009 1295 et
1047 1247 1188 1306 illud,
1215 1249 1348 1312 quod
1372 1248 1608 1314 loquitur,

267 1326 484 1390 priscum
509 1325 668 1373 visum
704 1325 763 1372 iri
786 1334 949 1390 putat,
986 1327 1024 1373 si
1059 1326 1205 1391 plane
1230 1327 1381 1376 fuerit
1405 1328 1608 1376 rustica-

270 1420 406 1451 num.
479 1403 568 1451 Me
608 1413 774 1452 autem
816 1413 931 1452 tuus
971 1422 1132 1462 sonus,
1176 1414 1227 1453 et
1264 1406 1478 1454 suavitas
1516 1406 1610 1455 ista

271 1482 523 1542 delectat3
563 1484 740 1531 omitto
780 1485 1060 1540 verborum,
1100 1501 1381 1549 quanquam
1421 1493 1497 1533 est
1532 1502 1610 1532 ea-

269 1570 390 1627 put:
428 1579 601 1615 verum
636 1562 688 1609 id
724 1561 864 1610 affert
887 1563 1031 1621 ratio,
1069 1562 1254 1611 docent
1276 1562 1468 1622 literae,
1495 1581 1610 1612 con-

268 1640 431 1697 firmat
455 1640 766 1689 consuetudo
808 1648 859 1689 et
897 1640 1099 1706 legendi
1137 1650 1187 1690 et
1215 1641 1483 1706 loquendi:
1522 1643 1611 1692 sed

270 1720 399 1768 hanc
442 1720 555 1768 dieo
594 1721 903 1775 suavitatem,
943 1738 1068 1785 quae
1106 1722 1211 1769 exit
1236 1738 1298 1769 ex
1323 1739 1443 1781 ore;
1483 1740 1609 1786 quae

270 1799 491 1864 quidem,
527 1807 583 1847 ut
608 1800 741 1864 apud
765 1800 988 1848 Graecos
1015 1800 1318 1857 Atticorum,
1346 1801 1415 1849 sie
1440 1802 1489 1851 in
1518 1802 1611 1850 La-

272 1878 379 1927 tino
417 1895 642 1927 sermone
682 1878 826 1942 hujus
871 1887 946 1927 est
987 1880 1120 1927 urbis
1156 1880 1370 1927 maxime
1396 1881 1607 1945 propria.

274 1958 489 2012 Athenis
520 1957 625 2021 jam
660 1958 746 2005 diu
782 1958 1009 2012 doctrina
1046 1959 1264 2022 ipsorum
1290 1959 1609 2007 Atheniensi-

277 2053 358 2092 um
383 2036 571 2084 interiit
593 2055 605 2093 3
646 2035 952 2084 domicilium
983 2045 1178 2084 tantum
1204 2037 1254 2083 in
1280 2037 1362 2084 illa
1388 2039 1508 2086 urbe
1536 2055 1611 2086 re-

275 2123 444 2162 manet
463 2114 756 2172 studiormn,
783 2115 959 2178 quibus
984 2123 1163 2163 vacant
1189 2116 1338 2173 cives,
1362 2117 1612 2181 peregrini

274 2193 526 2252 fruuntur,
569 2193 701 2258 capti
740 2194 1107 2257 quodammodo
1146 2195 1346 2242 nomine
1388 2196 1521 2244 urbis
1563 2205 1613 2245 et

275 2272 602 2320 auctoritate:
642 2280 809 2319 tamen
847 2272 1201 2321 eruditissimos
1239 2273 1464 2322 homines
1501 2275 1613 2323 Asi-

276 2352 430 2400 aticos
473 2351 630 2416 quivis
658 2352 979 2400 Atheniensis
1015 2352 1266 2412 indoctus,
1308 2370 1409 2409 non
1432 2355 1613 2415 verbis,

277 2434 365 2481 sed
390 2451 510 2482 sono
534 2434 684 2491 vocis,
724 2450 817 2482 nec
842 2441 944 2481 tam
968 2435 1114 2490 bene,
1136 2450 1282 2498 quam
1309 2435 1522 2482 suaviter
1545 2435 1614 2483 lo-

277 2514 496 2576 quendo,
520 2512 666 2562 facile
692 2514 958 2578 superabit.
1030 2513 1201 2561 Nostri
1226 2513 1387 2561 minus
1412 2515 1614 2563 student

278 2591 450 2651 literis,
476 2610 622 2656 quarn
650 2593 846 2640 Latini:
875 2601 1041 2640 tamen
1067 2609 1129 2639 ex
1155 2592 1274 2648 istis,
1303 2609 1424 2655 quos
1444 2595 1613 2651 nostis,

280 2672 497 2729 urbanis,
522 2672 767 2735 inquibus
792 2671 1050 2718 minimum
1076 2679 1150 2718 est
1172 2671 1440 2728 literarum,
1468 2688 1616 2720 nemo

281 2759 373 2810 est,
413 2750 528 2815 quin
563 2750 948 2798 literatissimum
974 2757 1257 2814 togatorum
1284 2750 1523 2810 omnium,
1550 2751 1614 2808 Q.

283 2831 538 2880 Valerium
578 2832 838 2891 Soranum,
877 2830 1082 2880 lenitate
1124 2831 1278 2891 vocis,
1325 2839 1472 2896 atque
1509 2831 1616 2895 ipso

283 2911 380 2968 oris
403 2928 593 2976 pressu,
619 2919 670 2960 et
695 2927 816 2960 sono
840 2909 986 2967 facile
1010 2910 1192 2967 vincat.

1637 781 1718 821 42,

1640 1972 1722 2011 43.
