2071 3508
742 392 909 433 LIBER
939 391 1163 432 PRIMUS.
1579 395 1601 429 ξ)

275 522 387 555 men
406 504 660 570 pauciores
679 510 913 560 oratoreS,
939 517 1085 564 quam
1104 504 1299 565 poetae,
1323 499 1440 547 boni
1466 515 1603 562 repe-

275 585 475 632 rientur.
520 582 671 639 Quod
688 582 783 630 hoc
803 580 951 629 etiam
971 579 1239 628 mirabilius
1259 579 1410 626 debet
1427 577 1602 642 videri,
1638 590 1709 629 12.

273 663 386 726 quia
422 669 725 710 caeterarum
767 660 943 707 artium
987 659 1149 706 studia
1189 657 1293 706 fere
1335 656 1602 705 reconditis

272 748 419 805 atque
443 741 622 789 abditis
647 757 673 788 e
691 739 911 787 fontibus
935 738 1256 785 hauriuntur:
1297 736 1495 784 dicendi
1521 753 1602 783 au-

272 827 374 868 tem
400 820 558 868 omnis
582 819 707 867 ratio
731 819 781 865 in
807 817 970 865 medio
995 817 1168 881 posita,
1209 815 1459 863 communi
1485 831 1601 878 quo-

272 898 384 946 dam
410 899 459 946 in
486 916 595 958 usu,
620 907 767 963 atque
793 899 842 945 in
867 897 1121 945 hominum
1148 912 1282 943 more
1303 903 1352 943 et
1377 911 1601 942 sermone

271 985 519 1026 versatur:
572 986 628 1026 ut
676 978 726 1024 in
777 976 983 1025 caeteris
1024 975 1075 1022 id
1118 975 1330 1022 maxime
1372 973 1598 1029 excellat,

272 1056 404 1120 quod
428 1056 710 1122 longissime
736 1057 799 1105 sit
822 1058 882 1105 ab
907 1056 1246 1120 imperitorum
1272 1053 1603 1118 intelligentia

271 1151 513 1200 sensuque
546 1136 846 1200 disjunctum
866 1156 878 1195 3
919 1135 969 1182 in
995 1134 1210 1182 dicendo
1235 1141 1399 1181 autem
1425 1133 1600 1180 vitium

269 1213 348 1261 vel
381 1215 649 1262 maximum
683 1216 745 1262 sit
769 1231 797 1261 a
821 1213 1010 1278 vulgari
1033 1229 1216 1276 genere
1243 1212 1494 1269 orationis,
1531 1220 1599 1258 at-

271 1309 366 1356 que
414 1311 442 1341 a
487 1294 847 1341 consuetudine
895 1292 1169 1340 communis
1211 1306 1379 1338 sensus
1427 1289 1599 1337 abhor-

271 1387 393 1419 rere.

339 1449 420 1498 Ac
462 1467 524 1499 ne
570 1450 692 1498 illud
733 1449 932 1514 quidem
973 1465 1088 1496 vere
1137 1448 1235 1496 dici
1282 1455 1464 1512 potest,
1512 1456 1597 1495 aut
1631 1445 1694 1504 4.'

269 1527 431 1591 plures
457 1529 662 1576 caeteris
686 1529 871 1575 artibus
895 1528 1148 1585 inservire,
1185 1535 1269 1575 aut
1305 1526 1488 1591 majore
1515 1527 1596 1575 de-
1632 1541 1706 1579 13.

267 1603 548 1662 lectatione,
575 1613 661 1654 aut
680 1622 764 1670 spe
783 1607 1025 1662 uberiore,
1053 1614 1138 1654 aut
1155 1606 1383 1670 praemiis
1403 1605 1466 1653 ad
1489 1622 1597 1670 per-

267 1681 558 1732 discendum
577 1685 912 1749 amplioribus,
938 1685 1253 1733 commoveri.
1325 1684 1515 1749 Atque,
1540 1693 1597 1733 ut

266 1761 489 1809 omittam
498 1762 917 1827 Graeciam,quae
932 1780 1125 1828 semper
1138 1763 1450 1827 eloquentiae
1464 1763 1595 1828 prin-

266 1856 381 1905 ceps
401 1857 505 1890 esse
523 1841 698 1901 voluit,
723 1850 872 1906 atque
890 1842 996 1890 illas
1015 1843 1236 1890 omnium
1257 1843 1594 1892 doctrinarum

262 1919 562 1968 inventrices
593 1920 838 1979 Athenas,
874 1921 923 1968 in
957 1922 1134 1985 quibus
1170 1938 1360 1969 summa
1396 1922 1595 1970 dicendi

263 1999 336 2046 vis
361 2006 412 2047 et
435 1999 637 2048 inventa
661 2010 753 2058 est,
779 2009 830 2048 et
852 2000 1105 2064 perfecta:
1143 2001 1192 2047 in
1224 2001 1315 2048 hac
1346 2001 1450 2065 ipsa
1479 2001 1594 2048 civi-

263 2086 367 2127 tate
398 2080 624 2144 profecto
654 2080 787 2128 nulla
816 2097 1032 2145 unquam
1063 2080 1419 2138 vehementius,
1447 2099 1594 2145 quam

266 2158 596 2224 eloquentiae,
643 2160 807 2208 studia
857 2161 1138 2224 viguerunt.
1202 2161 1357 2208 *Nam
1405 2171 1594 2226 postea·
1630 2181 1702 2220 14,

265 2255 430 2302 quam,
467 2239 672 2304 imperio
697 2240 917 2292 omnium
941 2239 1166 2303 gentium
1194 2241 1487 2301 constituto,
1524 2244 1593 2291 di-

263 2319 508 2366 uturnitas
544 2319 679 2383 pacis
718 2319 873 2366 otium
917 2318 1239 2376 confirmavit,
1292 2337 1438 2370 nemo
1486 2323 1591 2373 fere

261 2397 420 2446 laudis
462 2398 671 2462 cupidus
712 2398 998 2446 adolescens
1045 2415 1144 2445 non
1188 2400 1278 2447 sibi
1319 2401 1382 2448 ad
1424 2403 1591 2451 dicen-

263 2476 381 2524 dum
407 2477 571 2525 studio
590 2477 723 2525 omni
743 2478 1032 2525 enitendum
1052 2479 1260 2541 putavit.
1332 2480 1412 2528 Ac
1430 2482 1590 2546 primo

263 2557 464 2621 quidem
502 2557 653 2605 totius
692 2557 892 2604 rationis
924 2557 1101 2621 ignari,
1138 2559 1219 2622 qui
1253 2575 1413 2624 neque
1453 2578 1591 2611 exer-

263 2636 511 2684 citationis
532 2635 680 2683 ullam
699 2637 846 2694 viam,
872 2653 1032 2700 neque
1052 2637 1250 2700 aliquod
1268 2649 1589 2704 praeceptum

261 2714 378 2763 artis
413 2730 518 2761 esse
554 2714 941 2773 arbitrarentur-3
984 2723 1195 2774 tantum,
1238 2725 1475 2779 quantum
1518 2720 1590 2767 iu-

261 2792 410 2858 genio
442 2799 493 2840 et
525 2792 827 2856 cogitatione
858 2801 1106 2857 poterant,
1144 2798 1586 2859 consequebantur.

264 2872 380 2921 Post
404 2881 588 2932 autem,
613 2871 792 2921 auditis
811 2873 1084 2922 oratoribus
1109 2873 1336 2934 GracciS,
1361 2878 1593 2940 coguitis-

1128 2970 1157 2999 A
1185 2963 1213 3000 3
