<?xml version="1.0" encoding="UTF-8"?>
<!DOCTYPE html PUBLIC "-//W3C//DTD XHTML 1.0 Transitional//EN"
    "http://www.w3.org/TR/xhtml1/DTD/xhtml1-transitional.dtd">
<html xmlns="http://www.w3.org/1999/xhtml" xml:lang="en" lang="en">
 <head>
  <title>
</title>
<meta http-equiv="Content-Type" content="text/html;charset=utf-8" />
  <meta name='ocr-system' content='tesseract 3.04.00' />
  <meta name='ocr-capabilities' content='ocr_page ocr_carea ocr_par ocr_line ocrx_word'/>
</head>
<body>
  <div class='ocr_page' id='page_1' title='image "./deoratorelibrit00ciceuoft_0353.png"; bbox 0 0 2071 3508; ppageno 0'>
   <div class='ocr_carea' id='block_1_1' title="bbox 0 1438 3 2130">
    <p class='ocr_par' dir='ltr' id='par_1_1' title="bbox 0 1438 3 2130">
     <span class='ocr_line' id='line_1_1' title="bbox 0 1438 3 2130; baseline 0 0"><span class='ocrx_word' id='word_1_1' title='bbox 0 1438 3 2130; x_wconf 95' lang='lat' dir='ltr'><strong> </strong></span> 
     </span>
    </p>
   </div>
   <div class='ocr_carea' id='block_1_2' title="bbox 744 407 1596 451">
    <p class='ocr_par' dir='ltr' id='par_1_2' title="bbox 744 407 1596 451">
     <span class='ocr_line' id='line_1_2' title="bbox 744 407 1596 451; baseline 0.005 -4"><span class='ocrx_word' id='word_1_2' title='bbox 744 407 1116 448; x_wconf 89' lang='lat' dir='ltr'><strong>ORATORIBUS.</strong></span> <span class='ocrx_word' id='word_1_3' title='bbox 1517 414 1596 451; x_wconf 64' lang='lat'><strong>345</strong></span> 
     </span>
    </p>
   </div>
   <div class='ocr_carea' id='block_1_3' title="bbox 216 514 1750 2971">
    <p class='ocr_par' dir='ltr' id='par_1_3' title="bbox 260 514 1608 1694">
     <span class='ocr_line' id='line_1_3' title="bbox 266 514 1598 583; baseline 0.002 -17"><span class='ocrx_word' id='word_1_4' title='bbox 266 536 363 579; x_wconf 88' lang='lat' dir='ltr'><strong>res,</strong></span> <span class='ocrx_word' id='word_1_5' title='bbox 389 535 503 568; x_wconf 90' lang='lat' dir='ltr'><strong>cum</strong></span> <span class='ocrx_word' id='word_1_6' title='bbox 528 534 617 583; x_wconf 89' lang='lat' dir='ltr'><strong>pro</strong></span> <span class='ocrx_word' id='word_1_7' title='bbox 636 532 720 564; x_wconf 91' lang='lat' dir='ltr'><strong>reo</strong></span> <span class='ocrx_word' id='word_1_8' title='bbox 737 516 943 564; x_wconf 80' lang='lat' dir='ltr'><strong>diceret.</strong></span> <span class='ocrx_word' id='word_1_9' title='bbox 997 515 1111 563; x_wconf 91' lang='lat' dir='ltr'><strong>Hoc</strong></span> <span class='ocrx_word' id='word_1_10' title='bbox 1132 514 1332 564; x_wconf 85' lang='lat' dir='ltr'><strong>dicendi</strong></span> <span class='ocrx_word' id='word_1_11' title='bbox 1357 533 1514 581; x_wconf 83' lang='lat' dir='ltr'><strong>genus</strong></span> <span class='ocrx_word' id='word_1_12' title='bbox 1534 520 1598 568; x_wconf 84' lang='lat' dir='ltr'><strong>ad</strong></span> 
     </span>
     <span class='ocr_line' id='line_1_4' title="bbox 264 594 1599 665; baseline -0.001 -18"><span class='ocrx_word' id='word_1_13' title='bbox 264 598 538 665; x_wconf 88' lang='lat' dir='ltr'><strong>patrocinia</strong></span> <span class='ocrx_word' id='word_1_14' title='bbox 563 595 884 661; x_wconf 67' lang='lat' dir='ltr'>mediocriter</span> <span class='ocrx_word' id='word_1_15' title='bbox 908 603 1079 660; x_wconf 89' lang='lat' dir='ltr'><strong>aptum</strong></span> <span class='ocrx_word' id='word_1_16' title='bbox 1109 594 1400 644; x_wconf 84' lang='lat' dir='ltr'><strong>videbatur:</strong></span> <span class='ocrx_word' id='word_1_17' title='bbox 1439 596 1503 644; x_wconf 87' lang='lat' dir='ltr'><strong>ad</strong></span> <span class='ocrx_word' id='word_1_18' title='bbox 1528 615 1599 646; x_wconf 87' lang='lat' dir='ltr'><strong>se-</strong></span> 
     </span>
     <span class='ocr_line' id='line_1_5' title="bbox 264 674 1600 741; baseline -0.004 -14"><span class='ocrx_word' id='word_1_19' title='bbox 264 677 504 727; x_wconf 88' lang='lat' dir='ltr'><strong>natoriam</strong></span> <span class='ocrx_word' id='word_1_20' title='bbox 530 691 647 724; x_wconf 89' lang='lat' dir='ltr'><strong>vero</strong></span> <span class='ocrx_word' id='word_1_21' title='bbox 672 675 991 734; x_wconf 87' lang='lat' dir='ltr'><strong>sententiam,</strong></span> <span class='ocrx_word' id='word_1_22' title='bbox 1034 674 1173 739; x_wconf 89' lang='lat' dir='ltr'><strong>cujus</strong></span> <span class='ocrx_word' id='word_1_23' title='bbox 1210 683 1315 723; x_wconf 89' lang='lat' dir='ltr'><strong>erat</strong></span> <span class='ocrx_word' id='word_1_24' title='bbox 1350 674 1433 724; x_wconf 90' lang='lat' dir='ltr'><strong>ille</strong></span> <span class='ocrx_word' id='word_1_25' title='bbox 1468 676 1600 741; x_wconf 80' lang='lat' dir='ltr'><strong>prin.</strong></span> 
     </span>
     <span class='ocr_line' id='line_1_6' title="bbox 263 754 1603 820; baseline -0.001 -15"><span class='ocrx_word' id='word_1_26' title='bbox 263 773 400 820; x_wconf 89' lang='lat' dir='ltr'><strong>ceps,</strong></span> <span class='ocrx_word' id='word_1_27' title='bbox 435 755 514 803; x_wconf 87' lang='lat' dir='ltr'><strong>vel</strong></span> <span class='ocrx_word' id='word_1_28' title='bbox 550 755 780 803; x_wconf 84' lang='lat' dir='ltr'><strong>maxime.</strong></span> <span class='ocrx_word' id='word_1_29' title='bbox 852 754 1173 819; x_wconf 84' lang='lat' dir='ltr'><strong>Significabat</strong></span> <span class='ocrx_word' id='word_1_30' title='bbox 1206 755 1338 803; x_wconf 89' lang='lat' dir='ltr'><strong>enim</strong></span> <span class='ocrx_word' id='word_1_31' title='bbox 1364 771 1464 803; x_wconf 92' lang='lat' dir='ltr'><strong>non</strong></span> <span class='ocrx_word' id='word_1_32' title='bbox 1487 773 1603 820; x_wconf 89' lang='lat' dir='ltr'><strong>pru-</strong></span> 
     </span>
     <span class='ocr_line' id='line_1_7' title="bbox 262 834 1603 900; baseline 0.002 -18"><span class='ocrx_word' id='word_1_33' title='bbox 262 834 483 882; x_wconf 83' lang='lat' dir='ltr'><strong>dentiam</strong></span> <span class='ocrx_word' id='word_1_34' title='bbox 509 834 686 896; x_wconf 89' lang='lat' dir='ltr'><strong>solum,</strong></span> <span class='ocrx_word' id='word_1_35' title='bbox 719 835 824 894; x_wconf 90' lang='lat' dir='ltr'><strong>sed,</strong></span> <span class='ocrx_word' id='word_1_36' title='bbox 850 835 985 900; x_wconf 90' lang='lat' dir='ltr'><strong>quod</strong></span> <span class='ocrx_word' id='word_1_37' title='bbox 1009 835 1223 884; x_wconf 84' lang='lat' dir='ltr'><strong>maxime</strong></span> <span class='ocrx_word' id='word_1_38' title='bbox 1249 852 1353 884; x_wconf 90' lang='lat' dir='ltr'><strong>rem</strong></span> <span class='ocrx_word' id='word_1_39' title='bbox 1380 836 1603 885; x_wconf 90' lang='lat' dir='ltr'><strong>contine-</strong></span> 
     </span>
     <span class='ocr_line' id='line_1_8' title="bbox 260 912 1606 980; baseline 0.004 -20"><span class='ocrx_word' id='word_1_40' title='bbox 260 912 362 969; x_wconf 88' lang='lat' dir='ltr'><strong>bat,</strong></span> <span class='ocrx_word' id='word_1_41' title='bbox 389 913 554 962; x_wconf 91' lang='lat' dir='ltr'><strong>fidem.</strong></span> <span class='ocrx_word' id='word_1_42' title='bbox 629 915 865 963; x_wconf 83' lang='lat' dir='ltr'><strong>Habebat</strong></span> <span class='ocrx_word' id='word_1_43' title='bbox 889 915 985 963; x_wconf 90' lang='lat' dir='ltr'><strong>hoc</strong></span> <span class='ocrx_word' id='word_1_44' title='bbox 1017 933 1045 964; x_wconf 89' lang='lat' dir='ltr'><strong>a</strong></span> <span class='ocrx_word' id='word_1_45' title='bbox 1068 924 1245 964; x_wconf 88' lang='lat' dir='ltr'><strong>natura</strong></span> <span class='ocrx_word' id='word_1_46' title='bbox 1268 916 1391 980; x_wconf 89' lang='lat' dir='ltr'><strong>ipsa,</strong></span> <span class='ocrx_word' id='word_1_47' title='bbox 1417 916 1550 980; x_wconf 91' lang='lat' dir='ltr'><strong>quod</strong></span> <span class='ocrx_word' id='word_1_48' title='bbox 1576 935 1606 965; x_wconf 87' lang='lat' dir='ltr'><strong>a</strong></span> 
     </span>
     <span class='ocr_line' id='line_1_9' title="bbox 261 992 1604 1061; baseline 0.003 -21"><span class='ocrx_word' id='word_1_49' title='bbox 261 992 492 1041; x_wconf 86' lang='lat' dir='ltr'><strong>doctrina</strong></span> <span class='ocrx_word' id='word_1_50' title='bbox 538 1011 640 1042; x_wconf 91' lang='lat' dir='ltr'><strong>non</strong></span> <span class='ocrx_word' id='word_1_51' title='bbox 687 994 834 1043; x_wconf 89' lang='lat' dir='ltr'><strong>facile</strong></span> <span class='ocrx_word' id='word_1_52' title='bbox 875 1003 1073 1060; x_wconf 85' lang='lat' dir='ltr'><strong>posset:</strong></span> <span class='ocrx_word' id='word_1_53' title='bbox 1130 1012 1411 1060; x_wconf 85' lang='lat' dir='ltr'><strong>quanquam</strong></span> <span class='ocrx_word' id='word_1_54' title='bbox 1459 995 1604 1061; x_wconf 85' lang='lat' dir='ltr'><strong>hujus</strong></span> 
     </span>
     <span class='ocr_line' id='line_1_10' title="bbox 261 1072 1606 1140; baseline 0.004 -21"><span class='ocrx_word' id='word_1_55' title='bbox 261 1088 460 1136; x_wconf 90' lang='lat' dir='ltr'><strong>quoque</strong></span> <span class='ocrx_word' id='word_1_56' title='bbox 486 1072 637 1137; x_wconf 89' lang='lat' dir='ltr'><strong>ipsius</strong></span> <span class='ocrx_word' id='word_1_57' title='bbox 653 1074 743 1132; x_wconf 90' lang='lat' dir='ltr'><strong>rei,</strong></span> <span class='ocrx_word' id='word_1_58' title='bbox 762 1073 1185 1137; x_wconf 85' lang='lat' dir='ltr'><strong>quemadmodum</strong></span> <span class='ocrx_word' id='word_1_59' title='bbox 1205 1074 1318 1133; x_wconf 87' lang='lat' dir='ltr'><strong>scis,</strong></span> <span class='ocrx_word' id='word_1_60' title='bbox 1336 1083 1606 1140; x_wconf 89' lang='lat' dir='ltr'><strong>praecepta</strong></span> 
     </span>
     <span class='ocr_line' id='line_1_11' title="bbox 261 1152 1602 1216; baseline 0.004 -18"><span class='ocrx_word' id='word_1_61' title='bbox 261 1159 395 1200; x_wconf 85' lang='lat' dir='ltr'><strong>sunt.</strong></span> <span class='ocrx_word' id='word_1_62' title='bbox 468 1152 634 1216; x_wconf 85' lang='lat' dir='ltr'><strong>Hujus</strong></span> <span class='ocrx_word' id='word_1_63' title='bbox 679 1161 730 1200; x_wconf 91' lang='lat' dir='ltr'><strong>et</strong></span> <span class='ocrx_word' id='word_1_64' title='bbox 772 1153 1019 1200; x_wconf 89' lang='lat' dir='ltr'><strong>orationes</strong></span> <span class='ocrx_word' id='word_1_65' title='bbox 1062 1160 1192 1210; x_wconf 89' lang='lat' dir='ltr'><strong>sunt,</strong></span> <span class='ocrx_word' id='word_1_66' title='bbox 1232 1161 1282 1200; x_wconf 93' lang='lat' dir='ltr'><strong>et</strong></span> <span class='ocrx_word' id='word_1_67' title='bbox 1317 1161 1417 1201; x_wconf 88' lang='lat' dir='ltr'><strong>tres</strong></span> <span class='ocrx_word' id='word_1_68' title='bbox 1454 1154 1517 1202; x_wconf 92' lang='lat' dir='ltr'><strong>ad</strong></span> <span class='ocrx_word' id='word_1_69' title='bbox 1541 1155 1602 1203; x_wconf 91' lang='lat' dir='ltr'><strong>L.</strong></span> 
     </span>
     <span class='ocr_line' id='line_1_12' title="bbox 262 1230 1604 1296; baseline 0.004 -18"><span class='ocrx_word' id='word_1_70' title='bbox 262 1230 512 1279; x_wconf 87' lang='lat' dir='ltr'><strong>Fufidium</strong></span> <span class='ocrx_word' id='word_1_71' title='bbox 554 1231 665 1280; x_wconf 91' lang='lat' dir='ltr'>libri</span> <span class='ocrx_word' id='word_1_72' title='bbox 709 1231 878 1296; x_wconf 88' lang='lat' dir='ltr'><strong>scripti</strong></span> <span class='ocrx_word' id='word_1_73' title='bbox 920 1232 982 1279; x_wconf 92' lang='lat' dir='ltr'><strong>de</strong></span> <span class='ocrx_word' id='word_1_74' title='bbox 1018 1232 1121 1279; x_wconf 89' lang='lat' dir='ltr'><strong>vita</strong></span> <span class='ocrx_word' id='word_1_75' title='bbox 1145 1232 1295 1296; x_wconf 88' lang='lat' dir='ltr'><strong>ipsius</strong></span> <span class='ocrx_word' id='word_1_76' title='bbox 1320 1241 1450 1292; x_wconf 90' lang='lat' dir='ltr'><strong>acta,</strong></span> <span class='ocrx_word' id='word_1_77' title='bbox 1488 1251 1604 1284; x_wconf 88' lang='lat' dir='ltr'><strong>sane</strong></span> 
     </span>
     <span class='ocr_line' id='line_1_13' title="bbox 264 1309 1605 1376; baseline 0.003 -19"><span class='ocrx_word' id='word_1_78' title='bbox 264 1309 430 1370; x_wconf 88' lang='lat' dir='ltr'><strong>utiles,</strong></span> <span class='ocrx_word' id='word_1_79' title='bbox 456 1327 580 1374; x_wconf 90' lang='lat' dir='ltr'><strong>quos</strong></span> <span class='ocrx_word' id='word_1_80' title='bbox 604 1327 753 1358; x_wconf 90' lang='lat' dir='ltr'><strong>nemo</strong></span> <span class='ocrx_word' id='word_1_81' title='bbox 777 1310 918 1374; x_wconf 86' lang='lat' dir='ltr'><strong>legit.</strong></span> <span class='ocrx_word' id='word_1_82' title='bbox 992 1310 1066 1358; x_wconf 95' lang='lat' dir='ltr'><strong>At</strong></span> <span class='ocrx_word' id='word_1_83' title='bbox 1102 1310 1220 1376; x_wconf 86' lang='lat' dir='ltr'><strong>Cyri</strong></span> <span class='ocrx_word' id='word_1_84' title='bbox 1254 1311 1408 1359; x_wconf 82' lang='lat' dir='ltr'><strong>vitam</strong></span> <span class='ocrx_word' id='word_1_85' title='bbox 1434 1320 1485 1361; x_wconf 91' lang='lat' dir='ltr'><strong>et</strong></span> <span class='ocrx_word' id='word_1_86' title='bbox 1510 1313 1605 1361; x_wconf 92' lang='lat' dir='ltr'><strong>dis-</strong></span> 
     </span>
     <span class='ocr_line' id='line_1_14' title="bbox 264 1390 1606 1456; baseline 0.003 -19"><span class='ocrx_word' id='word_1_87' title='bbox 264 1390 499 1455; x_wconf 88' lang='lat' dir='ltr'><strong>ciplinam</strong></span> <span class='ocrx_word' id='word_1_88' title='bbox 524 1392 719 1456; x_wconf 84' lang='lat' dir='ltr'><strong>legunt,</strong></span> <span class='ocrx_word' id='word_1_89' title='bbox 760 1390 1064 1456; x_wconf 88' lang='lat' dir='ltr'><strong>praeclaram</strong></span> <span class='ocrx_word' id='word_1_90' title='bbox 1100 1390 1232 1439; x_wconf 90' lang='lat' dir='ltr'><strong>illam</strong></span> <span class='ocrx_word' id='word_1_91' title='bbox 1259 1391 1479 1455; x_wconf 89' lang='lat' dir='ltr'><strong>quidem,</strong></span> <span class='ocrx_word' id='word_1_92' title='bbox 1517 1394 1606 1441; x_wconf 90' lang='lat' dir='ltr'><strong>sed</strong></span> 
     </span>
     <span class='ocr_line' id='line_1_15' title="bbox 263 1471 1606 1535; baseline 0.002 -18"><span class='ocrx_word' id='word_1_93' title='bbox 263 1485 428 1534; x_wconf 88' lang='lat' dir='ltr'><strong>neque</strong></span> <span class='ocrx_word' id='word_1_94' title='bbox 444 1480 546 1519; x_wconf 86' lang='lat' dir='ltr'><strong>tam</strong></span> <span class='ocrx_word' id='word_1_95' title='bbox 567 1472 713 1519; x_wconf 90' lang='lat' dir='ltr'><strong>rebus</strong></span> <span class='ocrx_word' id='word_1_96' title='bbox 734 1471 912 1518; x_wconf 85' lang='lat' dir='ltr'><strong>nostris</strong></span> <span class='ocrx_word' id='word_1_97' title='bbox 932 1478 1116 1535; x_wconf 83' lang='lat' dir='ltr'><strong>aptam,</strong></span> <span class='ocrx_word' id='word_1_98' title='bbox 1133 1487 1227 1518; x_wconf 93' lang='lat' dir='ltr'><strong>nec</strong></span> <span class='ocrx_word' id='word_1_99' title='bbox 1245 1478 1414 1520; x_wconf 87' lang='lat' dir='ltr'><strong>tamen</strong></span> <span class='ocrx_word' id='word_1_100' title='bbox 1435 1471 1606 1520; x_wconf 85' lang='lat' dir='ltr'><strong>Scauri</strong></span> 
     </span>
     <span class='ocr_line' id='line_1_16' title="bbox 264 1547 1608 1614; baseline 0.003 -19"><span class='ocrx_word' id='word_1_101' title='bbox 264 1547 495 1598; x_wconf 84' lang='lat' dir='ltr'><strong>laudibus</strong></span> <span class='ocrx_word' id='word_1_102' title='bbox 538 1549 957 1614; x_wconf 88' lang='lat' dir='ltr'><strong>anteponendam.</strong></span> <span class='ocrx_word' id='word_1_103' title='bbox 1031 1550 1144 1613; x_wconf 94' lang='lat' dir='ltr'><strong>Ipse</strong></span> <span class='ocrx_word' id='word_1_104' title='bbox 1187 1549 1337 1598; x_wconf 88' lang='lat' dir='ltr'><strong>etiam</strong></span> <span class='ocrx_word' id='word_1_105' title='bbox 1385 1550 1608 1599; x_wconf 87' lang='lat' dir='ltr'><strong>Fufidius</strong></span> 
     </span>
     <span class='ocr_line' id='line_1_17' title="bbox 264 1627 1222 1694; baseline 0.003 -20"><span class='ocrx_word' id='word_1_106' title='bbox 264 1627 316 1675; x_wconf 91' lang='lat' dir='ltr'><strong>in</strong></span> <span class='ocrx_word' id='word_1_107' title='bbox 342 1628 507 1694; x_wconf 91' lang='lat' dir='ltr'><strong>aliquo</strong></span> <span class='ocrx_word' id='word_1_108' title='bbox 531 1637 853 1694; x_wconf 89' lang='lat' dir='ltr'><strong>patronorum</strong></span> <span class='ocrx_word' id='word_1_109' title='bbox 878 1645 1086 1677; x_wconf 90' lang='lat' dir='ltr'><strong>numero</strong></span> <span class='ocrx_word' id='word_1_110' title='bbox 1110 1628 1222 1677; x_wconf 90' lang='lat' dir='ltr'><strong>fuit.</strong></span> 
     </span>
    </p>

    <p class='ocr_par' dir='ltr' id='par_1_4' title="bbox 266 1708 1750 1853">
     <span class='ocr_line' id='line_1_18' title="bbox 335 1708 1750 1776; baseline 0.002 -20"><span class='ocrx_word' id='word_1_111' title='bbox 335 1708 555 1756; x_wconf 89' lang='lat' dir='ltr'><strong>Rutilius</strong></span> <span class='ocrx_word' id='word_1_112' title='bbox 580 1717 748 1757; x_wconf 85' lang='lat' dir='ltr'><strong>autem</strong></span> <span class='ocrx_word' id='word_1_113' title='bbox 780 1709 831 1756; x_wconf 92' lang='lat' dir='ltr'><strong>in</strong></span> <span class='ocrx_word' id='word_1_114' title='bbox 858 1709 1073 1773; x_wconf 83' lang='lat' dir='ltr'><strong>quodam</strong></span> <span class='ocrx_word' id='word_1_115' title='bbox 1099 1709 1226 1757; x_wconf 89' lang='lat' dir='ltr'><strong>tristi</strong></span> <span class='ocrx_word' id='word_1_116' title='bbox 1252 1717 1303 1758; x_wconf 90' lang='lat' dir='ltr'><strong>et</strong></span> <span class='ocrx_word' id='word_1_117' title='bbox 1328 1727 1498 1759; x_wconf 82' lang='lat' dir='ltr'><strong>severo</strong></span> <span class='ocrx_word' id='word_1_118' title='bbox 1523 1728 1606 1776; x_wconf 83' lang='lat' dir='ltr'><strong>ge·</strong></span> <span class='ocrx_word' id='word_1_119' title='bbox 1644 1708 1750 1768; x_wconf 70' lang='lat'><strong>30,</strong></span> 
     </span>
     <span class='ocr_line' id='line_1_19' title="bbox 266 1787 1607 1853; baseline 0.003 -18"><span class='ocrx_word' id='word_1_120' title='bbox 266 1803 385 1836; x_wconf 87' lang='lat' dir='ltr'><strong>nere</strong></span> <span class='ocrx_word' id='word_1_121' title='bbox 412 1787 614 1836; x_wconf 91' lang='lat' dir='ltr'><strong>dicendi</strong></span> <span class='ocrx_word' id='word_1_122' title='bbox 639 1797 860 1837; x_wconf 84' lang='lat' dir='ltr'><strong>versatus</strong></span> <span class='ocrx_word' id='word_1_123' title='bbox 885 1797 978 1847; x_wconf 87' lang='lat' dir='ltr'><strong>est,</strong></span> <span class='ocrx_word' id='word_1_124' title='bbox 1018 1796 1068 1836; x_wconf 88' lang='lat' dir='ltr'><strong>et</strong></span> <span class='ocrx_word' id='word_1_125' title='bbox 1092 1797 1302 1853; x_wconf 88' lang='lat' dir='ltr'><strong>uterque</strong></span> <span class='ocrx_word' id='word_1_126' title='bbox 1326 1798 1503 1838; x_wconf 86' lang='lat' dir='ltr'><strong>natura</strong></span> <span class='ocrx_word' id='word_1_127' title='bbox 1526 1808 1607 1839; x_wconf 79' lang='lat' dir='ltr'><strong>ve-</strong></span> 
     </span>
    </p>

    <p class='ocr_par' dir='ltr' id='par_1_5' title="bbox 216 1867 1678 2971">
     <span class='ocr_line' id='line_1_20' title="bbox 263 1867 1606 1932; baseline 0.003 -18"><span class='ocrx_word' id='word_1_128' title='bbox 263 1867 470 1916; x_wconf 87' lang='lat' dir='ltr'><strong>hemens</strong></span> <span class='ocrx_word' id='word_1_129' title='bbox 510 1877 561 1917; x_wconf 88' lang='lat' dir='ltr'><strong>et</strong></span> <span class='ocrx_word' id='word_1_130' title='bbox 599 1886 728 1918; x_wconf 84' lang='lat' dir='ltr'><strong>acer.</strong></span> <span class='ocrx_word' id='word_1_131' title='bbox 801 1869 978 1932; x_wconf 89' lang='lat' dir='ltr'><strong>Itaque</strong></span> <span class='ocrx_word' id='word_1_132' title='bbox 1018 1885 1132 1916; x_wconf 91' lang='lat' dir='ltr'><strong>cum</strong></span> <span class='ocrx_word' id='word_1_133' title='bbox 1171 1885 1268 1916; x_wconf 91' lang='lat' dir='ltr'><strong>una</strong></span> <span class='ocrx_word' id='word_1_134' title='bbox 1294 1869 1606 1918; x_wconf 88' lang='lat' dir='ltr'><strong>consulatum</strong></span> 
     </span>
     <span class='ocr_line' id='line_1_21' title="bbox 216 1934 1678 2013; baseline 0.003 -18"><span class='ocrx_word' id='word_1_135' title='bbox 216 1934 222 1942; x_wconf 55' lang='grc'>’</span> <span class='ocrx_word' id='word_1_136' title='bbox 265 1948 577 2011; x_wconf 84' lang='lat' dir='ltr'><strong>petivissent,</strong></span> <span class='ocrx_word' id='word_1_137' title='bbox 594 1965 695 1996; x_wconf 92' lang='lat' dir='ltr'><strong>non</strong></span> <span class='ocrx_word' id='word_1_138' title='bbox 720 1948 801 1996; x_wconf 91' lang='lat' dir='ltr'><strong>ille</strong></span> <span class='ocrx_word' id='word_1_139' title='bbox 829 1949 1005 2008; x_wconf 92' lang='lat' dir='ltr'><strong>solum,</strong></span> <span class='ocrx_word' id='word_1_140' title='bbox 1026 1949 1109 2013; x_wconf 91' lang='lat' dir='ltr'><strong>qui</strong></span> <span class='ocrx_word' id='word_1_141' title='bbox 1134 1948 1379 2013; x_wconf 81' lang='lat' dir='ltr'><strong>repulsam</strong></span> <span class='ocrx_word' id='word_1_142' title='bbox 1405 1950 1607 2011; x_wconf 85' lang='lat' dir='ltr'><strong>tulerat,</strong></span> <span class='ocrx_word' id='word_1_143' title='bbox 1634 1942 1678 1959; x_wconf 70' lang='lat'><strong>‘⁶’</strong></span> 
     </span>
     <span class='ocr_line' id='line_1_22' title="bbox 267 2028 1607 2093; baseline 0.002 -18"><span class='ocrx_word' id='word_1_144' title='bbox 267 2028 522 2075; x_wconf 85' lang='lat' dir='ltr'><strong>accusavit</strong></span> <span class='ocrx_word' id='word_1_145' title='bbox 574 2028 786 2076; x_wconf 88' lang='lat' dir='ltr'><strong>ambitus</strong></span> <span class='ocrx_word' id='word_1_146' title='bbox 846 2028 1160 2093; x_wconf 78' lang='lat' dir='ltr'><strong>designatum</strong></span> <span class='ocrx_word' id='word_1_147' title='bbox 1209 2030 1607 2093; x_wconf 86' lang='lat' dir='ltr'><strong>competitorem,</strong></span> 
     </span>
     <span class='ocr_line' id='line_1_23' title="bbox 270 2107 1610 2174; baseline 0.001 -19"><span class='ocrx_word' id='word_1_148' title='bbox 270 2107 358 2155; x_wconf 85' lang='lat' dir='ltr'><strong>sed</strong></span> <span class='ocrx_word' id='word_1_149' title='bbox 383 2107 594 2156; x_wconf 87' lang='lat' dir='ltr'><strong>Scaurus</strong></span> <span class='ocrx_word' id='word_1_150' title='bbox 632 2108 781 2155; x_wconf 85' lang='lat' dir='ltr'><strong>etiam</strong></span> <span class='ocrx_word' id='word_1_151' title='bbox 807 2107 1060 2155; x_wconf 88' lang='lat' dir='ltr'><strong>absolutus</strong></span> <span class='ocrx_word' id='word_1_152' title='bbox 1088 2107 1334 2156; x_wconf 83' lang='lat' dir='ltr'><strong>Rutilium</strong></span> <span class='ocrx_word' id='word_1_153' title='bbox 1360 2110 1410 2156; x_wconf 90' lang='lat' dir='ltr'><strong>in</strong></span> <span class='ocrx_word' id='word_1_154' title='bbox 1426 2109 1610 2174; x_wconf 90' lang='lat' dir='ltr'><strong>judici-</strong></span> 
     </span>
     <span class='ocr_line' id='line_1_24' title="bbox 271 2186 1609 2252; baseline 0.002 -17"><span class='ocrx_word' id='word_1_155' title='bbox 271 2204 355 2235; x_wconf 90' lang='lat' dir='ltr'><strong>um</strong></span> <span class='ocrx_word' id='word_1_156' title='bbox 380 2188 610 2235; x_wconf 87' lang='lat' dir='ltr'><strong>vocavit:</strong></span> <span class='ocrx_word' id='word_1_157' title='bbox 650 2186 905 2250; x_wconf 86' lang='lat' dir='ltr'><strong>multaque</strong></span> <span class='ocrx_word' id='word_1_158' title='bbox 948 2204 1116 2251; x_wconf 89' lang='lat' dir='ltr'><strong>opera,</strong></span> <span class='ocrx_word' id='word_1_159' title='bbox 1152 2187 1406 2252; x_wconf 88' lang='lat' dir='ltr'><strong>multaque</strong></span> <span class='ocrx_word' id='word_1_160' title='bbox 1442 2189 1609 2238; x_wconf 83' lang='lat' dir='ltr'><strong>indus-</strong></span> 
     </span>
     <span class='ocr_line' id='line_1_25' title="bbox 270 2265 1608 2333; baseline 0.002 -19"><span class='ocrx_word' id='word_1_161' title='bbox 270 2267 364 2315; x_wconf 89' lang='lat' dir='ltr'><strong>tria</strong></span> <span class='ocrx_word' id='word_1_162' title='bbox 407 2266 626 2315; x_wconf 89' lang='lat' dir='ltr'><strong>Rutilius</strong></span> <span class='ocrx_word' id='word_1_163' title='bbox 662 2265 775 2325; x_wconf 91' lang='lat' dir='ltr'><strong>fuit,</strong></span> <span class='ocrx_word' id='word_1_164' title='bbox 815 2283 940 2330; x_wconf 91' lang='lat' dir='ltr'><strong>quae</strong></span> <span class='ocrx_word' id='word_1_165' title='bbox 977 2274 1083 2314; x_wconf 89' lang='lat' dir='ltr'><strong>erat</strong></span> <span class='ocrx_word' id='word_1_166' title='bbox 1116 2274 1380 2331; x_wconf 88' lang='lat' dir='ltr'><strong>propterea</strong></span> <span class='ocrx_word' id='word_1_167' title='bbox 1402 2269 1608 2333; x_wconf 86' lang='lat' dir='ltr'><strong>gratior,</strong></span> 
     </span>
     <span class='ocr_line' id='line_1_26' title="bbox 270 2345 1609 2411; baseline 0.001 -17"><span class='ocrx_word' id='word_1_168' title='bbox 270 2346 405 2410; x_wconf 91' lang='lat' dir='ltr'><strong>quod</strong></span> <span class='ocrx_word' id='word_1_169' title='bbox 430 2347 563 2394; x_wconf 92' lang='lat' dir='ltr'><strong>idem</strong></span> <span class='ocrx_word' id='word_1_170' title='bbox 589 2362 826 2410; x_wconf 84' lang='lat' dir='ltr'><strong>magnum</strong></span> <span class='ocrx_word' id='word_1_171' title='bbox 851 2362 1030 2393; x_wconf 90' lang='lat' dir='ltr'><strong>munus</strong></span> <span class='ocrx_word' id='word_1_172' title='bbox 1055 2345 1117 2394; x_wconf 89' lang='lat' dir='ltr'><strong>de</strong></span> <span class='ocrx_word' id='word_1_173' title='bbox 1134 2345 1248 2410; x_wconf 85' lang='lat' dir='ltr'><strong>jure</strong></span> <span class='ocrx_word' id='word_1_174' title='bbox 1272 2347 1609 2411; x_wconf 88' lang='lat' dir='ltr'><strong>respondendi</strong></span> 
     </span>
     <span class='ocr_line' id='line_1_27' title="bbox 271 2425 1609 2490; baseline 0.001 -16"><span class='ocrx_word' id='word_1_175' title='bbox 271 2427 562 2475; x_wconf 84' lang='lat' dir='ltr'><strong>sustinebat.</strong></span> <span class='ocrx_word' id='word_1_176' title='bbox 634 2426 761 2475; x_wconf 91' lang='lat' dir='ltr'><strong>Sunt</strong></span> <span class='ocrx_word' id='word_1_177' title='bbox 786 2425 889 2490; x_wconf 86' lang='lat' dir='ltr'><strong>ejus</strong></span> <span class='ocrx_word' id='word_1_178' title='bbox 915 2426 1161 2474; x_wconf 84' lang='lat' dir='ltr'><strong>orationes</strong></span> <span class='ocrx_word' id='word_1_179' title='bbox 1177 2425 1379 2490; x_wconf 85' lang='lat' dir='ltr'><strong>jejunae</strong></span> <span class='ocrx_word' id='word_1_180' title='bbox 1403 2445 1413 2475; x_wconf 77' lang='lat' dir='ltr'><strong><em>z</em></strong></span> <span class='ocrx_word' id='word_1_181' title='bbox 1452 2428 1609 2477; x_wconf 86' lang='lat' dir='ltr'><strong>multa</strong></span> 
     </span>
     <span class='ocr_line' id='line_1_28' title="bbox 272 2504 1609 2571; baseline 0.002 -19"><span class='ocrx_word' id='word_1_182' title='bbox 272 2505 526 2571; x_wconf 87' lang='lat' dir='ltr'><strong>praeclara</strong></span> <span class='ocrx_word' id='word_1_183' title='bbox 551 2506 613 2553; x_wconf 88' lang='lat' dir='ltr'><strong>de</strong></span> <span class='ocrx_word' id='word_1_184' title='bbox 631 2504 776 2569; x_wconf 84' lang='lat' dir='ltr'><strong>jure:</strong></span> <span class='ocrx_word' id='word_1_185' title='bbox 816 2505 994 2553; x_wconf 90' lang='lat' dir='ltr'><strong>doctus</strong></span> <span class='ocrx_word' id='word_1_186' title='bbox 1018 2505 1106 2561; x_wconf 79' lang='lat' dir='ltr'><strong>vir,</strong></span> <span class='ocrx_word' id='word_1_187' title='bbox 1149 2513 1199 2553; x_wconf 93' lang='lat' dir='ltr'><strong>et</strong></span> <span class='ocrx_word' id='word_1_188' title='bbox 1223 2505 1431 2553; x_wconf 86' lang='lat' dir='ltr'><strong>Graecis</strong></span> <span class='ocrx_word' id='word_1_189' title='bbox 1455 2506 1609 2555; x_wconf 83' lang='lat' dir='ltr'><strong>literis</strong></span> 
     </span>
     <span class='ocr_line' id='line_1_29' title="bbox 274 2585 1610 2649; baseline 0.001 -16"><span class='ocrx_word' id='word_1_190' title='bbox 274 2585 518 2643; x_wconf 87' lang='lat' dir='ltr'><strong>eruditus,</strong></span> <span class='ocrx_word' id='word_1_191' title='bbox 563 2585 786 2632; x_wconf 88' lang='lat' dir='ltr'><strong>Panaetii</strong></span> <span class='ocrx_word' id='word_1_192' title='bbox 824 2585 1035 2641; x_wconf 89' lang='lat' dir='ltr'><strong>auditor,</strong></span> <span class='ocrx_word' id='word_1_193' title='bbox 1075 2601 1229 2649; x_wconf 88' lang='lat' dir='ltr'><strong>prope</strong></span> <span class='ocrx_word' id='word_1_194' title='bbox 1270 2586 1523 2648; x_wconf 74' lang='lat' dir='ltr'><strong>perfectus</strong></span> <span class='ocrx_word' id='word_1_195' title='bbox 1559 2587 1610 2634; x_wconf 90' lang='lat' dir='ltr'><strong>in</strong></span> 
     </span>
     <span class='ocr_line' id='line_1_30' title="bbox 274 2662 1611 2728; baseline 0.001 -16"><span class='ocrx_word' id='word_1_196' title='bbox 274 2665 466 2720; x_wconf 88' lang='lat' dir='ltr'><strong>Stoicis,</strong></span> <span class='ocrx_word' id='word_1_197' title='bbox 495 2681 702 2728; x_wconf 85' lang='lat' dir='ltr'><strong>quorum</strong></span> <span class='ocrx_word' id='word_1_198' title='bbox 727 2672 1040 2727; x_wconf 89' lang='lat' dir='ltr'><strong>peracutum,</strong></span> <span class='ocrx_word' id='word_1_199' title='bbox 1067 2671 1117 2711; x_wconf 89' lang='lat' dir='ltr'><strong>et</strong></span> <span class='ocrx_word' id='word_1_200' title='bbox 1141 2663 1256 2711; x_wconf 86' lang='lat' dir='ltr'><strong>artis</strong></span> <span class='ocrx_word' id='word_1_201' title='bbox 1279 2662 1482 2727; x_wconf 89' lang='lat' dir='ltr'><strong>plenum</strong></span> <span class='ocrx_word' id='word_1_202' title='bbox 1507 2682 1611 2713; x_wconf 87' lang='lat' dir='ltr'><strong>ora-</strong></span> 
     </span>
     <span class='ocr_line' id='line_1_31' title="bbox 274 2741 1609 2809; baseline 0.001 -18"><span class='ocrx_word' id='word_1_203' title='bbox 274 2743 422 2791; x_wconf 80' lang='lat' dir='ltr'><strong>tionis</strong></span> <span class='ocrx_word' id='word_1_204' title='bbox 442 2759 620 2807; x_wconf 65' lang='lat' dir='ltr'><strong>ffenus,</strong></span> <span class='ocrx_word' id='word_1_205' title='bbox 645 2742 731 2790; x_wconf 90' lang='lat' dir='ltr'><strong>sed</strong></span> <span class='ocrx_word' id='word_1_206' title='bbox 755 2751 922 2790; x_wconf 85' lang='lat' dir='ltr'><strong>tamen</strong></span> <span class='ocrx_word' id='word_1_207' title='bbox 948 2741 1097 2801; x_wconf 86' lang='lat' dir='ltr'><strong>exile,</strong></span> <span class='ocrx_word' id='word_1_208' title='bbox 1127 2758 1220 2790; x_wconf 91' lang='lat' dir='ltr'><strong>nec</strong></span> <span class='ocrx_word' id='word_1_209' title='bbox 1247 2742 1361 2790; x_wconf 87' lang='lat' dir='ltr'><strong>satis</strong></span> <span class='ocrx_word' id='word_1_210' title='bbox 1386 2744 1609 2809; x_wconf 88' lang='lat' dir='ltr'><strong>populari</strong></span> 
     </span>
     <span class='ocr_line' id='line_1_32' title="bbox 275 2822 1608 2890; baseline 0.001 -18"><span class='ocrx_word' id='word_1_211' title='bbox 275 2823 544 2872; x_wconf 87' lang='lat' dir='ltr'><strong>assensioni</strong></span> <span class='ocrx_word' id='word_1_212' title='bbox 593 2822 1043 2872; x_wconf 85' lang='lat' dir='ltr'><strong>accommodatum.</strong></span> <span class='ocrx_word' id='word_1_213' title='bbox 1115 2822 1290 2887; x_wconf 87' lang='lat' dir='ltr'><strong>Itaque</strong></span> <span class='ocrx_word' id='word_1_214' title='bbox 1337 2822 1433 2881; x_wconf 86' lang='lat' dir='ltr'><strong>illa,</strong></span> <span class='ocrx_word' id='word_1_215' title='bbox 1484 2841 1608 2890; x_wconf 82' lang='lat' dir='ltr'><strong>quae</strong></span> 
     </span>
     <span class='ocr_line' id='line_1_33' title="bbox 273 2902 1611 2971; baseline -0.001 -19"><span class='ocrx_word' id='word_1_216' title='bbox 273 2904 473 2971; x_wconf 87' lang='lat' dir='ltr'><strong>propria</strong></span> <span class='ocrx_word' id='word_1_217' title='bbox 497 2910 572 2953; x_wconf 80' lang='lat' dir='ltr'><strong>est</strong></span> <span class='ocrx_word' id='word_1_218' title='bbox 594 2902 740 2969; x_wconf 88' lang='lat' dir='ltr'><strong>hujus</strong></span> <span class='ocrx_word' id='word_1_219' title='bbox 776 2903 1083 2969; x_wconf 86' lang='lat' dir='ltr'><strong>disciplinae,</strong></span> <span class='ocrx_word' id='word_1_220' title='bbox 1117 2902 1522 2970; x_wconf 88' lang='lat' dir='ltr'><strong>philosophorum</strong></span> <span class='ocrx_word' id='word_1_221' title='bbox 1548 2904 1611 2952; x_wconf 75' lang='lat' dir='ltr'><strong>de</strong></span> 
     </span>
    </p>
   </div>
  </div>
 </body>
</html>
