2071 3508
747 416 913 457 LIBER
942 415 1168 456 PRIMUS.
1577 423 1625 460 51

293 528 635 593 integumenta
655 526 884 591 perspexi
907 546 919 585 3
960 525 1047 574 sed
1072 543 1129 574 ea
1160 541 1273 573 cum
1301 526 1626 590 contemplari

292 623 542 671 cuperem,
565 607 649 654 vix
667 605 938 670 aspiciendi
963 612 1179 670 potestas
1204 605 1328 652 fuit:
1367 605 1436 652 ita
1460 622 1623 669 neque

292 684 386 733 hoc
427 702 625 750 possum
663 685 849 743 dicere,
889 701 967 732 me
993 684 1194 732 omnino
1220 684 1465 748 ignorare,
1506 685 1625 748 quid

285 764 553 828 possideat,
589 781 751 829 neque
776 764 921 829 plane
946 781 1107 823 nosse,
1137 781 1195 812 ac
1220 764 1414 813 vidisse.
1488 765 1624 822 Quin
1646 767 1752 808 162.

289 849 345 890 tu
385 842 537 907 igitur
576 842 698 892 facis
736 843 883 900 idem,
922 843 1083 908 inquit
1109 843 1360 902 Scaevola,
1398 844 1531 908 quod
1555 844 1626 892 fa-

288 937 443 981 ceres,
478 923 517 970 si
552 923 603 970 in
628 922 840 987 aliquam
867 923 1068 971 domum
1093 922 1289 987 plenam
1315 931 1628 971 ornamento·

286 1017 413 1060 rum,
439 1001 666 1050 villamve
691 1002 939 1050 venisses?
977 1002 1025 1048 Si
1052 1019 1108 1049 ea
1134 1003 1364 1066 seposita,
1403 1012 1459 1050 ut
1484 1002 1628 1061 dicis,

287 1089 468 1140 essent,
492 1089 647 1146 tuque
671 1080 814 1129 valde
840 1080 1096 1145 spectandi
1123 1082 1333 1145 cupidus
1354 1099 1501 1140 esses,
1527 1098 1627 1129 non

287 1159 538 1209 dubitares
579 1178 752 1224 rogare
791 1160 1064 1217 dominum,
1090 1170 1146 1208 ut
1170 1161 1377 1223 proferri
1405 1161 1628 1223 juberet,

287 1239 574 1302 praesertim
601 1239 638 1286 si
666 1248 793 1287 esset
811 1237 1061 1285 familiaris
1084 1256 1095 1284 :
1135 1237 1358 1285 similiter
1385 1254 1518 1286 nunc
1543 1256 1626 1303 pe-

285 1317 348 1364 tis
373 1334 400 1364 a
426 1318 620 1376 Crasso,
656 1326 713 1365 ut
748 1334 855 1365 eam
894 1317 1087 1381 copiam
1111 1325 1513 1364 ornamentorum
1552 1336 1629 1366 su-

286 1412 445 1455 ornm,
472 1413 618 1460 quam
645 1403 980 1444 constructam
1007 1411 1106 1442 uno
1131 1396 1180 1441 in
1210 1395 1340 1453 loco,
1378 1397 1514 1459 quasi
1540 1414 1629 1461 per

285 1482 600 1522 transennam
619 1482 992 1538 praetereuntes
1018 1473 1226 1521 strictim
1252 1474 1548 1538 aspeximus,
1576 1476 1629 1524 in

283 1552 448 1601 lucem
472 1552 707 1617 proferat,
733 1561 783 1601 et
807 1569 895 1600 suo
920 1552 1137 1616 quidque
1162 1553 1213 1599 in
1238 1552 1350 1601 loco
1375 1553 1589 1603 collocet
1610 1555 1627 1604 ?

283 1630 393 1696 Ego
434 1649 570 1692 vero,
611 1633 774 1697 inquit
815 1632 984 1691 Cotta,
1025 1649 1053 1679 a
1092 1640 1142 1680 te
1178 1640 1314 1696 peto,
1353 1633 1754 1695 Scaevola3163‚

283 1713 387 1776 (me
414 1711 565 1771 enim,
592 1719 642 1760 et
666 1712 800 1760 hunc
827 1711 1119 1776 Sulpicium,
1144 1711 1354 1776 impedit
1377 1713 1539 1776 pudor
1563 1715 1624 1762 ab

280 1789 480 1838 homine
505 1791 728 1839 omnium
751 1791 1059 1855 gravissimo,
1085 1792 1168 1855 qui
1192 1808 1351 1855 genus
1377 1791 1626 1856 hujusmo-

280 1868 330 1916 di
356 1869 703 1934 disputationis
729 1887 922 1934 semper
942 1871 1281 1929 contemserit,
1316 1870 1460 1930 haec,
1498 1889 1624 1936 quae

277 1948 359 1996 isti
400 1948 607 1997 forsitan
646 1966 914 2013 puerorum
954 1948 1201 1997 elementa
1224 1949 1503 2010 videantur,
1542 1967 1625 1999 ex·

258 2025 500 2091 quirem)
526 2028 614 2075 sed
629 2035 685 2075 tu
700 2027 796 2075 hoc
816 2027 957 2075 nobis
977 2027 1056 2086 da,
1078 2027 1331 2086 Scaevola,
1352 2037 1402 2076 et
1420 2030 1622 2093 perfice,

279 2113 335 2153 ut
360 2105 563 2153 Crassus
602 2105 744 2164 haec,
786 2122 912 2169 quae
950 2106 1221 2153 coarctavit
1246 2114 1295 2154 et
1319 2117 1622 2172 peranguste

278 2184 473 2233 refersit
512 2184 564 2232 in
600 2184 822 2233 oratione
857 2201 962 2243 sua,
1000 2183 1174 2232 dilatet
1197 2184 1339 2233 nobis
1364 2194 1512 2250 atque
1538 2204 1621 2235 ex-

275 2263 444 2330 plicet.
517 2263 627 2329 Ego
665 2263 968 2324 mehercule,
1010 2264 1171 2328 inquit
1213 2264 1435 2325 Mucius,
1474 2274 1620 2316 antea
1640 2280 1746 2322 164,

273 2352 438 2392 vestra
474 2343 632 2408 magis
677 2343 773 2392 hoc
821 2359 969 2392 causa
1014 2343 1259 2403 volebam,
1307 2362 1453 2409 quam
1491 2363 1617 2396 mea.

274 2422 456 2487 Neque
492 2423 624 2471 enim
662 2418 921 2488 tantopere
952 2422 1081 2471 hanc
1106 2441 1135 2472 a
1160 2424 1336 2473 Crasso
1361 2425 1620 2490 disputati-

275 2518 424 2551 onem
469 2500 829 2561 desiderabam,
877 2509 1182 2567 quantopere
1229 2503 1333 2568 ejus
1370 2504 1421 2551 in
1459 2505 1618 2552 causis

276 2581 500 2629 oratione
527 2581 765 2631 delector.
814 2581 965 2631 Nunc
990 2599 1126 2642 vero,
1147 2584 1336 2640 Crasse,
1364 2600 1475 2632 mea
1499 2601 1617 2647 qno-

276 2677 373 2725 que
399 2660 549 2708 etiam
574 2677 722 2709 causa
746 2678 885 2726 rogo,
906 2670 979 2720 ut,
999 2662 1231 2726 quoniam
1252 2671 1444 2710 tantum
1470 2663 1620 2712 habe-

277 2755 386 2787 mus
411 2739 518 2800 otii,
556 2749 797 2806 quantum
825 2741 1019 2805 jamdiu
1060 2742 1202 2790 nobis
1244 2758 1342 2790 non
1387 2743 1617 2808 contigit,

278 2833 340 2869 ne
364 2820 582 2885 graveris
606 2820 930 2873 exaedificare
954 2821 1006 2871 id
1040 2838 1164 2888 opus
1189 2822 1323 2886 quod
1345 2822 1618 2874 instituisti.

1139 2915 1174 2950 D
1200 2909 1231 2949 2
