2071 3508
354 1302 432 1344 56.

366 2253 444 2296 57·

463 410 539 447 110
935 407 1015 446 DE
1046 404 1313 447 ORATORE

459 516 642 575 tonius,
679 516 718 564 si
753 515 955 564 ista'res
979 515 1141 563 adhuc
1165 523 1331 563 nostra
1353 514 1523 580 lingua
1545 514 1785 564 illustrata

462 612 562 643 non
587 602 676 643 est.
729 595 892 647 Nemo
918 594 1048 643 enim
1071 594 1240 642 studet
1264 593 1573 657 eloquentiae
1598 601 1786 642 nostro-

461 691 570 722 rum
607 674 880 733 hominum,
921 673 1014 720 nisi
1050 681 1107 720 ut
1146 672 1197 719 in
1234 673 1390 720 causis
1414 680 1563 736 atque
1598 671 1649 719 in
1679 671 1787 721 foro

463 752 686 802 eluceat:
747 754 878 818 apud
924 753 1144 801 Graecos
1192 760 1356 799 autem
1404 752 1788 816 eloquentissimi

462 832 704 891 homines,
744 832 921 880 remoti
961 849 990 879 a
1030 831 1187 879 causis
1232 829 1524 889 forensibus,
1566 847 1679 878 cum
1726 830 1790 879 ad

464 920 682 959 caeteras
706 928 782 960 res
806 911 1034 969 illustres,
1058 919 1164 958 tum
1185 910 1247 956 ad
1267 908 1575 956 scribendam
1599 909 1791 957 histori-

463 1006 542 1038 am
566 991 779 1037 maxime
817 1007 868 1037 se
904 989 1288 1053 applicaverunt.
1358 987 1587 1051 Namque
1612 995 1663 1036 et
1689 988 1793 1038 He-

464 1069 694 1116 rodotum
726 1068 883 1126 illum,
920 1068 1002 1131 qui
1026 1067 1254 1131 princeps
1278 1083 1435 1130 genus
1459 1066 1555 1114 hoc
1581 1067 1792 1128 ornavit,

465 1146 516 1193 in
543 1148 699 1194 causis
724 1146 845 1193 nihil
869 1146 1070 1194 omnino
1093 1153 1340 1193 versatum
1361 1161 1464 1193 esse
1484 1146 1789 1210 accepimus:

465 1227 602 1290 atqui
625 1233 764 1274 tanta
789 1233 862 1273 est
887 1225 1186 1288 eloquentia,
1209 1232 1266 1272 ut
1289 1242 1368 1272 me
1394 1225 1593 1289 quidem
1619 1230 1800 1292 (quan-

465 1314 572 1354 tum
598 1322 691 1369 ego
711 1304 906 1352 Graece
923 1303 1103 1367 scripta
1122 1303 1399 1366 intelligere
1416 1304 1641 1367 possum)
1661 1322 1796 1370 mag-

466 1401 650 1448 nopere
698 1383 930 1431 delectet.
1023 1383 1088 1430 Et
1133 1389 1245 1446 post
1289 1381 1427 1428 illum
1475 1382 1798 1448 Thucydides

469 1479 639 1510 omnes
665 1461 863 1510 dicendi
888 1460 1111 1519 artificio,
1136 1476 1245 1507 mea
1270 1460 1533 1519 sententia,
1557 1460 1702 1510 facile
1727 1464 1797 1511 vi-

471 1541 568 1589 cit:
608 1540 692 1604 qui
716 1539 785 1587 ita
810 1540 980 1587 creber
1005 1545 1079 1585 est
1103 1554 1265 1585 rerum
1289 1535 1586 1602 frequentia,
1610 1547 1668 1587 ut
1691 1558 1797 1589 ver-

469 1621 643 1668 borum
684 1634 836 1683 prope
882 1633 1141 1664 numerum
1189 1616 1542 1664 sententiarum
1589 1633 1796 1668 numero

472 1706 836 1761 consequatur3
874 1697 943 1744 ita
979 1712 1123 1760 porro
1160 1695 1321 1743 verbis
1345 1704 1487 1759 aptus
1512 1704 1562 1743 et
1584 1713 1796 1760 pressus,

470 1785 526 1825 ut
550 1777 756 1835 nesciaS,
780 1783 946 1823 utrum
970 1792 1045 1823 res
1070 1774 1308 1833 oratione,
1344 1791 1406 1822 an
1430 1775 1579 1823 verba
1603 1777 1799 1824 senten-

471 1857 551 1904 tiis
576 1856 894 1904 illustrentur.
967 1854 1124 1917 Atqui
1149 1870 1210 1900 ne
1243 1854 1376 1901 hunc
1402 1853 1622 1918 quidem,
1648 1872 1799 1919 quan-

472 1953 618 2000 quam
645 1944 719 1984 est
741 1936 792 1982 in
818 1933 1068 2000 republica
1096 1942 1334 1992 versatus,
1377 1950 1439 1981 ex
1479 1951 1686 1982 numero
1721 1953 1800 1985 ac-

474 2017 694 2080 cepimus
731 2031 918 2072 eorum,
958 2013 1041 2077 qui
1079 2028 1247 2060 causas
1273 2012 1596 2060 dictitarunt:
1636 2021 1686 2061 et
1709 2014 1798 2064 hos

471 2097 620 2144 libros
660 2102 767 2143 tum
805 2093 1051 2157 scripsisse
1093 2092 1292 2150 dicitur,
1331 2107 1444 2139 cum
1485 2108 1512 2139 a
1547 2093 1802 2156 republica

472 2182 707 2231 remotus,
732 2180 879 2235 atque
905 2171 982 2235 (id
1007 2170 1139 2234 quod
1163 2171 1350 2234 optimo
1381 2170 1559 2234 cuique
1586 2170 1800 2221 Athenis

473 2253 698 2301 accidere
741 2250 938 2297 solitum
977 2249 1074 2307 est)
1113 2249 1164 2294 in
1200 2248 1425 2295 exsilium
1462 2249 1630 2311 pulsus
1655 2259 1799 2299 esset.

477 2332 629 2380 Hunc
667 2334 961 2377 consecutus
991 2334 1064 2372 est
1089 2326 1374 2390 Syracusius
1411 2324 1661 2385 Philistus,
1697 2329 1797 2392 qui,

477 2426 589 2459 cum
614 2405 843 2472 Dionysii
877 2403 1073 2470 tyranni
1106 2403 1506 2451 familiarissimus
1532 2407 1800 2464 esset,‘oti-

476 2506 557 2537 um
586 2504 727 2535 suum
753 2483 1022 2533 consumsit
1044 2483 1094 2529 in
1118 2482 1320 2530 historia
1345 2483 1622 2543 scribenda,
1647 2486 1801 2533 maxi-

475 2584 651 2631 meque
677 2562 1025 2629 Thucydidem
1051 2569 1141 2619 est,
1162 2561 1288 2608 sicut
1316 2561 1435 2607 mihi
1458 2561 1668 2619 videtur,
1694 2563 1802 2611 imi-

476 2656 622 2697 tatus.
695 2645 872 2692 Postea
894 2658 1025 2698 vero,
1060 2641 1194 2705 quasi
1220 2657 1281 2688 ex
1307 2640 1569 2688 clarissima
1592 2641 1800 2691 rhetoris

477 2727 687 2784 officina,
727 2724 825 2771 duo
847 2728 1152 2787 praestantes
1191 2719 1410 2783 ingenio,
1447 2719 1800 2786 Theopompus

478 2814 529 2856 et
552 2805 800 2870 EphorUS,
820 2802 880 2849 ab
906 2799 1122 2848 Isocrate
1147 2796 1380 2861 magistro
1403 2797 1618 2862 impulsi,
1653 2815 1702 2847 se
1735 2799 1798 2847 ad
