2071 3508
302 1284 380 1323 83.

299 1916 376 1956 84.

300 2703 376 2743 85.

417 458 497 496 252
895 452 972 491 DE
1001 451 1269 491 ORATORE

414 570 712 630 spectarent,
748 569 895 627 atque
935 579 998 610 ex
1039 561 1112 608 his
1149 561 1277 609 hanc
1315 559 1512 608 dicendi
1549 562 1740 625 copiam

414 644 628 691 fluxisse.
700 641 798 689 Sed
837 649 1024 699 tamen,
1061 657 1174 688 cum
1216 656 1384 688 omnes
1408 639 1589 703 gradus
1613 649 1744 688 aeta-

413 722 475 770 tis
501 720 733 770 recordor
757 728 888 775 tuae,
928 736 1139 782 cumque
1163 719 1314 766 vitam
1339 725 1475 765 tuam
1499 735 1557 766 ac
1582 719 1745 767 studia

414 801 709 859 considero;
749 815 929 863 neque,
965 815 1063 862 quo
1101 806 1324 861 tempore
1362 797 1455 844 ista
1495 797 1743 856 didiceris,-

413 879 577 938 video,
613 895 707 926 nec
748 893 1047 941 magnopere
1086 885 1136 923 te
1174 876 1279 923 istis
1302 875 1492 933 studiis,
1539 875 1745 922 homini-

412 958 522 1016 bus,
545 957 698 1014 libris,
722 955 948 1018 intelligo
973 953 1228 1002 deditum:
1266 970 1427 1016 neque
1452 961 1618 1001 tamen
1636 971 1745 1018 pos-

413 1051 521 1082 sum
563 1042 799 1091 statuere,
834 1040 999 1080 utrum
1025 1031 1182 1094 magis
1206 1031 1371 1089 mirer,
1407 1039 1457 1078 te
1482 1031 1580 1090 illa,
1617 1049 1742 1096 quae

413 1114 532 1161 mihi
556 1113 821 1178 persuades
840 1112 1054 1159 maxima
1078 1127 1182 1158 esse
1208 1109 1509 1173 adjumenta,
1524 1111 1741 1175 potuisse

413 1193 464 1239 in
488 1193 587 1239 tuis
611 1192 759 1239 tantis
795 1189 1202 1253 occupationibus
1237 1188 1548 1252 perdiscere3
1589 1205 1670 1247 an,
1706 1190 1744 1236 si

414 1286 512 1317 non
537 1269 774 1334 potueris,
789 1285 931 1333 posse
956 1268 1049 1315 isto
1073 1266 1222 1314 modo
1247 1266 1428 1314 dicere.
1485 1267 1586 1314 Hic
1606 1266 1745 1315 Cras-

414 1366 508 1405 sus,
550 1349 664 1397 Hoc
706 1348 815 1407 tibi,
850 1347 1025 1412 inquit,
1066 1344 1257 1401 Catule,
1295 1345 1506 1409 primum
1547 1361 1742 1409 persua-

414 1428 530 1476 deas
553 1427 720 1486 velim,
756 1443 835 1474 me
860 1443 961 1474 non
986 1425 1144 1473 multo
1167 1441 1308 1473 secus
1332 1423 1514 1482 facere,
1541 1441 1653 1471 cum
1679 1424 1741 1472 de

413 1514 605 1554 oratore
645 1507 910 1570 disputem,
946 1522 1003 1553 ac
1042 1503 1276 1562 facerem,
1313 1503 1351 1550 si
1377 1511 1505 1551 esset
1535 1504 1655 1550 mihi
1680 1503 1742 1552 de

412 1585 648 1633 histrione
675 1585 958 1632 dicendum.
1030 1584 1279 1648 Negarem
1307 1583 1437 1630 enim
1461 1599 1602 1646 posse
1628 1600 1741 1631 eum

412 1663 692 1711 satisfacere
717 1663 766 1709 in
790 1670 953 1727 gestu,
989 1662 1081 1710 nisi
1104 1661 1414 1726 palaestram,
1450 1661 1541 1708 nisi
1566 1660 1740 1710 saltare

410 1742 663 1790 didicisset
684 1763 696 1801 3
732 1758 913 1805 neque,
938 1759 995 1789 ea
1021 1757 1133 1788 cum
1159 1740 1394 1798 dicerem,
1414 1756 1494 1787 me
1517 1756 1621 1788 esse
1646 1739 1739 1788 his-

409 1821 619 1868 trionem
645 1837 845 1868 necesse
884 1827 1025 1875 esset,
1064 1819 1151 1867 sed
1173 1819 1377 1867 fortasse
1410 1834 1509 1865 non
1535 1818 1738 1867 stultum

410 1899 555 1947 alieni
602 1898 794 1947 artificii
836 1899 1237 1947 existimatorem.
1332 1897 1563 1944 Similiter
1604 1914 1736 1946 nunc

410 1979 471 2026 de
497 1986 707 2036 oratore,
737 1986 900 2025 vestro
935 1976 1167 2040 impulsu,
1202 1976 1390 2040 loquor,
1431 1992 1621 2023 summo
1646 1977 1736 2024 sci-

406 2056 553 2105 licet:
592 2073 784 2121 semper
809 2057 958 2114 enim,
996 2072 1305 2120 quacumque
1343 2055 1404 2102 de
1431 2064 1535 2102 arte
1561 2063 1647 2102 aut
1669 2054 1739 2102 fa-

409 2136 593 2184 cultate
637 2135 900 2200 quaeritur,
939 2135 1000 2182 de
1026 2134 1248 2182 absoluta
1273 2142 1322 2182 et
1345 2133 1568 2198 perfecta
1592 2151 1736 2198 quae-

408 2214 448 2260 ri
474 2213 613 2262 solet.
685 2214 851 2271 Quare
871 2214 910 2261 si
941 2213 1046 2277 jam
1071 2230 1149 2260 me
1173 2212 1321 2261 vultis
1346 2230 1449 2260 esse
1475 2221 1736 2273 oratorem,

408 2292 448 2339 si
473 2293 620 2340 etiam
657 2300 731 2339 sat
754 2293 959 2350 bonum,
998 2292 1036 2339 si
1060 2293 1245 2339 bonum
1256 2291 1504 2354 denique,
1540 2309 1640 2339 non
1664 2309 1737 2340 re-

408 2371 671 2434 pugnabo:
700 2370 844 2436 (quid
869 2370 999 2418 enim
1025 2386 1156 2417 nunc
1183 2370 1272 2417 sim
1296 2370 1492 2433 ineptus
1513 2371 1529 2418 ?
1565 2371 1634 2418 ita
1657 2387 1735 2419 me

409 2449 676 2496 existimari
712 2448 838 2509 scio)
876 2448 1009 2513 quod
1033 2448 1071 2496 si
1095 2448 1164 2496 ita
1189 2456 1280 2507 est,
1316 2465 1533 2496 summus
1567 2456 1735 2509 tamen

410 2535 544 2576 certe
570 2544 669 2575 non
695 2543 818 2575 sum.
888 2527 1066 2590 Neque
1104 2527 1234 2575 enim
1259 2526 1390 2591 apud
1414 2526 1636 2574 homines
1660 2543 1737 2575 res

409 2614 484 2654 est
507 2605 607 2653 ulla
631 2605 888 2664 difficilior,
914 2621 1074 2669 neque
1098 2604 1270 2669 major,
1304 2621 1464 2669 neque
1490 2622 1613 2669 quae
1631 2604 1737 2669 plu-

409 2700 462 2731 ra
502 2683 787 2747 adjumenta
828 2684 1081 2732 doctrinae
1128 2683 1389 2731 desideret.
1442 2681 1447 2686 ’
1495 2683 1734 2732 Attamen

410 2764 640 2826 quoniam
665 2763 728 2812 de
766 2771 957 2812 oratore
994 2764 1135 2811 nobis
1159 2763 1508 2827 disputandum
1545 2771 1636 2822 est,
1672 2763 1734 2810 de

409 2857 598 2889 summo
622 2850 814 2890 oratore
840 2843 1001 2891 dicam
1026 2859 1227 2891 necesse
1252 2850 1340 2890 est.
1411 2842 1459 2890 V
1461 2843 1499 2889 is
1525 2843 1655 2890 enim
1680 2849 1732 2888 et

409 2925 582 2967 natura
604 2920 674 2968 rei
699 2920 788 2969 nisi
813 2919 1036 2985 perfecta
1058 2929 1173 2970 ante
1193 2921 1362 2971 oculos
1379 2920 1596 2985 ponitur,
1615 2936 1729 2984 qua-
