2071 3508
775 384 990 426 TOPICA.
1463 393 1541 430 503

215 489 384 539 afferre
406 508 508 540 non
531 492 634 540 fere
660 491 784 540 solet
797 511 812 539 ·:
851 492 946 541 hoc
971 501 1156 552 autem,
1192 494 1295 542 sine
1321 512 1416 558 quo
1442 513 1541 546 non

214 567 439 628 efficitur,
477 585 621 632 saepe
663 570 941 616 conturbat.
1012 570 1128 617 Non
1170 571 1316 627 euim,
1360 574 1397 619 si
1436 576 1540 623 sine

209 646 495 707 parentibus
518 644 602 692 filii
628 662 731 693 esse
756 662 855 693 non
880 655 1103 709 possunt,
1143 658 1402 712 propterea
1427 668 1540 699 cau-

211 737 262 768 sa
286 721 381 769 fuit
403 722 453 768 in
487 723 773 786 parentibus
795 724 1037 788 gignendi
1061 726 1350 774 necessaria.
1424 727 1538 776 Hoc

210 799 375 862 igitur,
415 800 518 849 sine
544 818 641 865 quo
666 818 765 849 non
790 802 862 861 fit,
899 805 958 851 ab
996 821 1069 860 eo,
1108 804 1158 851 in
1185 821 1281 868 quo
1307 813 1441 854 certe
1465 805 1539 865 fit,

205 875 473 942 diligenter
508 889 583 928 est
607 881 949 945 separandum.
1020 883 1153 931 Illud
1178 884 1309 932 enim
1335 892 1409 932 cst
1433 892 1538 933 tan.

204 970 351 1018 quam
374 975 385 1005 :

321 1050 477 1090 Utinam
496 1066 542 1091 ne
561 1053 599 1091 in
622 1067 770 1093 nemore
784 1053 895 1094 Pelio
910 1054 1098 1093 securibus

309 1116 432 1158 *Caesa
453 1120 641 1158 cecidisset
662 1121 820 1173 abiegna
842 1123 894 1160 ad
910 1128 1052 1159 terram
1067 1120 1220 1160 trabes!

203 1194 297 1244 nisi
320 1199 453 1247 enim
481 1200 778 1249 cecidissent
801 1202 1039 1266 abiegnae
1065 1202 1128 1249 ad
1151 1210 1331 1250 terram
1355 1202 1534 1262 trabeS,

205 1273 346 1340 Argo
381 1277 464 1325 illa
498 1277 631 1327 facta
666 1296 765 1328 non
803 1288 946 1328 esset.
1018 1280 1128 1328 Nec
1164 1288 1330 1328 tamen
1365 1280 1462 1329 fuit
1484 1282 1537 1329 in

202 1353 279 1402 his
319 1357 537 1405 trabibus
574 1358 818 1407 efficiendi
854 1360 925 1407 vis
962 1359 1250 1408 necessaria.
1323 1360 1396 1407 At
1420 1376 1535 1408 cum

201 1433 254 1481 in
280 1434 450 1498 Ajacis
485 1438 648 1484 navim
694 1445 706 1465 ‘
731 1438 1074 1503 crispisulcans
1099 1439 1300 1503 igneum
1326 1438 1534 1487 fulmen’

201 1511 438 1577 injectum
459 1522 551 1573 est,
570 1514 902 1564 inflammatur
921 1517 1057 1565 navis
1077 1517 1370 1564 necessario.
1444 1516 1536 1565 At-

200 1607 295 1655 que
321 1593 468 1640 etiam
495 1602 569 1642 est
589 1610 846 1642 causarum
873 1594 1237 1652 dissimilitudo,
1256 1595 1389 1657 quod
1413 1594 1536 1644 aliae

198 1677 331 1728 sunt,
366 1679 423 1718 ut
448 1671 551 1719 sine
575 1671 676 1718 ulla
700 1671 1004 1735 appetitione
1029 1671 1198 1730 animi,
1235 1671 1339 1720 sine
1364 1671 1536 1721 volun-

196 1755 319 1808 tate,
355 1749 458 1797 sine
498 1749 746 1814 opinione,
788 1765 930 1796 suum
967 1749 1104 1812 quasi
1141 1767 1262 1814 opus
1301 1750 1534 1812 efficiant,

194 1827 349 1886 velut,
385 1834 442 1875 ut
466 1844 612 1875 omne
648 1828 878 1886 intereat,
916 1827 1050 1890 quod
1075 1835 1237 1875 ortum
1263 1837 1369 1878 est:
1408 1830 1532 1879 aliae

195 1915 363 1955 autem
387 1915 473 1954 aut
495 1905 751 1954 voluntate
778 1906 1016 1965 efficiunt,
1049 1915 1136 1954 aut
1158 1910 1530 1972 perturbatione

192 1986 363 2044 animi,
399 1994 485 2034 ant
509 1985 698 2044 habitu,
731 1993 819 2033 aut
843 1993 1035 2045 natura,
1072 1995 1158 2034 aut
1181 1996 1301 2044 arte,
1341 1996 1426 2037 aut
1451 2006 1529 2038 ca-

191 2082 250 2114 su
271 2086 285 2125 ;
323 2065 593 2121 voluntate,
631 2072 688 2112 ut
711 2072 784 2123 tu,
822 2081 936 2112 cum
961 2064 1094 2113 hunc
1118 2065 1340 2114 libellum
1364 2067 1524 2133 legis;

192 2144 583 2209 perturbatione,
623 2151 679 2191 ut
717 2143 755 2190 si
795 2143 902 2207 quis
943 2152 1178 2192 eventum
1204 2144 1378 2193 horum
1404 2154 1526 2195 tem-

191 2239 366 2289 porum
407 2223 614 2282 timeat3
664 2222 854 2281 habitu,
895 2230 953 2270 ut
991 2222 1138 2271 facile
1186 2232 1237 2272 et
1272 2225 1372 2273 cito
1409 2226 1525 2275 iras-

190 2311 368 2362 catur;
421 2310 609 2358 natura,
648 2310 704 2350 ut
743 2300 919 2349 vitium
957 2302 1009 2349 in
1046 2302 1150 2351 dies
1187 2313 1411 2365 crescat3
1450 2323 1524 2354 ar-

192 2389 263 2441 te,
299 2389 356 2429 ut
389 2382 516 2428 bene
552 2381 759 2446 pingat3
798 2397 933 2440 casu,
968 2388 1024 2428 ut
1048 2398 1279 2446 prospere
1303 2383 1522 2448 naviget.

191 2459 330 2509 Nihil
353 2460 526 2508 horum
553 2460 656 2507 sine
682 2476 846 2519 causa,
870 2475 964 2508 nec
989 2460 1257 2524 quidquam
1282 2462 1520 2524 omnin03

193 2539 281 2588 sed
319 2538 599 2602 hujusmodi
638 2555 812 2587 causae
853 2555 952 2586 non
995 2540 1313 2588 necessariae.
1401 2540 1522 2590 Om-

191 2619 330 2666 nium
372 2626 538 2666 autem
577 2634 831 2666 causarum
867 2618 917 2665 in
943 2617 1046 2666 aliis
1070 2619 1199 2667 inest
1224 2621 1519 2680 constantia,

190 2697 243 2744 in
266 2696 371 2745 aliis
395 2713 494 2746 non
514 2698 657 2745 inest.
729 2697 788 2744 In
815 2705 1006 2758 natura,
1031 2698 1150 2747 etin
1169 2707 1273 2749 alte
1293 2707 1520 2751 constan·

192 2775 262 2827 tia
283 2782 374 2834 est,
409 2776 462 2825 in
487 2776 692 2826 caeteris
715 2774 865 2826 nulla.

1060 2872 1077 2903 1
1102 2855 1118 2903 i
1153 2863 1184 2903 4
