2071 3508
424 1574 496 1613 10.

429 2432 502 2470 11.

525 445 550 479 4
998 443 1074 480 DE
1104 443 1370 481 ORATORE

526 557 686 597 vertat
726 550 941 598 animum
983 552 1045 599 ad
1087 568 1144 599 ea
1178 551 1282 615 ipsa
1317 551 1492 598 artium
1527 566 1728 614 genera,
1754 551 1843 598 cin

528 629 913 693 cumspiciatque
961 630 1042 693 qui
1088 630 1139 675 in
1185 629 1243 675 iis
1280 628 1550 685 floruerint,
1599 644 1843 691 quamque

527 710 698 757 multi:
749 711 817 758 sic
853 710 1083 758 facillime
1124 716 1305 772 quanta
1347 715 1593 755 oratorum
1630 709 1691 755 sit
1723 725 1845 755 sem-

525 803 709 850 perque
733 789 882 836 fuerit
904 789 1141 852 paucitas,
1158 786 1417 850 judicabit.
1501 786 1678 848 Neque
1716 785 1846 832 enim

527 872 576 912 te
622 864 752 928 fugit
790 864 1096 912 laudatarum
1143 863 1319 909 artium
1366 862 1584 909 omnium
1624 877 1847 925 procrea-

525 942 699 989 tricem
725 942 987 1004 quandam,
1025 948 1075 987 et
1109 941 1244 1003 quasi
1267 947 1541 1004 parentem,
1571 955 1678 986 eam
1703 954 1848 1002 quam

525 1027 734 1074 φιλοσοφίαν
765 1019 946 1066 Graeci
980 1026 1176 1075 vocant,
1213 1019 1272 1065 ab
1314 1018 1591 1065 hominibus
1629 1016 1849 1064 doctissi-

527 1098 617 1143 mis
650 1096 897 1160 judicari3
952 1096 1003 1142 111
1050 1112 1145 1158 qua
1180 1095 1375 1143 difficile
1423 1104 1497 1143 est
1544 1111 1849 1153 enumerare,

527 1181 648 1235 quot
692 1174 800 1231 viri,
848 1182 1029 1236 quanta
1070 1173 1291 1231 scientia,
1333 1180 1612 1236 quantaque
1658 1173 1709 1218 in
1751 1172 1848 1219 suis

528 1250 699 1297 studiis
724 1251 958 1297 varietate
996 1259 1045 1298 et
1081 1251 1222 1314 copia
1255 1250 1456 1308 fuerint,
1493 1251 1576 1312 qui
1611 1265 1710 1297 non
1750 1265 1850 1296 una

527 1329 689 1391 aliqua
723 1329 773 1374 in
808 1345 859 1375 re
896 1329 1154 1392 separatim
1196 1327 1507 1386 elaborarint,
1545 1328 1632 1374 sed
1668 1327 1849 1386 omnia,

528 1422 867 1470 quaecumque
901 1414 1119 1468 possent,
1166 1405 1243 1452 vel
1279 1406 1513 1453 scientiae
1553 1405 1851 1469 pervestiga-

529 1484 683 1541 tione,
724 1483 802 1530 vel
838 1483 1107 1530 disserendi
1142 1482 1330 1529 ratione
1370 1483 1848 1547 comprehenderint.

533 1563 655 1619 Quis
701 1562 912 1625 ignorat,
964 1561 1017 1618 ii,
1074 1561 1157 1624 qui
1208 1560 1543 1608 mathematici
1592 1567 1850 1618 vocantur,

531 1647 713 1703 quanta
753 1640 803 1685 in
853 1639 1150 1686 obscuritate
1184 1655 1365 1697 rerum,
1402 1646 1452 1685 et
1487 1655 1631 1702 quam
1682 1654 1851 1685 recon-

531 1718 634 1765 dita
679 1717 729 1762 in
777 1724 898 1774 arte,
945 1723 995 1764 et
1041 1715 1319 1779 multiplici,
1355 1715 1616 1779 subtilique
1658 1732 1852 1763 versen-

532 1804 612 1843 tur
633 1796 649 1842 ἓ
686 1812 783 1858 quo
807 1803 972 1842 tamen
997 1794 1047 1840 in
1072 1810 1253 1857 genere
1278 1795 1347 1841 ita
1370 1793 1512 1841 multi
1534 1793 1744 1858 perfecti
1767 1793 1852 1841 ho-

531 1874 687 1920 mines
735 1873 1047 1930 exstiterunt,
1094 1880 1150 1919 ut
1190 1889 1336 1920 nemo
1382 1872 1486 1920 fere
1528 1872 1771 1920 studuisse
1808 1874 1852 1920 ei

533 1950 766 1997 scientiae
784 1950 1125 1997 vehementius
1141 1950 1383 2009 videatur,
1409 1950 1545 2013 quin,
1562 1950 1695 2014 quod
1717 1950 1852 1998 volu-

533 2027 642 2084 erit,
684 2035 977 2074 consecutus
1020 2027 1094 2074 sit.
1169 2028 1292 2083 Quis
1333 2029 1549 2087 musicis,
1590 2029 1696 2092 quis
1736 2030 1852 2077 huic

531 2104 693 2151 studio
717 2104 985 2162 literarum,
1022 2103 1154 2167 quod
1176 2103 1467 2168 profitentur
1490 2105 1542 2164 ii,
1579 2106 1662 2170 qui
1696 2123 1854 2170 gram-

533 2181 699 2228 matici
736 2188 993 2238 vocantur,
1028 2181 1224 2244 penitus
1266 2198 1315 2228 se
1360 2182 1569 2242 dedidit,
1605 2185 1722 2248 quin
1754 2201 1854 2232 om-

533 2274 645 2304 nem
671 2257 861 2304 illarum
896 2259 1072 2306 artium
1112 2275 1239 2322 pene
1276 2259 1515 2307 infinitam
1539 2261 1658 2320 vim,
1684 2270 1734 2310 et
1757 2279 1856 2310 ma-

534 2335 706 2382 teriam
754 2335 957 2383 scientia
1014 2344 1064 2384 et
1117 2337 1415 2401 cogitatione
1474 2339 1857 2403 comprehende-

534 2412 631 2459 rit?
700 2412 831 2460 Vere
870 2413 987 2459 mihi
1021 2414 1115 2461 hoc
1152 2414 1322 2462 videor
1359 2431 1463 2463 esse
1501 2416 1720 2465 dicturus
1741 2439 1754 2478 3
1795 2435 1858 2466 ex

537 2490 762 2537 omnibus
787 2490 862 2548 iis,
899 2491 981 2553 qui
1006 2491 1057 2537 in
1079 2491 1250 2539 harum
1287 2493 1464 2539 artium
1490 2494 1661 2543 studiis
1683 2495 1856 2544 libera..

535 2568 728 2616 lissimis
759 2568 856 2615 sint
893 2568 1223 2633 doctrinisque
1261 2572 1458 2630 versati,
1494 2572 1745 2620 minimam
1777 2591 1857 2622 co-

536 2646 667 2709 piam
690 2649 945 2709 poetarum
970 2646 1280 2710 egregiorum
1316 2650 1591 2699 exstitisse:
1630 2659 1777 2716 atque
1805 2653 1857 2700 in

536 2722 633 2770 hoc
670 2723 774 2787 ipso
814 2740 1037 2782 numero,
1076 2724 1128 2770 in
1164 2741 1261 2788 quo
1297 2743 1493 2790 perraro
1529 2730 1747 2776 exoritur
1773 2729 1857 2777 ali-

541 2800 646 2862 quis
671 2800 935 2859 excellens,
960 2801 999 2848 si
1023 2801 1303 2865 diligenter,
1327 2810 1378 2850 et
1402 2819 1463 2851 ex
1487 2812 1782 2864 nostrorum,
1807 2814 1858 2855 et

543 2893 605 2924 ex
629 2876 935 2929 Graecorum
959 2878 1102 2944 copia
1129 2894 1410 2944 comparare
1432 2879 1586 2947 voleS,
1608 2881 1764 2932 multo
1786 2890 1857 2934 ta-.
