2071 3508
771 401 1144 442 ORATORIBUS.
1542 404 1625 445 379

289 513 466 574 multa,
498 513 644 578 quam
669 518 836 558 nostra
858 517 1041 569 aetate,
1067 508 1261 573 judicia
1283 508 1502 558 fiebant:
1539 528 1625 560 ne-

292 611 388 658 que
435 593 551 652 hoc,
604 591 738 656 quod
777 592 925 653 nunc}
962 590 1037 650 fit,
1085 598 1143 639 ut
1185 607 1362 640 causae
1405 591 1630 656 singulae

291 671 678 721 defenderentur
712 687 742 718 a
774 670 1033 735 pluribus3
1078 660 1176 735 quo
1213 671 1337 718 nihil
1375 679 1450 719 est
1485 671 1629 719 vitio-

289 751 403 800 sius.
475 750 860 816 Respondemus
898 750 976 810 iis,
1012 768 1134 816 quos
1173 767 1274 800 non
1311 751 1590 800 audivimus
1611 769 1625 798 ε

288 830 342 877 in
361 845 459 894 quo
482 830 698 895 primum
723 846 870 895 saepe
895 829 1037 879 aliter
1062 837 1137 878 est
1161 830 1372 890 dictum,
1397 829 1540 878 aliter
1563 829 1628 878 ad

288 924 379 957 nos
413 908 659 958 relatum:
698 909 881 958 deinde
915 909 1086 975 magni
1121 909 1329 958 interest
1360 926 1527 959 coram
1558 911 1630 958 vi-

289 986 408 1037 dere
449 1003 549 1048 me,
596 988 1018 1052 quemadmodum
1058 987 1365 1036 adversarius
1406 988 1469 1036 de
1509 1005 1630 1054 qua-

289 1083 387 1132 que
424 1084 478 1116 re
519 1074 766 1116 asseveret
786 1088 801 1128 3
840 1067 1054 1115 maxime
1087 1075 1274 1126 autem,
1307 1068 1630 1132 quemadmo-

289 1146 410 1196 dum
435 1163 660 1212 quaeque
685 1163 762 1196 rcs
787 1147 1032 1195 audiatur.
1103 1147 1203 1195 Sed
1233 1145 1357 1194 nihil
1387 1147 1626 1205 vitiosius,

289 1243 458 1291 quam,
494 1243 610 1275 cum
642 1243 797 1275 unum
831 1243 1010 1292 corpus
1040 1227 1222 1276 debeat
1249 1244 1355 1276 esse
1385 1226 1631 1276 defensio-

290 1307 386 1366 nis,
422 1307 559 1356 nasci
592 1306 656 1355 de
680 1307 877 1371 integro
902 1323 1121 1366 causam,
1159 1324 1274 1356 cum
1300 1307 1361 1356 sit
1385 1309 1447 1356 ab
1472 1307 1630 1357 altero

288 1394 534 1451 perorata.
606 1385 848 1435 Omnium
889 1387 1024 1435 enim
1065 1403 1325 1434 causarum
1359 1403 1515 1434 unum
1555 1395 1632 1436 est

289 1465 516 1514 naturale
561 1466 882 1530 principium,
928 1481 1029 1513 una
1072 1466 1360 1529 peroratio:
1410 1465 1632 1529 reliquae

289 1552 473 1610 partes,
509 1544 648 1609 quasi
685 1546 908 1592 membra
945 1561 1034 1592 suo
1060 1560 1286 1609 quaeque
1322 1543 1436 1592 loco
1467 1543 1633 1592 locata

290 1640 429 1672 suam
449 1631 501 1672 et
518 1624 637 1683 vim,
662 1630 714 1672 et
733 1623 1030 1687 dignitatem
1048 1631 1240 1672 tenent.
1312 1624 1442 1672 Cum
1460 1632 1632 1673 autem

291 1702 491 1752 difficile
521 1703 585 1751 sit
611 1703 664 1750 in
693 1702 844 1768 longa
868 1703 1092 1752 oratione
1123 1719 1226 1752 non
1254 1702 1521 1768 aliquando
1545 1703 1631 1751 ali-

291 1783 415 1847 quid
459 1783 531 1832 ita
576 1782 760 1840 dicere,
810 1791 868 1831 ut
914 1783 1006 1832 sibi
1041 1783 1146 1848 ipse
1187 1799 1290 1834 non
1326 1783 1629 1844 conveniat3

290 1871 480 1928 quanto
521 1862 767 1913 difficilius
809 1879 1004 1922 cavere,
1050 1879 1116 1911 ne
1156 1861 1278 1927 quid
1318 1862 1454 1911 dicas
1495 1863 1633 1927 quod

290 1959 393 1991 non
432 1942 697 1992 conveniat
735 1942 840 2007 ejus
872 1942 1104 2001 orationi,
1140 1941 1224 2006 qui
1257 1949 1372 1991 ante
1403 1949 1455 1991 te
1492 1943 1631 1993 dixe-

291 2023 389 2071 rit?
428 2022 526 2070 Sed
551 2022 665 2087 quia
704 2029 755 2069 et
791 2021 931 2070 labor
961 2021 1120 2069 multo
1158 2020 1313 2086 major
1342 2029 1431 2077 est,
1471 2030 1631 2071 totam

295 2117 512 2160 causam,
555 2117 702 2165 quam
742 2108 937 2165 partem
979 2101 1166 2160 dicere,
1213 2107 1265 2148 et
1305 2100 1422 2164 quia
1465 2100 1632 2166 plures

291 2182 530 2230 ineuntur
552 2180 762 2245 gratiae,
793 2181 832 2228 si
859 2196 961 2228 uno
985 2187 1209 2245 tempore
1230 2179 1366 2228 dicas
1402 2196 1492 2245 pro
1523 2180 1633 2245 plu-

293 2260 447 2321 ribus,
478 2260 669 2310 idcirco
693 2259 822 2309 hanc
847 2259 1262 2310 consuetudinem
1293 2259 1524 2309 lubenter
1548 2260 1633 2309 ad-

294 2341 542 2390 scivimus.

360 2421 518 2469 Erant
557 2429 744 2480 tamen,
779 2421 958 2486 quibus
991 2419 1246 2469 videretur
1285 2420 1416 2469 illius
1457 2422 1633 2470 aetatis
1668 2416 1773 2477 58.

293 2499 470 2548 tertius
495 2500 666 2559 Curio,
702 2500 818 2565 quia
846 2499 1260 2565 splendidioribus
1291 2498 1498 2548 fortasse
1527 2516 1633 2548 ver-

295 2579 658 2628 bis'utebatur:
697 2587 748 2627 et
766 2579 881 2644 quia
904 2578 1085 2627 Latine
1109 2595 1210 2628 non
1233 2579 1445 2644 pessime
1463 2579 1634 2643 loque-

295 2660 460 2718 batur,
496 2674 608 2716 usu,
641 2658 810 2717 credo,
846 2657 1011 2722 aliquo
1036 2657 1343 2718 domesti003
1382 2674 1495 2705 nam
1525 2657 1634 2708 lite-

296 2754 462 2787 rarum
497 2736 766 2786 admodum
802 2736 924 2784 nihil
956 2738 1160 2786 sciebat.
1231 2737 1330 2785 Sed
1361 2738 1529 2802 magni
1561 2739 1634 2787 in-

297 2825 469 2876 terest,
506 2833 628 2882 quos
653 2817 859 2882 quisque
896 2817 1065 2866 audiat
1089 2816 1314 2882 quotidie
1339 2816 1492 2877 domi,
1528 2818 1633 2883 qui.

297 2899 508 2949 buscum
527 2896 756 2963 loquattu'
773 2913 803 2947 a
819 2913 993 2964 puer0,
1008 2896 1428 2964 quemadmodum
1447 2905 1632 2964 patres,-
