2071 3508
433 449 514 487 296
897 442 973 483 DE
1004 426 1274 481 ORATORE

426 563 539 605 ‘tum
564 555 663 602 duo
686 555 786 613 illa,
823 570 948 618 quae
972 552 1186 600 maxime
1210 559 1432 611 movent,
1473 551 1763 611 similitudo,

431 642 483 683 et
502 633 784 698 exemplum
806 650 818 680 ι
846 632 1077 696 digestio,
1101 631 1454 695 interpellatio,
1481 630 1759 690 contentio,

430 713 710 770 reticentia,
747 711 1128 767 commendatio,
1176 727 1274 758 vox
1310 709 1553 775 quaedam
1588 709 1764 769 libera,

432 800 580 855 atque
606 791 753 839 etiam
781 790 1054 848 effrenatio,
1090 789 1308 852 augendi
1342 806 1524 849 causa3
1563 789 1762 837 iracun-

432 870 532 929 dia,
557 870 850 935 objurgatio,
887 867 1160 933 promissio,
1206 867 1507 931 deprecatio,
1536 869 1762 917 obsecra-

431 949 522 1009 tio,
537 949 805 998 declinatio
818 948 981 996 brevis
1001 964 1029 994 a
1051 946 1322 1011 proposito,
1339 962 1440 994 non
1458 953 1515 994 ut
1540 948 1763 1011 superior

430 1028 513 1076 illa
539 1028 776 1092 digressio
800 1047 812 1087 3
840 1026 1091 1090 purgatio,
1117 1024 1417 1083 conciliatio,
1432 1024 1601 1082 laesio,
1629 1034 1766 1090 opta-

427 1107 515 1163 tio,
543 1114 691 1169 atque
717 1105 1005 1153 exsecratio.
1080 1103 1174 1151 His
1209 1102 1314 1152 fere
1338 1102 1608 1152 luminibus
1631 1103 1765 1152 illus-

429 1191 564 1232 trant
588 1182 860 1230 orationem
887 1181 1178 1229 sententiae.

497 1260 750 1310 Orationis
792 1267 958 1307 autem
1000 1260 1166 1324 ipsius,
1219 1267 1455 1324 tanquam
1498 1275 1765 1320 armorum,

386 1373 397 1385 .
431 1349 505 1390 est
539 1341 619 1390 vel
655 1341 719 1388 ad
754 1356 897 1387 usum
935 1339 1273 1398 comminatio,
1311 1347 1361 1387 et
1397 1338 1534 1403 quasi
1569 1339 1765 1404 petitio,

428 1420 508 1469 vel
533 1421 596 1468 ad
620 1426 932 1468 venustatem
968 1419 1072 1483 ipsa
1107 1419 1355 1467 tractatio.
1427 1418 1559 1466 Nam
1595 1426 1647 1466 et
1681 1435 1766 1483 ge-

427 1500 638 1548 minatio
662 1500 925 1547 verborum
949 1498 1103 1546 habet
1127 1497 1377 1546 interdum
1401 1498 1521 1556 vim,
1544 1497 1766 1562 leporem

429 1580 546 1628 alias
565 1601 578 1640 3
618 1588 669 1628 et
692 1578 895 1644 paulum
919 1579 1236 1626 immutatum
1272 1578 1480 1626 verbum
1505 1585 1655 1644 atque
1682 1578 1766 1627 de-

371 1721 374 1725 *
429 1660 647 1719 flexum3
687 1667 738 1708 et
773 1658 994 1723 ejusdem
1030 1658 1166 1705 verbi
1205 1659 1376 1705 crebra
1410 1664 1518 1705 tum
1543 1675 1570 1704 a
1604 1657 1765 1722 primo

428 1739 678 1803 repetitio,
704 1747 811 1786 tum
836 1738 887 1785 in
907 1744 1185 1786 extremum
1212 1736 1468 1784 conversio
1489 1756 1502 1795 3
1537 1744 1588 1789 et
1611 1737 1662 1783 in
1687 1753 1767 1796 ea-⁴

430 1818 545 1866 dem
569 1819 719 1867 verba
742 1818 975 1882 impetus,
1018 1825 1069 1866 et
1094 1816 1372 1875 concursio,
1415 1823 1465 1863 et
1489 1815 1765 1879 adjunctio,

430 1904 482 1943 et
517 1896 825 1961 progressio3
872 1903 922 1943 et
948 1894 1167 1959 ejusdem
1204 1894 1340 1943 verbi
1366 1894 1584 1942 crebrius
1618 1894 1768 1959 positi

430 1974 673 2039 quaedam
699 1974 953 2021 distinctio
975 1994 988 2033 3
1029 1981 1080 2021 et
1104 1973 1354 2021 revocatio
1378 1973 1516 2021 verbi
1537 1993 1552 2031 3
1591 1981 1643 2021 et
1665 1972 1767 2033 illa,

431 2071 556 2118 quae
574 2053 805 2101 similiter
831 2053 1083 2111 desinunt,
1125 2060 1211 2100 aut
1236 2069 1361 2116 quae
1388 2052 1577 2100 cadunt
1601 2051 1767 2100 simili-

431 2141 525 2192 ter,
551 2140 636 2181 aut
661 2149 786 2196 quae
809 2132 1006 2196 paribus
1036 2132 1171 2195 paria
1195 2131 1496 2189 referuntur,
1526 2139 1614 2179 aut
1638 2147 1764 2195 quae

389 2241 399 2252 ·
434 2219 548 2258 sunt
572 2211 701 2257 inter
726 2227 776 2257 se
801 2209 990 2256 similia.
1062 2209 1152 2256 Est
1187 2209 1336 2256 etiam
1370 2208 1596 2272 gradatio
1621 2226 1768 2273 quae-

435 2288 568 2346 dam,
594 2295 645 2335 et
669 2288 943 2346 conversio,
980 2294 1031 2334 et
1053 2287 1316 2335 verborum
1342 2287 1589 2334 concinna
1611 2294 1767 2335 trans-

432 2366 639 2430 gressio,
675 2373 726 2413 et
751 2366 1066 2421 contrarium,
1107 2372 1158 2412 et
1183 2363 1493 2422 dissolutum,
1529 2373 1580 2413 et
1612 2363 1767 2414 'decli-

433 2446 588 2505 natio,
614 2453 665 2494 et
689 2445 1024 2509 reprehensio,
1050 2452 1101 2493 et
1126 2443 1436 2500 exclamatio,
1465 2452 1516 2491 et
1538 2444 1769 2492 imminu-

432 2525 522 2584 tio,
559 2533 609 2573 et
634 2525 768 2589 quod
790 2524 842 2571 in
866 2523 1032 2572 multis
1059 2523 1250 2572 casibus
1274 2522 1489 2587 ponitur,
1535 2530 1587 2571 et
1611 2523 1764 2587 quod,

433 2604 496 2652 de
521 2603 725 2668 singulis
748 2604 894 2651 rebus
917 2602 1177 2667 propositis
1202 2602 1431 2660 ductum,
1465 2600 1678 2651 refertur
1701 2602 1766 2650 ad

433 2683 642 2747 singula,
670 2691 721 2730 et
745 2682 808 2730 ad
825 2683 1129 2747 propositum
1150 2680 1372 2745 subjecta
1395 2681 1539 2740 ratio,
1569 2688 1621 2730 et
1643 2681 1763 2729 item

433 2761 486 2808 in
528 2761 799 2810 distributis
841 2762 1092 2826 supposita
1133 2760 1274 2817 ratio,
1313 2768 1363 2807 et
1399 2759 1674 2824 permissio,
1710 2767 1762 2808 et

375 2875 378 2878 -
434 2857 627 2888 rursum
665 2841 758 2888 alia
794 2841 1056 2900 dubitatio,
1091 2848 1141 2889 et
1165 2839 1482 2904 improvisum
1508 2839 1763 2904 quiddam,

438 2926 489 2967 et
524 2919 869 2978 dinumeratio,
907 2928 958 2969 et
982 2920 1076 2970 alia
1111 2918 1374 2977 correctio,
1417 2925 1469 2967 et
1493 2917 1762 2983 dissipatio,
