2071 3508
404 410 483 447 334
909 402 986 441 DE
1016 400 1218 441 CLARIS

407 516 470 565 de
494 514 707 580 ingeniis
732 520 981 562 oratorum
1004 517 1185 575 potest.
1256 508 1355 557 Sed
1388 508 1520 557 inter
1541 508 1631 556 hos
1656 523 1736 556 ae-

405 601 509 642 tate
556 592 758 657 paulum
793 592 868 639 his
907 589 1208 639 antecedens
1246 588 1350 636 sine
1401 587 1737 637 controversia

407 673 509 722 Ser.
537 672 700 721 Galba
725 671 1008 736 eloquentia
1041 668 1287 735 praestitit
1308 686 1320 716 ε
1365 675 1416 717 et
1438 668 1671 715 nimirum
1694 667 1738 715 is

403 752 635 818 princeps
683 768 745 799 ex
781 750 992 808 Latinis,
1044 748 1127 796 illa
1170 755 1419 796 oratorum
1453 747 1651 812 propria
1686 754 1740 795 et

407 831 542 895 quasi
568 830 792 895 legitima
816 846 964 894 opera
1000 827 1245 885 tractavit,
1283 835 1340 875 ut
1365 827 1687 892 egrederetur
1710 843 1742 875 a
1808 837 1811 839 ’

407 910 660 975 proposito
684 909 891 957 ornandi
927 925 1089 964 causa,
1131 915 1189 955 ut
1224 906 1496 955 delectaret
1531 907 1740 966 animos,

407 997 467 1037 ut
489 997 815 1054 permoveret,
854 996 910 1036 ut
933 994 1139 1052 augeret
1173 1003 1296 1046 rem,
1337 994 1394 1035 ut
1417 986 1742 1035 miserationi-

407 1069 516 1124 bus,
544 1076 600 1116 ut
625 1068 968 1116 communibus
992 1066 1114 1114 locis
1137 1074 1376 1114 uteretur.
1449 1066 1548 1113 Sed
1571 1066 1744 1115 nescio

408 1148 658 1211 quomodo
683 1146 846 1210 hujus,
884 1162 1032 1210 quem
1058 1153 1252 1193 constat
1287 1145 1570 1209 eloquentia
1603 1162 1744 1210 prae-

409 1226 606 1282 stitisse,
662 1226 888 1274 exiliores
925 1224 1171 1273 orationes
1207 1231 1340 1283 sunt,
1377 1231 1428 1271 et
1462 1223 1745 1271 redolentes

410 1305 568 1369 magis
593 1305 959 1368 antiquitatem,
997 1320 1143 1367 quam
1169 1312 1255 1351 aut
1279 1301 1452 1359 Laelii,
1480 1309 1567 1350 aut
1591 1301 1747 1368 Scipi-

410 1384 538 1443 onis,
574 1391 662 1432 aut
696 1383 844 1432 etiam
880 1383 1031 1446 ipsius
1068 1382 1302 1429 Catonis:
1340 1382 1508 1445 itaque
1543 1398 1748 1430 exarue-

412 1471 548 1521 runt,
567 1463 649 1509 vix
666 1461 771 1526 jam
796 1470 853 1509 ut
877 1468 1159 1525 appareant.
1231 1460 1312 1508 De
1337 1461 1488 1525 ipsius
1512 1460 1670 1509 Laelii
1696 1469 1748 1511 et

414 1542 657 1606 Scipionis
681 1542 899 1606 ingenio,
941 1557 1220 1605 quanquam
1247 1559 1303 1589 ea
1329 1549 1402 1590 est
1429 1540 1534 1606 jam
1559 1541 1747 1606 opinio,

412 1629 472 1668 ut
494 1621 760 1685 plurimum
786 1619 1031 1667 tribuatur
1056 1620 1293 1667 ambobus
1314 1640 1326 1679 3
1357 1620 1557 1668 dicendi
1581 1628 1750 1671 tamen

413 1700 520 1748 laus
547 1708 621 1748 est
643 1700 694 1746 in
720 1698 891 1747 Laelio
915 1698 1162 1746 illustrior.
1226 1698 1299 1745 At
1322 1699 1479 1747 oratio
1504 1699 1661 1747 Laeli-i
1687 1700 1750 1749 de

417 1779 639 1843 collegiis
663 1795 762 1826 non
788 1778 978 1837 melior,
1015 1795 1180 1842 quam,
1217 1778 1279 1826 de
1304 1779 1471 1826 multis
1495 1796 1642 1845 quam
1666 1797 1750 1828 vo-

414 1858 506 1917 les,
532 1858 803 1923 Scipionis:
848 1874 947 1905 non
974 1875 1071 1921 quo
1095 1857 1178 1905 illa
1213 1858 1370 1906 Laelii
1395 1858 1663 1922 quidquam
1689 1859 1752 1908 sit

419 1937 632 1996 dulcius,
659 1947 744 1985 aut
769 1937 902 2001 quod
928 1937 988 1985 de
1009 1936 1247 2001 religione
1274 1937 1372 1985 dici
1396 1938 1550 2002 possit
1575 1955 1752 2003 augus-

418 2018 549 2076 tius3
595 2017 682 2064 sed
722 2017 880 2064 multo
920 2025 1086 2065 tamen
1125 2018 1382 2076 vetustior,
1425 2026 1474 2066 et
1509 2017 1754 2067 horridior

418 2097 521 2156 ille,
548 2113 693 2160 quam
712 2098 903 2162 Scipio:
938 2105 987 2145 et
1013 2113 1125 2144 cum
1152 2097 1248 2145 sint
1273 2098 1323 2144 in
1349 2097 1564 2146 dicendo
1588 2099 1752 2148 variae

420 2166 721 2235 voluntates,
759 2176 995 2224 delectari
1031 2176 1149 2222 mihi
1176 2176 1331 2240 magis
1367 2178 1661 2242 antiquitate
1686 2179 1756 2227 vi-

355 2308 359 2314 :
422 2252 586 2312 detur,
623 2262 673 2301 et
696 2253 925 2302 lubenter
960 2254 1119 2302 verbis
1156 2255 1303 2302 etiam
1329 2255 1402 2303 uti
1426 2256 1573 2319 paulo
1598 2258 1754 2321 magis

419 2333 593 2398 priscis
618 2333 832 2381 Laelius.
894 2334 992 2381 Sed
1011 2341 1084 2381 est
1103 2350 1208 2381 mos
1233 2333 1504 2391 hominum,
1522 2343 1578 2383 ut
1592 2335 1754 2385 nolint

420 2402 638 2459 'eundem
662 2410 883 2475 pluribus
919 2412 1064 2459 rebus
1101 2410 1361 2459 excellere.
1432 2412 1562 2460 Nam
1598 2421 1655 2462 ut
1689 2417 1754 2463 ex

420 2490 601 2539 bellica
622 2490 769 2538 laude
806 2490 1054 2554 adspirare
1078 2490 1140 2538 ad
1168 2489 1462 2538 Africanum
1498 2508 1645 2541 nemo
1667 2510 1755 2559 po-

421 2577 538 2628 test,
573 2570 623 2616 in
660 2586 756 2633 qua
792 2569 893 2633 ipsa
919 2569 1175 2633 egregium
1207 2569 1385 2617 viriati
1421 2569 1552 2619 bello
1575 2572 1756 2637 reperi-

421 2665 530 2696 mus
555 2648 703 2697 fuisse
730 2648 954 2696 Laelium
980 2666 991 2695 ε
1036 2649 1104 2696 sic
1131 2648 1335 2713 ingenii,
1360 2649 1632 2710 literarum,
1657 2650 1755 2699 elo-

424 2730 676 2792 quentiae,
713 2729 981 2794 sapientiae
1019 2728 1247 2792 denique,
1301 2729 1390 2777 etsi
1428 2730 1624 2795 utrique
1658 2731 1756 2796 pri-

423 2823 545 2867 mas,
597 2809 782 2872 priores
832 2816 999 2857 tamen
1035 2807 1247 2856 libenter
1297 2808 1530 2857 deferunt
1563 2809 1751 2858 Laelio.

424 2884 535 2935 Nec
561 2887 680 2936 mihi
700 2895 1008 2937 caeterorum
1025 2886 1219 2952 judicio
1244 2886 1401 2938 solum
1426 2888 1641 2949 videtur,
1665 2888 1754 2940 sed
