2071 3508
422 400 473 439 73
888 397 965 437 DE
995 397 1264 437 ORATORE·

425 507 584 562 cebas,
610 504 853 554 videbam.
925 506 1143 554 Primum
1179 505 1441 554 Scaevolae
1474 513 1526 554 te
1552 505 1750 561 dedisti,-

426 602 571 648 quem
596 602 764 634 omnes
802 603 963 635 amare
999 586 1308 635 meritissimo
1330 602 1419 650 pro
1444 584 1547 650 ejus
1571 584 1752 633 eximia

426 665 664 713 suavitate
706 665 973 713 debemus:
1029 665 1167 729 cujus
1209 673 1363 714 artem
1405 681 1518 713 cum
1558 664 1748 711 indota-

425 749 526 790 tam
563 761 666 792 esse
703 752 753 792 et
786 744 1055 792 incomtam
1096 743 1307 803 videres,
1341 744 1602 792 verborum
1643 752 1753 790 eam

427 821 543 870 dote
579 822 890 887 locupletasti
933 831 984 871 et
1026 822 1223 869 ornasti.
1298 821 1497 869 Deinde
1532 820 1664 885 quod
1699 820 1750 866 in

427 918 484 948 ea
518 910 574 948 tu
602 901 712 965 plus
737 918 913 965 operae
937 901 1211 964 laborisque
1247 915 1599 956 consumseras,
1636 915 1751 946 cum

426 977 529 1042 ejus
576 980 725 1027 studii
760 979 849 1027 tibi
897 987 948 1027 et
994 979 1214 1026 hortator
1255 985 1306 1026 et
1344 977 1578 1041 magister
1622 982 1752 1024 esset

427 1057 574 1114 domi,
612 1058 794 1105 veritus
831 1074 896 1113 es,
928 1057 1020 1104 nisi
1055 1057 1197 1104 istam
1233 1063 1388 1104 artem
1424 1055 1644 1103 oratione
1669 1070 1753 1102 ex-

282 1155 392 1195 235,
426 1151 721 1199 aggerasses,
759 1151 821 1181 ne
847 1150 1045 1197 operam
1067 1133 1378 1197 perdidisses
1450 1132 1548 1181 Sed
1573 1149 1667 1197 ego
1689 1148 1752 1182 ne

427 1230 540 1261 cum
574 1213 668 1260 ista
708 1212 907 1276 quidem
949 1218 1051 1258 arte
1088 1226 1288 1274 pugno:
1341 1211 1403 1258 sit
1443 1227 1559 1260 sane
1595 1218 1753 1271 tanta,

426 1299 659 1355 quantam
683 1299 740 1339 tu
763 1289 896 1337 illam
921 1305 1025 1338 esse
1048 1289 1121 1337 vis
1145 1309 1159 1348 3
1199 1289 1382 1337 etenim
1419 1289 1523 1337 sine
1559 1298 1753 1339 contro-

426 1372 583 1419 versia
607 1379 658 1420 et
681 1387 860 1435 magna
884 1378 971 1427 est,
1017 1378 1067 1418 et
1100 1369 1199 1418 late
1221 1376 1374 1435 patet,
1413 1377 1465 1418 et
1487 1369 1550 1418 ad
1573 1370 1754 1419 multos

425 1451 657 1514 pertinet,
698 1458 749 1498 et
786 1465 977 1497 summo
1017 1449 1068 1496 in
1105 1449 1291 1498 honore
1328 1465 1519 1514 semper
1552 1448 1666 1509 fuit,
1701 1456 1754 1498 et

428 1528 679 1577 clarissimi
716 1529 847 1576 cives
872 1529 917 1576 ei
943 1528 1106 1577 studio
1132 1528 1278 1577 etiam
1314 1528 1461 1576 hodie
1484 1536 1748 1593 praesunt:

427 1608 514 1656 sed
537 1608 664 1664 vide,
694 1607 884 1666 Crasse,
915 1624 996 1666 ne,
1022 1607 1141 1655 dum
1165 1623 1293 1656 novo
1318 1616 1370 1656 et
1392 1606 1553 1656 alieno
1576 1614 1752 1656 ornatu

425 1686 544 1734 velis
580 1703 751 1734 ornare
784 1685 908 1749 juris
945 1685 1098 1733 civilis
1135 1686 1408 1745 scientiam,
1444 1702 1532 1734 suo
1556 1702 1751 1750 quoque

427 1780 534 1814 eam
560 1778 793 1814 concesso
832 1772 882 1813 et
918 1764 1100 1812 tradito
1138 1764 1313 1829 spolies
1338 1772 1486 1829 atque
1511 1764 1749 1814 denudes.

282 1857 393 1899 236,
428 1844 578 1904 Nam,
612 1845 651 1892 si
690 1844 760 1891 ita
802 1843 1009 1903 diceres,
1051 1844 1135 1907 qui
1172 1842 1552 1908 jurisconsultus
1605 1852 1748 1903 esset,

426 1941 530 1972 esse
572 1940 685 1972 eum
723 1930 985 1982 oratorem,
1025 1923 1243 1987 itemque
1285 1922 1369 1986 qui
1409 1929 1537 1970 esset
1570 1930 1750 1981 orator,

414 2003 539 2067 juris
580 2002 793 2051 eundem
833 2018 936 2050 esse
973 2001 1287 2061 consultum3
1325 2000 1597 2065 praeclaras
1630 2001 1751 2052 duas

423 2089 550 2130 artes
575 2082 918 2139 constitueres,
942 2088 1090 2144 atque
1121 2080 1251 2128 inter
1275 2096 1326 2127 se
1349 2095 1510 2144 pares,
1546 2087 1597 2128 et
1626 2079 1750 2145 ejus-

422 2159 536 2207 dem
575 2160 729 2207 socias
765 2159 1033 2223 dignitatis.
1105 2158 1255 2206 Nunc
1289 2174 1408 2206 vero
1429 2156 1750 2222 jurisconsul-

422 2246 529 2285 tum
553 2237 657 2286 sine
680 2237 772 2284 hac
798 2236 1097 2300 eloquentia,
1134 2235 1196 2284 de
1235 2252 1332 2300 qua
1361 2236 1657 2300 quaerimus,
1679 2236 1751 2286 fa-

420 2317 537 2364 teris
578 2332 682 2364 esse
718 2331 860 2380 posse
901 2314 1148 2378 fuisseque
1184 2313 1451 2378 plurimos:
1503 2321 1748 2364 oratorem

421 2410 590 2458 negas,
609 2393 702 2440 nisi
720 2392 852 2440 illam
871 2392 1126 2441 scientiam
1145 2392 1437 2449 assumserit,
1465 2408 1569 2441 esse
1586 2408 1745 2457 posse.

423 2472 502 2520 Ita
525 2479 599 2520 est
622 2471 712 2519 tibi
737 2470 1116 2535 jurisconsultus
1151 2470 1256 2534 ipse
1290 2485 1378 2534 per
1403 2486 1453 2518 se
1477 2469 1618 2530 nihil,
1651 2471 1747 2520 nisi

420 2549 660 2615 leguleius
686 2549 883 2613 quidam
910 2557 1083 2597 cautus
1102 2555 1152 2596 et
1175 2555 1367 2607 acutus,
1390 2565 1570 2612 praeco
1595 2549 1746 2598 actio-

421 2645 558 2686 num,
583 2636 756 2675 cantor
773 2626 1111 2686 formularum,
1130 2643 1310 2691 auceps
1327 2626 1638 2692 syllabarum,
1657 2628 1745 2676 sed

421 2707 534 2770 quia
558 2723 701 2771 saepe
726 2706 881 2754 utitur
905 2713 1067 2754 orator
1101 2705 1317 2754 subsidio
1337 2704 1461 2770 juris
1490 2706 1542 2753 in
1567 2706 1744 2764 causis,

422 2784 607 2833 idcirco
645 2786 786 2834 istam
819 2784 942 2849 juris
979 2784 1235 2833 scientiam
1271 2783 1598 2848 eloquentiae,
1635 2792 1741 2833 tan-

421 2879 566 2926 quam
591 2864 868 2914 ancillulam
886 2864 1343 2929 pedissequamque,
1368 2861 1650 2926 adjunxisti.
