2071 3508
553 442 631 478 512
1108 439 1270 480 TOPIC
1278 441 1325 479 A.

550 547 759 611 pliciter,
814 547 1173 612 Expetendane
1214 548 1278 596 sit
1316 547 1504 613 gloria:
1576 556 1876 614 comparate,

554 627 970 692 Praeponendane
1006 629 1067 676 sit
1103 628 1286 676 divitiis
1326 627 1498 692 gloria.
1570 627 1874 692 Simplicium

550 705 644 753 tria
679 723 863 770 genera
904 715 1046 754 sunt:
1086 706 1148 754 de
1191 707 1471 770 expetendo
1505 694 1873 770 fugiendoque:

551 785 613 832 de
633 802 791 849 aequo
816 793 867 833 et
891 786 1082 849 iniquo:
1121 785 1182 833 de
1206 786 1415 833 honesto
1440 793 1490 833 et
1513 786 1660 849 turpi.
1731 786 1876 834 Com-

549 864 859 926 parationum
923 872 1087 911 autem
1135 864 1253 923 duo,
1305 881 1460 911 unum
1508 865 1569 912 de
1607 864 1784 912 eodem
1826 872 1877 913 et

550 942 678 989 alio:
717 941 925 989 alterum
951 941 1012 989 de
1037 940 1220 1004 majore
1255 949 1307 989 et
1346 941 1551 990 minore.
1621 943 1701 990 De
1725 958 1874 1006 expe·-

549 1019 701 1066 tendo
737 1026 789 1066 et
822 1018 1077 1082 fugiendo,
1115 1017 1426 1082 hujusmodi:
1480 1020 1529 1067 Si
1566 1020 1874 1084 expetendae

549 1097 763 1153 divitiae,
787 1097 825 1143 si
843 1096 1079 1160 fugienda
1095 1104 1374 1160 paupertas.
1444 1097 1526 1144 De
1549 1113 1707 1161 aequo
1732 1106 1782 1146 et
1804 1099 1876 1146 in-

547 1176 694 1239 iquo:
767 1176 1068 1240 Aequumne
1093 1175 1156 1222 sit
1189 1174 1381 1233 ulcisci,
1417 1191 1445 1222 a
1469 1191 1782 1239 quocumque
1804 1176 1876 1223 in-

537 1252 719 1316 juriam
761 1254 1027 1318 acceperis.
1100 1254 1180 1301 De
1216 1254 1425 1301 honesto
1457 1261 1508 1301 et
1530 1253 1696 1318 turpi:
1770 1253 1876 1302 Ho-

546 1340 806 1380 nestumne
832 1333 894 1380 sit
927 1349 1016 1397 pro
1039 1332 1198 1396 patria
1221 1331 1361 1379 mori.
1432 1332 1511 1379 Ex
1528 1331 1683 1379 altero
1708 1339 1874 1380 autem

544 1428 748 1475 genere,
783 1412 918 1475 quod
942 1419 1046 1460 erat
1086 1411 1394 1475 bipartitum,
1429 1427 1584 1458 unum
1606 1418 1684 1458 est
1708 1410 1770 1458 de
1795 1427 1875 1459 eo-

546 1490 660 1538 dem
709 1499 760 1538 et
803 1491 927 1538 alio:
982 1499 1056 1549 ut,
1104 1491 1142 1537 si
1195 1497 1472 1554 quaeratur,
1525 1490 1643 1554 quid
1682 1489 1876 1538 intersit

545 1569 675 1618 inter
714 1570 942 1626 amicum,
987 1578 1038 1618 et
1061 1577 1449 1628 assentatorem3
1486 1585 1675 1633 regem,
1713 1576 1765 1617 et
1798 1575 1876 1635 ty-

544 1666 768 1697 rannum.
847 1649 1076 1697 Alterum
1115 1649 1177 1696 de
1212 1648 1395 1713 majore
1437 1656 1488 1696 et
1527 1648 1746 1696 minore:
1799 1657 1874 1709 ut,

545 1729 585 1776 si
627 1736 924 1793 quaeratur,>
948 1728 1293 1792 eloquentiane
1331 1727 1484 1792 pluris
1526 1728 1605 1786 sit,
1655 1744 1716 1775 an
1749 1727 1874 1792 juris

547 1808 702 1855 civilis
744 1807 963 1855 scientia.
1048 1807 1129 1854 De
1172 1807 1467 1870 cognitionis
1508 1807 1874 1870 quaestionibus

546 1886 801 1934 hactenus.
874 1885 1102 1933 Actionis
1127 1885 1342 1948 reliquae
1368 1892 1510 1932 sunt:
1550 1902 1754 1948 quarum
1773 1886 1873 1934 duo

546 1973 660 2012 sunt
683 1981 866 2028 genera
887 1983 898 2012 ε
937 1981 1090 2012 unum
1116 1963 1179 2011 ad
1197 1963 1430 2022 officium,
1454 1963 1661 2011 alterum
1687 1964 1750 2012 ad
1773 1981 1874 2013 mo-

545 2052 651 2091 tum
693 2044 842 2091 animi
879 2043 958 2093 vel
982 2042 1309 2107 gignendum,
1347 2041 1423 2090 vel
1448 2042 1735 2100 sedandum,
1771 2043 1874 2107 pla-

545 2136 670 2170 neve
716 2121 1006 2169 tollendum.
1102 2120 1186 2168 Ad
1227 2119 1441 2168 officium
1483 2122 1585 2181 sic3
1640 2129 1715 2181 ut,
1756 2138 1872 2170 cum

544 2202 812 2265 quaeritur,
830 2200 1191 2264 suscipiendine
1217 2199 1313 2247 sint
1335 2199 1490 2247 liberi.
1564 2199 1649 2247 Ad
1672 2217 1871 2249 moven-

544 2280 632 2327 dos
658 2280 862 2336 animos,
900 2295 1012 2326 cum
1053 2278 1179 2325 fiunt
1214 2278 1578 2326 cohortationes
1613 2279 1677 2326 ad
1702 2278 1870 2328 defen-

543 2358 757 2405 dendam
798 2356 1166 2421 rempublicam,
1210 2357 1271 2404 ad
1312 2356 1532 2420 gloriam,
1571 2364 1622 2405 et
1663 2357 1726 2404 ad
1766 2358 1868 2406 lau-

544 2437 693 2484 dem:
739 2452 835 2499 quo
876 2452 938 2483 ex
974 2451 1156 2498 genere
1191 2442 1304 2482 sunt
1342 2435 1583 2498 querelae,
1627 2435 1870 2484 incitatio-

545 2532 645 2571 nes,
698 2514 1130 2577 miserationesque
1168 2513 1368 2570 flebiles,
1411 2531 1672 2580 rursusque
1710 2515 1868 2563 orat-io

546 2610 660 2641 cum
700 2592 1003 2640 iracundiam
1042 2592 1365 2656 restinguens,
1408 2599 1515 2640 tum
1555 2600 1743 2640 metum
1780 2593 1870 2641 eri-

545 2672 702 2735 piens,
751 2678 857 2717 tum
900 2670 1205 2717 exultantem
1244 2670 1481 2718 laetitiam
1523 2669 1867 2735 comprimens,

544 2757 650 2795 tum
692 2748 1053 2811 aegritudinem
1094 2750 1393 2813 abstergens.
1479 2748 1622 2796 Haec
1661 2763 1775 2796 cum
1814 2747 1867 2795 in

545 2827 804 2890 propositis
842 2827 1206 2890 quaestionibus
1244 2844 1427 2892 genera
1444 2826 1566 2886 sint,
1606 2825 1779 2875 eadem
1813 2825 1865 2873 in

547 2921 715 2953 causas
737 2905 1114 2954 transferuntur.
1584 2915 1587 2917 ’
