2071 3508
264 703 369 766 84.

404 446 485 484 412
917 443 995 482 DE
1025 442 1226 483 CLARIS

406 553 537 602 enim
563 553 885 619 Thucydides
910 553 948 601 si
965 553 1208 618 posterius
1230 550 1422 611 fuisset,
1457 551 1614 601 multo
1638 568 1738 602 ma-

405 631 561 680 turior
583 631 773 688 fuisset,
813 639 864 680 et
888 632 1066 680 mitior.

472 711 864 760 Demosthenem
898 712 1051 776 igitur
1085 712 1349 759 imitemur.
1422 709 1469 759 O
1495 710 1562 758 dii
1585 709 1734 759 boni!

407 791 541 855 quid,
581 808 779 856 quaeso,
821 807 910 838 nos
935 790 1070 838 aliud
1104 790 1309 855 agimus,
1349 798 1436 838 aut
1460 789 1578 853 quid
1603 787 1739 836 aliud

404 877 630 935 optamus
652 871 668 918 ?
705 878 756 919 at
779 886 879 917 non
904 869 1222 933 assequimur.
1296 868 1386 917 Isti
1411 868 1542 916 enim
1566 866 1736 915 videli-

405 955 488 995 cet
537 948 699 996 Attici
746 948 921 1006 nostri,
969 947 1106 1010 quod
1146 946 1339 1006 volunt,
1391 954 1735 1010 assequuntur.

403 1027 482 1074 Ne
505 1026 630 1074 illud
671 1027 870 1091 quidem
894 1026 1199 1091 intelligunt,
1235 1043 1335 1075 non
1370 1025 1520 1074 modo
1544 1026 1614 1073 ita
1637 1042 1737 1073 me-

400 1106 585 1154 moriae
621 1106 872 1171 proditum
915 1123 1037 1164 esse,
1089 1106 1176 1153 sed
1215 1105 1285 1160 ita
1325 1122 1527 1154 necesse
1564 1104 1735 1164 fuisse,

399 1202 512 1233 cum
539 1185 905 1234 Demosthenes
931 1185 1154 1233 dicturus
1179 1192 1322 1241 esset,
1365 1191 1423 1231 ut
1448 1200 1735 1244 concursus,

398 1263 633 1312 audiendi
675 1280 840 1323 causa,
894 1280 956 1311 ex
997 1271 1104 1311 tota
1145 1262 1360 1310 Graecia
1400 1261 1589 1311 fierent.
1662 1262 1735 1311 At

397 1361 512 1393 cum
551 1343 633 1391 isti
677 1343 838 1391 Attici
880 1343 1073 1401 dicunt,
1126 1357 1227 1389 non
1267 1341 1417 1389 modo
1457 1359 1487 1389 a
1533 1358 1734 1402 corona,

397 1423 557 1487 (quod
581 1430 656 1470 est
679 1423 839 1487 ipsum
866 1419 1166 1481 miserabile)
1204 1420 1292 1469 sed
1328 1420 1476 1469 etiam
1503 1421 1562 1468 ab
1587 1420 1734 1470 advo-

397 1503 520 1551 catis
553 1502 911 1566 relinquuntur.
985 1500 1151 1557 Quare
1178 1500 1217 1547 si
1249 1508 1478 1565 anguste,
1521 1508 1572 1548 et
1595 1499 1732 1549 exih'-

395 1582 681 1640 terdicere,
707 1590 781 1630 est
807 1580 1109 1637 Atticorum,
1149 1580 1246 1628 sint
1271 1597 1387 1628 sane
1414 1580 1606 1628 Attici:
1646 1581 1733 1629 sed

393 1662 444 1708 in
485 1661 741 1710 comitium
783 1661 1000 1717 veniant,
1053 1659 1116 1707 ad
1153 1668 1366 1707 stantem
1399 1659 1625 1723 judicem
1661 1660 1732 1708 ἀί-

394 1748 525 1789 cant.
598 1738 837 1787 Subsellia
871 1737 1204 1802 grandiorem,
1248 1745 1298 1785 et
1337 1737 1609 1802 pleniorem
1647 1754 1731 1789 vo-

391 1837 501 1870 cem
541 1818 840 1866 desiderant.
924 1816 1055 1865 Volo
1090 1816 1186 1864 hoc
1227 1817 1408 1864 oratori
1450 1817 1730 1882 contingat,

390 1908 446 1946 ut
489 1914 601 1946 cum
645 1897 870 1944 auditum
908 1896 970 1944 sit
1006 1912 1119 1944 eum
1157 1912 1261 1943 esse
1288 1895 1552 1952 dicturum,
1589 1896 1729 1946 locus

388 1979 439 2025 in
465 1977 686 2026 subseliis
711 1985 1005 2041 occupetur,
1032 1975 1338 2040 compleatur
1362 1975 1727 2041 t1·ibunal„gra.

387 2058 498 2107 tiosi
524 2058 711 2106 scribae
737 2057 834 2104 sint
874 2057 924 2104 in
951 2056 1115 2103 dando
1141 2063 1191 2103 et
1224 2055 1450 2103 cedendo
1476 2055 1606 2115 loco,
1643 2073 1723 2106 co-

387 2154 508 2186 rona
547 2136 827 2200 multiplex,
860 2134 1019 2199 judex
1058 2143 1286 2182 erectus:
1333 2150 1445 2181 cum
1474 2135 1632 2199 surgit
1665 2135 1724 2196 is,

388 2218 472 2282 qui
499 2217 720 2270 dicturus
744 2215 825 2273 sit,
863 2213 1168 2278 significetur
1193 2231 1221 2261 a
1247 2229 1429 2262 corona
1453 2212 1723 2274 silentium,

387 2295 569 2344 deinde
611 2296 811 2343 crebrae
854 2294 1172 2350 assensiones,
1217 2292 1402 2340 multae
1443 2292 1722 2342 admiratio-

384 2392 473 2423 nes
494 2393 506 2422 :
545 2374 686 2432 risus,
711 2390 824 2422 cum
849 2373 970 2421 velit
990 2393 1003 2432 ;
1033 2390 1146 2420 cum
1171 2371 1309 2430 velit,
1334 2371 1479 2419 fletus
1502 2389 1513 2418 :
1541 2380 1616 2430 ut,
1635 2373 1719 2437 qui

380 2454 507 2505 haec
545 2453 720 2518 procul
757 2452 942 2510 videat,
993 2451 1201 2510 etiamsi,
1252 2451 1370 2516 quid
1408 2458 1596 2515 agatur,
1635 2467 1720 2500 ne-

384 2535 540 2594 sciat3
585 2541 636 2581 at
669 2532 865 2597 placere
906 2540 1088 2588 tamen,
1134 2540 1183 2581 et
1208 2531 1257 2578 in
1284 2547 1430 2579 scena
1461 2547 1566 2579 esse
1593 2530 1719 2580 Ros-

384 2614 516 2663 cium
557 2611 818 2677 intelligat.
915 2611 1057 2659 Haec
1101 2611 1181 2659 cui
1231 2611 1542 2674 contingant,
1602 2627 1716 2659 eum

381 2693 507 2743 scito
534 2692 707 2740 Attice
728 2691 917 2749 dicere,
953 2698 1010 2738 ut
1035 2690 1096 2738 de
1123 2689 1314 2737 Pericle
1339 2689 1631 2746 audivimus,
1657 2697 1716 2738 ut

382 2772 443 2821 de
471 2772 748 2836 Hyperide,
784 2779 840 2819 ut
882 2771 943 2818 de
981 2768 1249 2825 Aeschine,
1288 2768 1350 2816 de
1373 2769 1480 2833 ipso
1514 2768 1714 2833 quidem

380 2850 721 2899 Demosthene
746 2850 976 2898 maxime.
1047 2849 1131 2897 Sin
1157 2856 1322 2896 autem
1347 2855 1564 2904 acutum,
1601 2862 1712 2911 pru-

380 2928 521 2988 denS,
556 2935 607 2979 et
629 2928 763 2979 idem
787 2929 1053 2988 sincerum,
1079 2935 1132 2977 et
1155 2926 1383 2985 solidum,
1410 2933 1470 2983 ¹et
1495 2925 1710 2975 exsicca-
