2071 3508
363 759 442 800 61.

374 2396 451 2435 63.

470 390 548 432 11⁶2*
941 384 1017 429 DE
1048 387 1314 430 ORATORE

468 508 607 550 tactu
632 500 768 564 quasi
804 499 1023 549 colorari.
1095 500 1192 547 Sed
1231 517 1295 548 ne
1330 498 1474 547 latius
1514 498 1610 546 hoc
1649 496 1788 546 vobis

469 586 638 643 patere
661 579 903 637 videatur,
925 578 1051 626 haec
1075 578 1316 626 duntaxat
1344 577 1395 624 in
1420 576 1625 625 Graecis
1648 575 1790 624 intel-

470 656 591 720 ligo,
616 673 740 720 quae
764 657 874 722 ipsi,
900 657 981 720 qui
1007 657 1324 719 scripserunt,
1354 654 1615 702 voluerunt
1639 671 1666 701 a
1688 652 1792 701 vul-

473 751 538 798 go
562 734 787 798 intelligi.
859 733 919 780 In
942 733 1256 797 philosophos
1290 739 1476 780 vestros
1517 733 1556 779 si
1597 730 1794 796 quando

473 812 645 870 incidi,
687 811 925 875 deceptus
962 810 1206 858 indicibus
1229 809 1481 868 librorum,
1522 809 1657 873 quod
1681 815 1794 856 sunt

471 889 574 937 fere
615 889 836 953 inscripti
878 889 939 936 de
981 890 1125 936 rebus
1159 888 1288 935 notis
1328 895 1378 935 et
1412 887 1693 941 illustribus,
1732 885 1794 933 de

471 967 673 1025 virtute,
698 967 759 1014 de
775 966 986 1030 justitia,
1023 965 1084 1013 de
1118 965 1394 1024 honestate,
1432 964 1494 1012 de
1523 963 1795 1027 voluptate,

472 1046 676 1093 verbum
716 1061 912 1108 prorsus
952 1044 1140 1091 nullum
1178 1043 1435 1107 intelligo:
1472 1042 1542 1109 ita
1577 1049 1692 1090 sunt
1715 1058 1798 1089 an-

472 1123 628 1186 gustis
653 1130 703 1169 et
728 1122 935 1169 concisis
961 1121 1370 1185 disputationibus
1394 1120 1583 1184 illigati.
1623 1120 1798 1168 Poetas

473 1201 692 1256 omnino,
734 1200 871 1262 quasi
912 1199 1005 1246 alia
1041 1199 1249 1262 quadam
1272 1198 1442 1262 lingua
1464 1198 1674 1256 locutos,
1698 1213 1800 1245 non

475 1295 626 1327 conor
651 1278 911 1341 attingere.
971 1277 1099 1324 Cum
1123 1277 1197 1324 his
1222 1294 1300 1324 me
1326 1280 1407 1340 (ut
1431 1277 1558 1337 dixi)
1584 1275 1800 1334 oblecto,

475 1357 559 1422 qui
605 1374 681 1404 res
725 1364 906 1420 gestas,
953 1363 1039 1403 aut
1080 1355 1163 1418 qui
1215 1356 1458 1403 orationes
1501 1355 1802 1419 scripserunt

477 1453 604 1494 suas,
640 1443 725 1483 aut
763 1435 846 1499 qui
883 1435 952 1482 ita
981 1434 1269 1497 loquuntur,
1304 1442 1362 1482 ut
1383 1434 1644 1482 videantur
1665 1432 1802 1481 volu-

476 1515 571 1562 isse
595 1510 753 1573 1101115,
770 1513 852 1577 qui
876 1530 976 1561 non
1001 1530 1166 1561 sumus
1186 1513 1519 1572 eruditissimi,
1539 1529 1642 1561 esse
1661 1511 1801 1560 fami-

477 1592 635 1640 liares.

547 1672 643 1719 Sed
667 1671 782 1718 illuc
807 1671 972 1719 redeo.
1042 1671 1320 1729 Videtisne,
1362 1678 1600 1734 quantum
1623 1687 1801 1719 munus

437 1799 446 1810 ‚
481 1751 542 1797 sit
565 1757 767 1796 oratoris
792 1748 1027 1795 historia?
1064 1749 1197 1795 haud
1221 1749 1340 1807 5610,
1376 1765 1438 1795 an
1473 1749 1674 1796 flumine
1699 1765 1803 1796 ora-

479 1827 624 1877 tionis
650 1835 700 1875 et
722 1827 958 1873 varietate
982 1826 1250 1873 maximum
1272 1844 1283 1873 :
1322 1842 1484 1889 neque
1508 1834 1674 1874 tamen
1695 1843 1804 1874 eam

477 1906 667 1971 reperio
692 1920 896 1968 usquam
933 1904 1191 1967 separatim
1227 1905 1516 1952 instructam
1551 1904 1804 1953 rhetorum

476 1984 784 2049 praeceptis:
825 1982 916 2029 sita
954 1990 1067 2029 sunt
1105 1982 1235 2030 enim
1271 1990 1385 2030 ante
1418 1982 1601 2031 oculos.
1671 1984 1806 2032 Nam

479 2064 585 2127 quis
623 2063 800 2120 nescit,
836 2061 1043 2125 primam
1085 2078 1189 2108 esse
1230 2061 1460 2110 historiae
1497 2062 1679 2126 legem,
1719 2065 1804 2112 ,Ne

481 2143 595 2204 quid
614 2129 737 2203 falsi
779 2141 932 2187 (licere
973 2142 1184 2187 audeat?
1224 2140 1422 2200 deinde,
1458 2143 1542 2189 Ne
1567 2143 1683 2205 quid
1703 2143 1804 2190 veri

480 2236 573 2266 non
598 2221 808 2265 audeat?
846 2219 929 2264 Ne
968 2235 1059 2279 qua
1094 2219 1293 2282 suspicio
1313 2221 1503 2281 gratiae
1525 2221 1588 2267 sit
1615 2220 1664 2267 in
1692 2221 1805 2268 scri-

484 2298 629 2343 bendo
650 2300 671 2343 ,Ρ
710 2296 793 2342 Ne
818 2311 909 2357 qua
933 2296 1176 2342 simultatis
1195 2301 1216 2343 ἒ
1257 2296 1400 2343 Haec
1419 2296 1609 2344 scilicet
1630 2297 1804 2346 funda-

482 2382 648 2421 menta
672 2380 788 2420 nota
815 2380 928 2419 sunt
953 2374 1191 2420 omnibus.
1264 2373 1378 2438 Ipsa
1413 2382 1578 2422 autem
1609 2376 1804 2424 exaedi-

481 2452 643 2499 ficatio
666 2452 824 2515 posita
849 2458 922 2499 est
946 2451 996 2497 in
1020 2452 1183 2510 rebus,
1210 2460 1259 2499 et
1281 2453 1457 2501 verbis.
1518 2454 1706 2502 Rerum
1730 2472 1802 2503 ra-

480 2531 550 2577 tio
576 2530 797 2576 ordinem
833 2536 1111 2593 temporum
1137 2530 1399 2589 desiderat,
1434 2532 1693 2596 regionum
1719 2534 1802 2583 de-

481 2608 796 2672 scriptionem
819 2626 830 2654 :
857 2607 963 2654 vult
978 2608 1124 2655 etiam
1146 2609 1399 2672 (quoniam
1424 2609 1475 2656 in
1499 2611 1644 2659 rebus
1668 2629 1800 2677 mag-

481 2688 555 2733 nis
581 2687 909 2749 memoriaque
936 2686 1111 2750 dignis,
1141 2687 1342 2735 consilia
1363 2689 1594 2752 primum,
1619 2690 1798 2740 deinde

483 2774 609 2822 acta,
645 2772 815 2827 postea
854 2772 1058 2812 eventus
1095 2762 1472 2829 exspectantur)
1511 2775 1562 2815 et
1597 2768 1659 2816 de
1684 2786 1798 2817 con-

482 2843 596 2889 siliis
622 2842 880 2906 significari
907 2843 1024 2907 quid
1049 2844 1256 2908 scriptor
1277 2846 1472 2909 probet,
1507 2854 1559 2895 et
1580 2846 1631 2897 in
1653 2847 1799 2896 rebus
