2071 3508
368 506 469 568 17.

500 421 579 458 504
1051 417 1266 457 TOPICA.

573 525 672 574 Sed
710 532 876 574 tamen
901 542 1067 574 earum
1104 541 1379 585 causarum,
1417 541 1542 591 quae
1575 541 1676 574 non
1711 534 1826 575 sunt

506 612 809 664 constantes,
843 604 964 652 aliae
1006 613 1121 653 sunt
1154 604 1463 670 perspicuae,
1496 604 1618 652 aliae
1650 604 1825 654 latent.

506 683 801 747 Perspicuae
826 691 955 740 sunt,
993 700 1116 748 quae
1142 683 1495 752 appetitionem
1521 683 1670 731 animi
1696 682 1829 747 judi-

506 761 736 826 ciumque
772 770 1017 826 tangunt:
1060 763 1235 822 latent,
1268 779 1394 826 quae
1435 762 1684 827 subjectae
1714 768 1830 809 sunt

505 839 750 887 fortunae.
823 840 949 887 Cum
975 841 1106 888 enim
1130 841 1251 888 nihil
1276 841 1379 889 sine
1405 857 1550 889 causa
1572 840 1689 900 fiat3
1732 839 1830 887 hoc

505 919 665 981 ipsum
691 927 765 966 est
787 919 1014 966 fortunae
1039 926 1263 976 eventus,
1287 921 1494 967 obscura
1517 936 1680 978 causa,
1705 934 1830 982 quae

505 994 717 1042 latenter
758 994 920 1041 efficit.
991 995 1154 1042 Etiam
1196 1011 1271 1053 ea,
1313 1011 1437 1058 quae
1476 995 1619 1055 fiunt,
1652 996 1831 1062 partim

507 1080 621 1119 sunt
673 1073 916 1135 ignorata,
972 1072 1152 1135 partim
1210 1072 1518 1120 voluntaria:
1588 1074 1832 1136 ignorata,

507 1168 632 1214 quae
658 1151 949 1198 necessitate
984 1150 1160 1197 effecta
1189 1158 1336 1210 sunt3
1374 1150 1668 1209 voluntaria,
1709 1168 1834 1214 quae

509 1228 729 1276 consilio.
819 1229 961 1285 Quae
1003 1236 1169 1277 autem
1205 1228 1422 1287 fortuna,
1474 1227 1553 1276 vel
1592 1228 1833 1290 ignorata,

507 1306 587 1354 vel
626 1306 915 1354 voluntaria.
985 1307 1116 1355 Nam
1148 1307 1318 1371 jacere
1354 1307 1528 1366 telum,
1568 1306 1836 1356 voluntatis

509 1394 616 1432 est:
659 1384 806 1433 ferire
848 1403 994 1450 quem
1032 1386 1266 1445 nolueris,
1305 1385 1549 1434 fortunae.
1620 1385 1699 1432 Ex
1739 1401 1836 1449 quo

510 1463 634 1510 aries
674 1463 756 1511 ille
795 1463 1050 1528 subjicitur
1086 1464 1138 1511 in
1161 1464 1334 1512 vestris
1359 1463 1664 1513 actionibus:
1703 1463 1743 1511 si
1766 1471 1839 1512 te·

509 1541 612 1589 lum
651 1557 801 1588 manu
840 1541 971 1604 fugit
1007 1542 1178 1605 magis,
1230 1558 1377 1606 quam
1409 1541 1551 1606 jecit.
1639 1541 1840 1592 Cadunt

511 1621 662 1669 etiam
686 1619 737 1665 in
772 1618 1151 1682 ignorationem,
1187 1628 1334 1682 atque
1369 1619 1420 1667 in
1455 1619 1839 1683 imprudentiam

510 1698 904 1764 perturbationes
935 1697 1118 1744 animi:
1157 1713 1281 1759 quae
1314 1714 1595 1760 quanquam
1621 1705 1735 1746 sunt
1756 1716 1839 1747 vo.

510 1777 770 1835 luntariae,
813 1775 1179 1840 (objurgatione
1221 1776 1371 1834 enim,
1414 1786 1464 1824 et
1504 1777 1840 1827 admonitione

513 1854 837 1919 dejiciuntur)
874 1863 1041 1901 tamen
1078 1854 1264 1902 habent
1287 1861 1450 1902 tantos
1487 1862 1668 1914 motus,
1702 1864 1761 1904 ut
1784 1873 1842 1909 ea

513 1950 638 1998 quae
679 1933 955 1981 voluntaria
979 1940 1107 1988 sunt,
1151 1940 1237 1979 aut
1272 1933 1545 1981 necessaria
1572 1933 1842 1994 interdum,

514 2020 599 2059 aut
625 2019 758 2059 certe
783 2011 1008 2074 ignorata
1041 2008 1319 2058 videantur,
1390 2009 1522 2057 Toto
1557 2010 1709 2074 igitur
1730 2012 1842 2062 loco

516 2107 773 2139 causarum
820 2089 1086 2153 explicato,
1147 2105 1210 2136 ex
1258 2104 1424 2136 earum
1471 2089 1748 2138 differentia
1790 2092 1844 2141 in

515 2170 707 2234 magnis
732 2168 931 2233 quidem
968 2168 1125 2215 causis
1148 2166 1229 2215 vel
1269 2174 1536 2226 oratorum,
1569 2168 1650 2216 vel
1688 2169 1844 2233 philo-

517 2249 800 2313 sophorum,
819 2263 998 2310 magna
1016 2255 1420 2310 argumentorum
1445 2247 1662 2310 suppetit
1685 2249 1842 2312 copia,

522 2328 578 2373 [n
603 2327 776 2375 vestris
802 2334 966 2373 autem
992 2325 1030 2371 si
1054 2341 1153 2372 non
1178 2325 1390 2383 uberior,
1432 2333 1483 2372 at
1504 2324 1710 2377 fortasse
1735 2329 1846 2376 sub-

521 2405 664 2453 tilior.
737 2405 931 2451 Privata
947 2403 1076 2451 enim
1094 2402 1285 2467 judicia
1303 2403 1625 2452 maximarum
1644 2404 1844 2468 quidem

519 2502 698 2541 rerum,
740 2485 792 2531 in
824 2470 1287 2550 jurisconsultorum
1325 2482 1445 2529 mihi
1485 2483 1716 2534 videntur
1739 2500 1844 2534 esse

519 2563 796 2627 prudentia.
867 2562 997 2610 Nam
1037 2570 1089 2610 et
1128 2562 1308 2610 adsunt
1347 2561 1576 2620 multum,
1626 2570 1677 2610 et
1710 2563 1847 2613 adhi-

520 2644 699 2690 bentur
722 2642 773 2691 in
815 2640 1052 2690 consilio:
1097 2649 1147 2689 et
1169 2640 1386 2705 patronis
1411 2639 1749 2704 diligentibus,
1781 2641 1846 2693 ad

523 2738 692 2769 eorum
714 2721 1028 2786 prudentiam
1054 2719 1474 2784 confugientibus,
1497 2719 1658 2768 hastas
1682 2719 1847 2771 minis.

525 2809 670 2849 trant.
743 2801 801 2848 In
841 2801 1067 2850 omnibus
1107 2799 1261 2864 igitur
1297 2799 1355 2848 iis
1388 2798 1608 2864 judiciis,
1653 2799 1706 2852 in
1742 2799 1846 2865 quie
