2071 3508
310 528 414 591 39.

313 621 421 663 162.

316 1473 424 1515 163.

319 2100 425 2142 164.

323 2495 429 2537 165.

450 432 527 469 148
877 478 885 487 ο
923 429 999 481 ΒΕ
1029 425 1297 467 ORAToRE

520 538 629 603 Ego
652 545 835 597 autem,
872 538 910 586 si
946 555 1092 602 quem
1117 554 1249 585 nunc
1272 535 1418 601 plane
1444 534 1616 582 rudem
1640 534 1778 582 insti-

453 618 527 667 tui
551 617 614 666 ad
639 617 905 665 dicendum
928 615 1090 672 velim,
1134 614 1208 661 his
1242 614 1406 678 potius
1440 613 1629 660 tradam
1666 612 1778 660 assi-

456 695 583 756 duis,
607 713 707 744 uno
732 712 879 760 opere
905 695 1112 742 eandem
1143 692 1376 741 incudem
1402 692 1532 739 diem
1558 698 1778 739 noctem-

455 792 551 840 que
575 773 915 831 tundentibus,
942 772 1024 835 qui
1043 787 1212 818 omnes
1236 769 1543 817 tenuissimas
1566 769 1779 833 particu-

453 853 542 911 las,
568 859 715 916 atque
741 852 905 900 onmia
929 850 1130 898 minima
1153 864 1338 906 mansa,
1377 855 1433 895 ut
1466 848 1684 896 nutrices
1708 848 1781 894 in-

451 931 669 979 fantibus
686 931 868 996 pueris,
892 930 943 976 in
968 946 1020 976 os
1045 928 1275 976 inserant.
1347 927 1430 974 Sin
1456 927 1517 974 sit
1541 927 1599 984 is,
1623 926 1706 990 qui
1731 934 1781 973 et

454 1009 679 1058 doctrina
702 1008 821 1055 mihi
844 1007 1109 1056 liberaliter
1132 1006 1402 1063 institutus,
1429 1011 1479 1052 et
1498 1002 1660 1067 aliquo
1675 1002 1780 1068 jam

452 1087 670 1135 imbutus
695 1102 805 1143 usu,
830 1093 881 1132 et
904 1085 1018 1131 satis
1043 1083 1143 1130 acri
1167 1083 1366 1146 ingenio
1392 1099 1495 1129 esse
1519 1081 1745 1129 videatur
1765 1101 1779 1140 3

453 1164 571 1211 illuc
597 1179 711 1210 eum
735 1162 939 1225 rapiam,
974 1161 1058 1208 ubi
1084 1176 1182 1207 non
1208 1159 1396 1207 seclusa
1421 1160 1580 1223 aliqua
1604 1158 1783 1223 aquula

454 1248 701 1298 teneatur,
738 1239 824 1286 sed
848 1238 981 1285 unde
1006 1238 1286 1284 universum
1311 1238 1495 1285 flumen
1522 1245 1779 1301 erumpat:

457 1319 539 1383 qui
559 1317 628 1365 illi
648 1317 802 1374 sedes,
823 1323 872 1363 et
887 1323 1122 1377 tanquam
1140 1314 1387 1362 domicilia
1404 1315 1622 1362 omnium
1642 1332 1782 1379 argu-

456 1404 735 1445 mentorum
762 1401 1132 1451 commonstret,
1163 1401 1214 1440 et
1238 1410 1296 1441 ea
1318 1393 1531 1441 breviter
1555 1392 1784 1452 illustret,

456 1474 715 1537 verbisque
731 1471 946 1520 definiat.
986 1471 1121 1528 Quid
1138 1472 1267 1519 enim
1285 1480 1376 1530 est,
1389 1472 1438 1518 in
1457 1489 1553 1536 quo
1568 1472 1783 1529 haereat,

458 1552 542 1616 qui
565 1551 763 1608 viderit,
788 1566 953 1608 omne,
979 1550 1111 1613 quod
1136 1558 1355 1598 sumatur
1379 1552 1429 1597 in
1454 1550 1675 1598 oratione
1700 1556 1785 1598 aut

458 1629 521 1677 ad
543 1627 873 1694 probandum,
898 1635 983 1675 aut
1007 1628 1069 1674 ad
1093 1626 1439 1686 refellendum,
1475 1635 1560 1675 aut
1601 1644 1663 1675 ex
1699 1644 1785 1675 sua

457 1707 583 1756 sumi
607 1707 656 1755 vi
680 1715 827 1770 atque
863 1714 1057 1764 natura,
1093 1714 1178 1753 aut
1202 1707 1522 1772 assumi-foris
1543 1706 1559 1753 ?
1596 1707 1673 1754 Ex
1699 1723 1784 1755 sua

455 1786 523 1844 vi,
549 1802 661 1833 cum
687 1792 772 1832 aut
795 1801 871 1831 res
896 1800 1020 1847 quae
1046 1784 1108 1831 sit
1130 1791 1236 1831 tota
1260 1791 1541 1847 quaeratur,
1566 1792 1652 1832 aut
1673 1801 1784 1849 pars

457 1864 579 1928 ejus,
597 1871 683 1911 aut
705 1862 1000 1911 vocabulum
1026 1862 1158 1925 quod
1181 1861 1377 1921 habeat,
1413 1870 1498 1910 aut
1534 1863 1783 1927 quippiam

456 1958 561 1989 rem
602 1940 734 1988 illam
777 1940 910 2003 quod
950 1940 1161 2004 attingat
1183 1957 1194 1987 :
1248 1941 1553 1989 extrinsecus
1600 1948 1784 2001 autem,

459 2035 573 2066 cum
598 2035 674 2077 ea,
700 2035 825 2082 quae
851 2025 965 2066 sunt
987 2017 1123 2077 foris,
1148 2035 1309 2082 neque
1335 2019 1594 2067 inhaerent
1627 2019 1678 2066 in
1713 2020 1785 2068 rei

458 2105 650 2155 natura,
676 2096 992 2160 colliguntur.
1064 2096 1113 2143 Si
1137 2113 1213 2144 res
1237 2104 1343 2144 tota
1367 2097 1634 2160 quaeritur,
1671 2097 1785 2146 defi-

458 2175 646 2223 nitione
670 2177 897 2223 universa
931 2176 1002 2223 vis
1039 2176 1332 2240 explicanda
1357 2186 1447 2237 est,
1473 2179 1541 2226 sic
1564 2197 1575 2226 :
1615 2180 1664 2227 Si
1688 2196 1791 2227 ma-

451 2253 604 2318 jestas
629 2261 703 2301 est
731 2253 1002 2318 amplitudo
1027 2271 1084 2301 ac
1110 2255 1321 2318 dignitas
1347 2256 1577 2316 civitatis,
1608 2258 1647 2305 is
1678 2275 1786 2306 eam

459 2332 653 2387 minuit,
698 2332 780 2395 qui
817 2332 1089 2379 exercitum
1124 2333 1344 2381 hostibus
1378 2334 1547 2398 populi
1574 2335 1786 2383 Romani

461 2409 684 2468 tradidit,
721 2426 821 2457 non
864 2409 946 2472 qui
986 2427 1117 2469 eum,
1156 2411 1239 2475 qui
1273 2412 1326 2459 id
1359 2412 1576 2471 fecisset,
1615 2412 1784 2477 populi

465 2488 678 2536 Romani
701 2488 933 2552 potestati
957 2489 1175 2537 tradidit.
1236 2491 1318 2538 Sin
1333 2508 1443 2555 pars
1464 2511 1477 2550 ς
1503 2492 1786 2555 partitione,

461 2566 558 2615 hoc
598 2566 746 2614 modo
768 2584 780 2614 ε
833 2566 940 2615 Aut
981 2569 1171 2616 senatui
1211 2570 1484 2633 parendum
1526 2571 1588 2618 de
1629 2570 1785 2620 salute

461 2645 760 2710 reipublicae
800 2645 915 2704 fuit,
955 2654 1040 2694 aut
1080 2647 1214 2695 aliud
1249 2648 1505 2696 consilium
1529 2649 1786 2698 instituen-

462 2723 599 2782 dum,
640 2732 726 2773 aut
763 2742 849 2773 sua
883 2734 1056 2790 sponte
1085 2725 1398 2776 faciendum:
1437 2727 1570 2776 aliud
1594 2728 1786 2777 consili-

462 2816 566 2859 um,
591 2804 884 2866 superbum3
925 2820 1085 2864 suum,
1121 2822 1381 2870 arrogans3
1420 2807 1661 2855 utendum
1695 2806 1784 2870 igi-

463 2882 544 2924 tur
582 2878 678 2927 fuit
715 2881 919 2930 consilio
955 2890 1168 2931 senatus.
1239 2884 1323 2931 Sin
1348 2901 1411 2933 ex
1433 2883 1692 2944 vocabulo,
1727 2892 1784 2933 ut
