2071 3508
465 436 516 477 76
938 437 1015 476 DE
1044 438 1312 478 ORATORE

463 544 647 604 berius,
685 562 880 594 causam
920 546 1018 595 dici
1054 565 1210 607 suam,
1246 564 1391 612 quam
1427 548 1632 614 simplex
1661 548 1787 596 ratio

464 623 683 672 veritatis
720 623 924 673 ferebat.
998 626 1205 674 Paulum
1250 627 1366 675 huic
1406 628 1583 676 Cottae
1617 626 1790 675 tribuit

464 702 696 766 partium,
741 703 1057 753 disertissimo
1098 704 1419 764 adolescenti,
1458 706 1632 754 sororis
1674 720 1789 752 suae

463 778 578 828 filio.
647 782 792 830 Dixit
815 783 933 831 item
953 800 1147 831 causam
1173 783 1306 831 illam
1327 784 1538 847 quadam
1563 801 1625 832 ex
1648 790 1788 847 parte

467 857 564 913 Qu.
594 858 813 920 Mucius,
838 877 973 909 more
1000 878 1106 921 suo,
1138 862 1274 910 nullo
1299 870 1555 926 apparatu,
1591 879 1713 926 pure
1739 869 1790 909 et

321 943 432 984 230.
465 936 697 985 dilucide.
771 939 922 996 Quod
942 940 980 987 si
1000 948 1057 987 tu
1080 948 1220 999 tunc,
1247 941 1439 999 Crasse,
1460 940 1682 998 dixisses,
1706 939 1789 1003 qui

464 1015 734 1063 subsidium
761 1019 940 1066 oratori
966 1036 1028 1067 ex
1052 1018 1145 1066 illis
1165 1019 1596 1083 disputationibus,
1615 1018 1792 1082 quibus

461 1092 738 1158 philosophi
780 1105 1006 1156 utuntur,
1048 1098 1111 1145 ad
1149 1097 1348 1145 dicendi
1388 1098 1580 1162 copiam
1619 1103 1792 1161 peten-

462 1171 580 1218 dum
607 1189 710 1219 esse
746 1175 910 1238 paulo
933 1183 1047 1224 ante
1074 1177 1272 1224 dicebas
1294 1196 1308 1236 ;
1348 1184 1416 1235 et,
1441 1177 1480 1224 si
1504 1175 1595 1224 tibi
1618 1191 1708 1239 pro
1734 1175 1789 1223 P.

464 1248 655 1298 Rutilio
676 1268 775 1300 non
799 1253 1203 1319 philosophorum
1228 1272 1382 1314 more,
1408 1254 1495 1303 sed
1517 1262 1605 1302 tuo
1628 1253 1792 1302 licuis-

461 1337 536 1376 set
578 1330 778 1379 dicere:
833 1334 1054 1397 quamvis
1094 1333 1319 1382 scelerati
1357 1333 1426 1380 illi
1465 1332 1695 1392 fuissent,
1733 1332 1791 1381 si-

461 1408 566 1455 cuti
600 1408 821 1470 fuerunt,
851 1411 1073 1476 pestiferi
1110 1413 1240 1460 cives
1267 1411 1607 1476 supplicioque
1634 1412 1790 1475 digni,

461 1494 628 1535 tamen
653 1506 850 1538 omnem
878 1508 1046 1540 eorum
1071 1491 1496 1555 importunitatem
1522 1507 1584 1538 ex
1607 1490 1792 1538 intimis

461 1567 709 1616 mentibus
736 1569 981 1618 evellisset
995 1570 1066 1617 vis
1092 1570 1324 1617 orationis
1349 1576 1479 1617 tuae.
1550 1568 1701 1616 Nunc
1719 1576 1790 1616 ta-

460 1643 518 1692 lis
542 1646 616 1692 vir
639 1647 844 1704 amissus
881 1656 974 1706 est,
1016 1648 1134 1696 dum
1160 1665 1307 1696 causa
1329 1648 1399 1695 ita
1423 1647 1622 1705 dicitur,
1657 1654 1714 1694 ut
1750 1648 1788 1695 si

461 1721 514 1769 in
548 1722 632 1771 illa
668 1727 1009 1774 commentitia
1044 1726 1261 1774 Platonis
1298 1726 1497 1773 civitate
1522 1742 1597 1773 res
1621 1741 1790 1788 agere-

457 1807 554 1848 tur.
625 1804 789 1852 Nemo
824 1804 1087 1868 ingemuit,
1122 1821 1270 1852 nemo
1310 1803 1595 1851 inclamavit
1627 1810 1789 1867 patro-

457 1894 654 1940 norum,
680 1882 802 1930 nihil
829 1883 1058 1946 cuiquam
1086 1882 1261 1941 doluit,
1286 1898 1432 1930 nemo
1470 1888 1543 1929 est
1567 1890 1789 1944 questus,
2058 1887 2060 1942 ζ

428 1974 604 2007 -nemo
640 1960 996 2024 rempublicam
1031 1960 1328 2024 imploravit,
1365 1977 1512 2008 nemo
1549 1960 1789 2025 supplica·
2057 1947 2060 1964 ⁴

457 2036 544 2085 vit.
617 2037 757 2095 Quid
780 2038 970 2087 multa?
1005 2039 1185 2103 pedem
1216 2055 1362 2087 nemo
1397 2039 1449 2086 in
1484 2038 1568 2087 illo
1594 2038 1788 2104 judicio

318 2108 422 2168 54.
460 2114 728 2179 supplosit3
759 2117 927 2175 credo,
946 2133 1009 2165 ne
1035 2116 1211 2165 Stoicis
1235 2108 1615 2166 renuntiaretur.
1670 2117 1786 2165 Imi-

315 2202 428 2243 231.
461 2200 592 2242 tatus
618 2201 692 2241 est
726 2193 874 2242 homo
910 2196 1164 2243 Romanus
1190 2203 1240 2243 et
1265 2196 1530 2244 consularis
1565 2204 1784 2245 veterem

460 2271 597 2319 illum
625 2273 896 2332 Socratem,
933 2274 1035 2337 qui,
1072 2291 1222 2342 quum
1248 2274 1466 2321 omnium
1493 2274 1786 2338 sapientissi-

458 2367 567 2398 mus
593 2359 738 2411 esset,
764 2352 1166 2417 sanctissimeque
1189 2352 1408 2411 vixisset,
1432 2353 1501 2400 ita
1524 2353 1575 2399 in
1591 2352 1785 2416 judicio

459 2429 633 2493 capitis
657 2447 746 2494 pro
772 2447 822 2480 se
847 2431 950 2495 ipse
977 2431 1120 2490 dixit,
1138 2439 1196 2480 ut
1212 2448 1312 2479 non
1332 2431 1539 2496 supplex
1555 2439 1640 2479 aut
1652 2448 1783 2492 reus,

458 2508 546 2555 sed
580 2509 813 2572 magister
849 2517 933 2557 aut
971 2510 1197 2565 dominus
1234 2510 1486 2558 videretur
1522 2527 1624 2558 esse
1652 2509 1784 2574 judi-⁷

459 2603 588 2634 cum.
661 2587 964 2647 Quinetiam,
1000 2605 1151 2652 quum
1177 2589 1221 2636 ei
1245 2589 1475 2653 scriptam
1512 2589 1782 2639 orationem

460 2665 802 2714 disertissimus
828 2674 990 2715 orator
1014 2666 1186 2732 Lysias
1204 2667 1464 2727 attulisset,
1484 2684 1648 2732 quam,
1673 2668 1713 2715 si
1736 2668 1781 2717 ei

456 2743 725 2804 videretur,
751 2746 1011 2806 edisceret,
1045 2754 1102 2794 ut
1127 2763 1185 2794 ea
1206 2764 1295 2811 pro
1320 2764 1370 2794 se
1394 2747 1445 2794 in
1460 2746 1653 2811 judicio
1676 2753 1783 2795 ute-

458 2829 611 2882 retur,
645 2840 746 2873 non
782 2825 964 2874 invitus
998 2825 1138 2890 legit,
1180 2834 1232 2875 et
1267 2826 1524 2875 commode
1549 2826 1779 2890 scriptam

459 2916 563 2951 esse
588 2901 733 2964 dixit,
762 2904 867 2965 sed,
891 2905 1069 2972 inquit,
1090 2912 1166 2966 ut,
1190 2905 1230 2954 si
1253 2905 1372 2956 mihi
1397 2904 1588 2956 calceos
1611 2904 1776 2971 Sicyo-

1168 2989 1184 3018 1
