2071 3508
666 402 833 440 LIBER
855 400 1163 441 SECUNDUS.
1522 408 1597 445 169

266 530 321 560 us
343 512 494 561 frater
517 512 578 559 ab
603 518 708 558 arte
733 508 954 574 adjuvari
977 511 1156 574 potuit,
1186 526 1299 558 cum
1319 527 1347 558 a
1369 509 1596 577 Philippo

263 592 608 655 inter1·ogatus,
636 590 752 653 quid
785 590 1024 638 latraret?
1064 591 1242 637 Furem
1266 606 1314 638 Se
1338 591 1499 638 videre
1523 608 1596 639 re-

264 669 497 734 spondit?
558 668 696 724 Quid
740 667 792 715 in
840 669 975 716 omni
1012 669 1234 717 oratione
1278 669 1481 717 Crassus
1518 669 1599 717 vel

261 748 393 813 apud
419 747 752 797 centumviros
779 755 953 795 contra
978 748 1280 805 Scaevolam,
1319 748 1399 797 vel
1425 756 1600 796 contra

260 835 598 876 accusatorem
639 827 865 883 Brutum,
906 844 1021 875 cum
1058 844 1146 892 pro
1184 828 1277 875 Cn.
1307 827 1491 876 Planco
1528 828 1599 876 di-

260 907 433 956 ceret?
470 907 601 955 Nam
643 906 712 966 id,
755 906 890 971 quod
930 914 987 954 tu
1022 907 1142 954 mihi
1167 907 1360 966 tribuis,
1387 908 1597 965 Antoni,

263 987 438 1035 Crasso
479 995 572 1045 est,
626 987 848 1035 omnium
891 987 1154 1043 sententia,
1199 987 1597 1037 concedendum.

262 1066 379 1115 Non
421 1066 553 1115 enim
604 1064 708 1114 fere
757 1066 1016 1131 quisquam
1064 1067 1358 1131 reperietur,
1403 1077 1600 1132 praeter

261 1144 416 1206 hunc,
453 1146 505 1193 in
543 1154 755 1211 utroque
792 1163 978 1211 genere
1016 1145 1196 1211 leporis
1239 1147 1508 1207 excellens,
1550 1157 1602 1197 et

261 1224 364 1285 illo,
390 1226 525 1290 quod
547 1226 599 1273 in
622 1226 958 1290 perpetuitate
978 1225 1234 1285 sermoniS,
1255 1235 1305 1275 et
1328 1226 1440 1284 hoc,
1469 1229 1603 1292 quod

261 1303 312 1351 in
337 1305 592 1354 celeritate
617 1312 765 1369 atque
792 1305 928 1353 dicto
954 1313 1043 1354 est.
1114 1306 1245 1354 Nam
1281 1305 1405 1355 haec
1429 1324 1603 1373 perpe·
1634 1313 1748 1355 2219

265 1391 352 1432 tua
377 1392 550 1433 contra
575 1383 863 1433 Scaevolam
891 1384 1108 1432 Curiana
1133 1384 1375 1444 defensio,
1400 1394 1506 1435 tota
1529 1405 1603 1436 re-

265 1464 507 1512 dundavit
545 1463 793 1512 hilaritate
835 1464 1048 1528 quadam
1085 1472 1136 1512 et
1161 1464 1313 1528 joco3
1353 1465 1488 1514 dicta
1521 1467 1606 1516 illa

262 1544 432 1592 brevia
471 1560 572 1592 non
613 1542 800 1591 habuit.
873 1542 1118 1592 Parcebat
1159 1544 1291 1591 enim
1338 1544 1605 1594 adversarii

264 1622 516 1687 dignitati,
557 1622 608 1669 in
642 1639 740 1686 quo
764 1622 869 1686 ipse
906 1624 1133 1671 servabat
1157 1640 1295 1671 suam
1317 1645 1330 1683 ;
1371 1624 1506 1689 quod
1531 1634 1606 1674 est

261 1701 543 1750 hominibus
567 1700 743 1749 facetis
768 1708 819 1749 et
855 1701 1110 1751 dicacibus
1135 1702 1496 1764 difficillimum,
1522 1704 1606 1752 ha-

262 1783 382 1830 bere
418 1781 677 1829 hominum
713 1780 957 1830 rationem
1005 1791 1057 1830 et
1102 1789 1404 1847 temporum,
1443 1792 1494 1831 et
1529 1801 1606 1843 ea,

265 1878 392 1926 quae
427 1868 711 1918 occurrant,
748 1876 862 1907 cum
896 1859 1155 1908 salsissime
1181 1860 1280 1908 dici
1304 1862 1512 1925 possint,
1536 1870 1609 1912 te-

264 1958 399 1990 nere.
471 1940 649 2003 Itaque
674 1938 900 1986 nonnulli
935 1937 1132 1985 ridiculi
1166 1939 1392 1988 homines
1416 1940 1512 1990 hoc
1538 1942 1608 2008 ip-

268 2037 375 2069 sum
416 2034 517 2066 non
553 2017 735 2066 insulse
773 2017 1180 2081 interpretantur.
1245 2019 1431 2068 Dicere
1473 2022 1604 2070 enim
1637 2028 1750 2070 222,

269 2100 409 2148 aiunt
444 2096 682 2154 Ennium,
719 2095 966 2143 flammam
993 2112 1021 2142 a
1045 2096 1268 2161 sapiente
1292 2097 1487 2148 facilius
1521 2118 1606 2152 ore

267 2180 319 2228 in
361 2178 566 2227 ardente
602 2175 833 2241 opprimi,
876 2191 1023 2240 quam
1061 2177 1193 2224 bona
1228 2177 1364 2226 dicta
1400 2187 1604 2243 teneat3

267 2259 391 2307 haec
428 2256 619 2305 scilicet
653 2256 785 2303 bona
823 2253 977 2314 dicta,
1019 2272 1144 2319 quae
1181 2256 1306 2305 salsa
1329 2258 1455 2307 sint:
1495 2278 1609 2310 nam

269 2356 328 2388 ea
362 2339 486 2386 dicta
521 2333 833 2400 appellantur
866 2335 1067 2399 proprio
1092 2334 1199 2400 jam
1225 2338 1441 2387 nomine.
1513 2341 1611 2390 Sed
1645 2324 1749 2382 55·

271 2425 329 2466 ut
351 2417 404 2464 in
429 2413 720 2464 Scaevolam
747 2413 998 2462 continuit
1022 2430 1080 2461 ea
1105 2414 1327 2476 CraSSUS,
1353 2426 1502 2482 atque
1526 2420 1611 2469 illo

271 2496 426 2545 altero
450 2509 650 2559 genere,
670 2493 720 2540 in
738 2510 836 2557 quo
862 2492 985 2539 nulli
1011 2492 1171 2541 aculei
1197 2497 1610 2546 contumeliarum

271 2577 484 2632 inerant,
524 2589 723 2620 causam
764 2571 898 2619 illam
935 2572 1421 2638 disputationemque
1463 2576 1609 2625 lusit:

273 2654 342 2702 sic
367 2653 418 2699 in
439 2652 614 2709 Bruto,
639 2665 787 2713 quem
812 2650 999 2706 oderat,
1028 2658 1078 2698 et
1098 2668 1245 2714 quern
1271 2652 1477 2716 dignum
1498 2671 1614 2703 con-

273 2730 479 2781 tumelia
524 2728 804 2793 judicabat,
858 2736 1068 2792 utroque
1114 2745 1298 2791 genere
1354 2735 1610 2796 pugnavit.

275 2811 440 2868 Quam
465 2805 621 2855 multa
637 2805 699 2853 de
723 2804 927 2861 balneis,
955 2822 1074 2869 quas
1099 2822 1257 2871 nuper
1280 2807 1362 2857 ille
1377 2811 1613 2861 vendide-
1645 2818 1757 2858 223,

274 2896 388 2950 rat,
429 2901 576 2953 quam
613 2883 771 2933 multa
806 2883 869 2933 de
905 2883 1081 2934 amisso
1118 2886 1416 2951 patrimonio
1452 2889 1612 2942 dixit?
