2071 3508
648 396 815 438 LIBER
846 396 1152 439 SECUNDUS.
1516 403 1588 443 127

254 517 421 570 venta,
445 507 799 573 stipulationes,
835 508 1175 571 cognationeS,
1202 505 1478 567 affinitateS,
1506 510 1588 558 de-

256 597 407 647 creta,
439 603 686 652 responsa,
711 587 813 635 vita
839 586 1053 650 denique
1074 602 1263 644 eorum,
1290 585 1373 650 qui
1398 586 1448 633 in
1476 604 1589 635 cau-

257 684 308 715 sa
330 674 599 722 versantur,
635 674 741 714 tota
766 665 1116 730 cognoscenda
1140 672 1215 712 est
1236 683 1247 712 :
1287 681 1492 729 quarum
1517 682 1591 713 re-

253 761 360 792 rum
398 744 704 809 negligentia
739 745 997 809 plerasque
1041 760 1229 803 causas,
1284 752 1334 792 et
1375 744 1590 792 maxime

249 823 463 887 privatas
489 826 630 888 (sunt
655 825 786 872 enim
812 824 969 872 multo
995 840 1139 887 saepe
1165 823 1498 884 obscuriores)
1523 824 1590 871 vi-

251 899 424 949 demus
449 902 624 951 amitti.
698 903 777 951 Ita
801 902 1044 961 nonnulli,
1082 902 1201 949 dum
1227 919 1426 966 operam
1453 919 1589 950 suam

249 979 457 1027 multam
483 981 752 1029 existimari
790 981 983 1040 volunt,
1019 988 1076 1028 ut
1100 988 1208 1029 toto
1232 979 1340 1028 foro
1364 980 1589 1041 volitare,

250 1066 301 1106 et
325 1075 353 1106 a
378 1076 526 1108 causa
561 1061 623 1108 ad
661 1077 858 1109 causam
899 1060 970 1109 ire
1006 1060 1287 1119 videantur,
1324 1077 1493 1108 causas
1519 1061 1590 1109 di-

251 1146 372 1186 cunt
395 1139 676 1204 incognitas
698 1158 709 1188 :
748 1141 800 1187 in
839 1157 936 1204 quo
962 1147 1037 1187 est
1060 1139 1143 1187 illa
1184 1139 1384 1203 quidem
1410 1156 1591 1204 magna

249 1217 472 1277 offensio,
508 1219 587 1267 vel
623 1219 978 1285 negligentiae,
1015 1218 1255 1283 susceptis
1291 1220 1471 1278 rebus3
1510 1218 1590 1267 vel

247 1297 501 1360 perfidiae,
538 1299 751 1363 receptis
773 1316 784 1346 t
825 1299 911 1346 sed
945 1298 1093 1346 etiam
1118 1297 1200 1344 illa
1225 1297 1378 1361 major
1403 1297 1591 1362 opinio-

249 1391 331 1435 ne,
369 1377 504 1441 quod
528 1394 675 1426 nemo
711 1386 875 1442 potest
912 1378 973 1425 de
999 1394 1056 1425 ea
1092 1393 1163 1435 re,
1201 1393 1347 1440 quam
1381 1393 1481 1423 non
1506 1393 1590 1425 no-

248 1455 338 1514 vit,
376 1473 476 1505 non
500 1458 780 1522 turpissime
814 1457 980 1505 dicere
1003 1475 1013 1504 :
1053 1457 1123 1504 ita
1147 1455 1266 1502 dum
1290 1455 1497 1503 inertiae
1522 1456 1591 1503 vi-

248 1536 632 1599 tuperationem,
670 1553 795 1600 quae
826 1535 980 1600 major
1006 1543 1098 1594 est,
1135 1542 1480 1593 contemnunt,
1519 1551 1592 1583 as-

249 1622 524 1677 sequuntur
548 1615 697 1662 etiam
722 1614 875 1673 illam,
901 1630 1047 1679 quam
1073 1614 1229 1678 magis
1253 1613 1346 1678 ipsi
1369 1612 1586 1678 fugiunt,

246 1693 508 1742 tarditatis.
583 1693 828 1758 Equidem
871 1693 1004 1742 soleo
1041 1694 1157 1742 dare
1195 1710 1395 1758 operam
1437 1702 1493 1742 ut
1526 1695 1588 1742 de

249 1788 336 1821 sua
377 1774 584 1838 quisque
626 1792 679 1823 re
716 1792 794 1823 me
831 1775 935 1839 ipse
975 1774 1172 1834 doceat,
1206 1781 1274 1833 et,
1310 1781 1368 1822 ut
1391 1790 1454 1822 ne
1481 1774 1588 1839 quis

248 1851 370 1901 alius
396 1852 542 1912 adsit,
579 1871 677 1918 quo
717 1854 919 1903 liberius
954 1853 1203 1918 loquatur,
1240 1861 1292 1902 et
1326 1870 1473 1917 agere
1505 1854 1590 1901 ad-

246 1932 447 1980 versarii
472 1949 689 1992 causam,
725 1942 783 1982 ut
806 1933 888 1981 ille
915 1942 1031 1998 agat
1055 1950 1211 1991 suam,
1245 1940 1315 1993 et,
1351 1932 1590 1997 quicquid

248 2012 310 2060 de
336 2028 423 2059 sua
446 2028 499 2060 re
537 2012 787 2076 cogitarit,
822 2012 874 2059 in
910 2012 1131 2060 medium
1166 2010 1400 2076 proferat.
1490 2012 1588 2059 Ita-

248 2108 344 2156 que
387 2108 501 2140 cum
526 2091 608 2139 ille
635 2091 877 2150 discessit,
913 2100 1013 2139 tres
1037 2107 1270 2156 personas
1295 2107 1422 2138 unus
1447 2091 1590 2139 susti-

246 2188 344 2220 neo
368 2187 559 2219 summa
594 2172 744 2219 animi
781 2171 1050 2235 aequitate,
1087 2187 1267 2229 meam,
1304 2170 1588 2230 adversarii,

239 2249 440 2315 judicis.
515 2250 615 2308 Qui
640 2250 778 2299 locus
816 2258 891 2298 est
921 2250 1051 2309 talis,
1086 2257 1144 2297 ut
1166 2248 1277 2314 plus
1301 2248 1481 2297 habeat
1506 2250 1589 2297 ad-

239 2328 477 2394 jumenti,
513 2346 660 2394 quam
685 2330 1007 2389 incommodi,
1036 2329 1170 2377 hunc
1186 2328 1362 2393 judico
1387 2345 1492 2376 esse
1519 2329 1589 2377 di-

249 2409 496 2458 cendum:
534 2411 620 2458 ubi
661 2409 771 2475 plus
813 2409 928 2458 mali
954 2425 1099 2473 quam
1136 2408 1254 2456 boni
1292 2407 1504 2472 reperio,
1537 2408 1589 2456 id

248 2496 412 2538 totum
437 2488 669 2553 abjudico
707 2497 856 2553 atque
896 2487 1055 2553 ejicio.
1129 2487 1208 2535 Ita
1248 2503 1497 2551 assequor,
1531 2495 1589 2534 ut

250 2566 345 2616 alio
385 2574 610 2632 tempore
650 2568 887 2632 cogitem,
924 2567 1045 2631 quid
1084 2566 1265 2625 dicam,
1301 2574 1352 2614 et
1389 2566 1485 2613 alio
1518 2566 1588 2613 di-

251 2663 395 2695 cam:
446 2663 571 2710 quae
614 2646 714 2694 duo
749 2645 987 2710 plerique,
1025 2645 1227 2709 ingenio
1269 2643 1401 2702 freti,
1443 2644 1588 2692 simul

250 2725 457 2774 faciunt.
531 2725 629 2773 Sed
666 2733 801 2773 certe
843 2724 993 2771 iidem
1032 2722 1100 2770 illi
1126 2723 1300 2771 melius
1336 2722 1587 2787 aliquanto

251 2806 491 2862 dicerent,
531 2805 569 2853 si
594 2804 728 2853 aliud
764 2803 1058 2852 sumendum
1085 2802 1175 2850 sibi
1200 2810 1395 2867 tempus
1420 2802 1482 2850 ad
1509 2819 1588 2851 co-

251 2884 532 2950 gitandum,
568 2883 704 2933 aliud
738 2884 802 2933 ad
844 2881 1113 2932 dicendum
1137 2889 1386 2947 putarent.
1458 2881 1587 2931 Cum

1627 907 1734 947 101,

1625 1698 1734 1738 102,

1625 2493 1733 2533 103.
