2071 3508
406 448 484 485 3412
595 482 604 483 a
910 447 986 485 DE
1017 447 1219 486 CLARIS

407 571 579 604 eorum
618 554 740 604 alter
776 564 976 620 propter
1010 555 1485 604 turbulentissimum
1519 554 1737 602 tribuna-

409 643 538 694 tum,
575 635 638 683 ad
676 652 822 699 quem
863 653 925 683 ex
965 636 1150 683 invidia
1187 634 1398 682 foederis
1440 632 1735 682 Numantini

409 715 552 764 bonis
591 715 742 762 iratus
784 723 1071 771 accesserat,
1115 716 1174 762 ab
1218 714 1322 778 ipsa
1368 712 1622 777 republica
1662 719 1738 759 est

408 792 702 842 interfectus
723 811 734 840 :
773 793 896 841 alter
918 802 1119 857 propter
1137 801 1426 856 perpetuam
1445 791 1496 838 in
1514 789 1738 855 populari

411 873 602 920 ratione
636 871 908 931 levitatem,
943 880 1101 920 morte
1136 870 1411 919 voluntaria
1436 887 1486 918 se
1512 887 1540 917 a
1564 868 1740 917 severi-

412 959 516 999 tate
531 951 760 1014 judicum
779 951 1065 1000 vindicavit.
1137 951 1234 999 Sed
1257 950 1354 998 fuit
1377 958 1586 1013 uterque
1612 963 1739 995 sum-

414 1046 523 1077 mus
565 1036 741 1084 orator,
783 1037 930 1091 atque
971 1029 1068 1076 hoc
1105 1029 1341 1076 memoria
1377 1037 1572 1092 patrum
1613 1034 1742 1075 teste

415 1108 640 1156 dicimus.
712 1107 842 1153 Nam
884 1115 934 1154 et
973 1107 1226 1162 Carbonis,
1271 1115 1322 1154 et
1346 1106 1564 1154 Gracchi
1595 1105 1742 1154 habe·

414 1202 523 1233 mus
559 1186 822 1244 orationes,
860 1185 1081 1233 nondum
1121 1185 1234 1232 satis
1260 1185 1539 1248 splendidas
1563 1184 1744 1243 verbis,

414 1266 503 1313 sed
549 1273 736 1324 acutas,
783 1265 1175 1330 prudentiaeque
1222 1263 1543 1327 plenissimas.
1629 1262 1745 1310 Fuit

414 1343 675 1392 Gracchus
715 1343 971 1407 diligentia
1013 1341 1272 1391 Corneliae
1314 1342 1482 1389 matris
1520 1359 1551 1389 a
1589 1357 1746 1406 puero

415 1422 611 1481 doctUS,
651 1431 701 1470 et
739 1422 946 1470 Graecis
980 1408 1133 1470 literis
1159 1421 1396 1469 eruditus.
1467 1419 1596 1468 Nam
1622 1435 1746 1468 sem-

412 1517 502 1565 per
536 1501 708 1549 habuit
743 1501 1012 1565 exquisitos
1051 1517 1076 1548 e
1114 1500 1329 1549 Graecia
1366 1499 1655 1563 magistros3
1694 1498 1745 1546 in

415 1580 484 1628 eis
516 1578 621 1643 jam
669 1579 954 1627 adolescens
997 1579 1314 1643 Diophanem
1365 1577 1742 1643 Mitylenaeum,

415 1658 674 1716 Graeciae,
712 1659 1016 1723 temporibus
1048 1658 1155 1714 illis,
1185 1657 1578 1706 disertissimum.v
1647 1657 1745 1706 Sed

417 1745 469 1785 et
504 1738 654 1786 breve
692 1746 887 1801 tempus
922 1734 1361 1801 ingenii‘augendi
1387 1744 1437 1783 et
1461 1735 1745 1784 declarandi

416 1815 527 1864 fuit.
600 1816 780 1874 Carbo,
823 1816 985 1880 quoad
1030 1816 1130 1863 vita
1177 1815 1528 1879 suppeditavit,
1575 1823 1649 1863 est
1694 1815 1745 1863 in

414 1895 582 1943 multis
610 1895 813 1959 judiciis
850 1895 1105 1958 causisque
1149 1893 1394 1958 cognitus.
1472 1893 1626 1942 Hunc
1662 1895 1745 1958 qui

414 1975 673 2022 audierant
708 1974 978 2039 prudentes
1003 1973 1240 2029 hom-ines,
1284 1973 1340 2019 in*
1372 1972 1548 2037 quibus
1572 1971 1745 2020 famili-

415 2054 508 2101 aris
533 2062 701 2102 noster
725 2054 783 2100 L.
811 2053 1023 2111 Gellius,
1061 2053 1143 2116 qui
1169 2069 1219 2100 se
1245 2051 1313 2099 illi
1340 2051 1745 2101 contubernalem

414 2132 466 2179 in
492 2133 751 2181 consulatu
776 2132 924 2180 fuisse
951 2134 1196 2191 narrabat,
1223 2149 1457 2181 canorum
1483 2141 1746 2191 oratorem,

417 2219 468 2260 et
491 2211 777 2270 volubilem,
820 2220 871 2259 et
913 2212 1026 2259 satis
1063 2229 1246 2271 acrem,
1282 2220 1430 2275 atque
1456 2212 1670 2261 eundem
1695 2220 1747 2260 et

415 2291 781 2349 vehementem,
824 2299 872 2338 et
911 2290 1054 2338 valde
1094 2291 1309 2349 dulcem,
1352 2299 1403 2338 et
1435 2290 1745 2355 perfacetum

415 2369 565 2417 fuisse
591 2370 804 2418 dicebat.
877 2370 1128 2426 Addebat,
1172 2370 1467 2417 industrium
1507 2370 1656 2418 etiam
1693 2377 1742 2418 et

416 2448 726 2513 diligentem,
771 2458 819 2496 et
856 2449 906 2495 in
944 2449 1379 2497 exercitationibus
1405 2450 1745 2498 commentati-

415 2529 689 2592 onibusque
716 2528 925 2575 multum
951 2545 1127 2592 operae
1169 2528 1366 2576 solitum
1403 2545 1508 2576 esse
1541 2545 1742 2593 ponere.

419 2607 521 2655 Hic
546 2607 779 2672 optimuS,
820 2607 912 2654 illis
950 2607 1271 2671 temporibus,
1309 2615 1382 2655 est
1405 2615 1639 2672 patronus
1662 2608 1744 2656 ha-

416 2685 566 2745 bitus,
602 2703 760 2750 eoque
801 2685 961 2733 forum
1003 2694 1206 2734 tenente
1247 2686 1388 2751 plura
1423 2686 1526 2734 fieri
1555 2686 1745 2752 judicia

418 2774 704 2830 coeperunt.
775 2765 902 2813 Nam
941 2773 991 2813 et
1027 2766 1335 2830 quaestiones
1358 2774 1625 2831 perpetuae
1648 2765 1744 2814 hoc

418 2843 732 2893 adolescente
758 2845 1056 2894 constitutae
1081 2855 1210 2903 sunt,
1250 2862 1374 2910 quae
1411 2854 1556 2894 antea
1579 2844 1742 2894 nullae

416 2920 635 2984 fuerunt,
675 2923 761 2991 (L.
788 2924 922 2976 enim
946 2924 1079 2986 Piso,
1118 2925 1344 2976 tribunus
1387 2923 1546 2990 plebis
1578 2923 1740 2990 legem
