2071 3508
719 397 886 436 LIBER
915 397 1139 437 PRIMUS.
1550 403 1601 439 :33

268 509 422 558 scitia.
483 507 614 554 Tum
640 504 807 565 Cotta,
845 505 1093 562 Quoniam
1120 505 1184 564 id,
1221 506 1354 570 quod
1380 506 1600 553 difficilli-
1621 522 1726 560 100.

268 603 400 634 mum
424 586 564 634 nobis
587 586 867 644 videbatur,
908 594 964 633 ut
997 586 1200 633 omnino
1239 586 1301 633 de
1337 586 1412 633 his
1436 581 1600 645 rebus,

267 665 457 724 Crasse,
498 665 773 730 loquerere,
816 665 1027 713 assecuti
1071 682 1268 725 sumus3
1314 665 1376 712 de
1413 664 1601 728 reliquo

256 742 361 807 jam
398 752 564 792 nostra
601 744 748 809 culpa
785 743 954 803 fuerit,
988 744 1025 791 si
1051 751 1119 803 te,
1151 744 1241 791 nisi
1268 744 1449 803 onmia,
1476 760 1601 807 quae

262 824 575 886 percunctati
601 823 798 882 erimuS,
825 823 1104 888 explicaris,
1125 823 1467 871 dimiserimus.
1520 822 1600 870 De
1623 831 1729 870 101.

263 900 357 960 his,
383 902 552 961 credo,
576 903 741 961 rebus,
777 902 939 966 inquit
965 901 1185 960 Crassus,
1215 910 1271 949 ut
1296 902 1347 948 in
1374 901 1603 949 cretioni-

262 980 354 1028 bus
371 982 516 1030 scribi
536 981 679 1040 solet,
701 981 903 1039 QUIBUS
930 997 1083 1029 SCIAM
1110 997 1431 1033 POTEROQUE.
1470 979 1603 1027 Tum

262 1058 363 1119 ille,
400 1060 630 1124 Namque
667 1060 801 1124 quod
835 1067 891 1107 tu
927 1076 1025 1107 non
1050 1060 1253 1124 poteris,
1284 1067 1369 1107 aut
1393 1060 1604 1117 nescies,

266 1139 373 1203 quis
398 1147 619 1187 nostrum
645 1147 746 1187 tam
771 1139 1034 1204 impudens
1060 1148 1151 1197 est,
1183 1139 1265 1203 qui
1292 1156 1342 1187 se
1368 1139 1492 1186 scire
1519 1146 1604 1187 aut

263 1234 407 1283 posse
442 1218 696 1283 postulet?
732 1217 843 1267 Jam
868 1234 1004 1276 vero,
1029 1218 1121 1264 ista
1147 1218 1452 1276 conditione,
1485 1218 1604 1264 dum

267 1296 386 1343 mihi
438 1296 604 1355 liceat,
660 1313 842 1360 negare
889 1313 1031 1360 posse
1080 1297 1214 1360 quod
1260 1313 1360 1344 non
1411 1304 1606 1360 potero,

269 1385 320 1424 et
367 1376 531 1435 fateri,
581 1377 771 1425 nescire
811 1377 944 1440 quod
991 1377 1228 1434 nesciam,
1265 1376 1404 1434 licet,
1444 1376 1608 1441 inquit

268 1455 489 1514 Crassus,
540 1464 704 1503 vestro
751 1455 988 1502 arbitratu
1028 1455 1440 1518 percunctemini.
1515 1455 1607 1503 At-
1628 1463 1735 1502 102.

269 1551 383 1598 que,
408 1535 570 1598 inquit
596 1533 860 1597 SulpiciuS,
884 1533 980 1581 hoc
1004 1533 1218 1598 primum
1245 1550 1307 1581 ex
1332 1542 1401 1593 te,
1422 1533 1484 1582 de
1510 1552 1608 1600 quo

266 1613 416 1662 modo
455 1613 706 1661 Antonius
742 1613 989 1677 exposuit,
1023 1613 1142 1676 quid
1181 1613 1380 1672 sentias,
1419 1614 1610 1677 quaeri-

268 1709 409 1741 mus:
461 1692 776 1741 existimesne
802 1700 957 1739 artem
991 1691 1204 1756 aliquam
1241 1709 1346 1740 esse
1390 1692 1608 1741 dicendi.

271 1771 445 1828 Quid?
481 1772 601 1819 mihi
627 1788 760 1819 nunc
790 1787 895 1830 VOS,
932 1771 1092 1835 inquit
1126 1771 1347 1831 Crassus,
1372 1779 1610 1836 tanquam

270 1850 417 1899 alicui
459 1850 712 1899 Graeculo
754 1850 912 1898 otioso
954 1859 1005 1897 et
1052 1850 1267 1914 loquaci,
1312 1860 1361 1899 et
1401 1850 1609 1901 fortasse

269 1929 420 1978 docto
461 1938 610 1994 atque
652 1929 866 1988 erudito,
914 1929 1358 1993 quaestiunculam,
1402 1930 1464 1978 de
1514 1949 1612 1995 qua

270 2025 383 2056 meo
407 2010 646 2057 arbitratu
664 2009 854 2073 loquar,
873 2009 1056 2072 ponitis
1077 2009 1093 2056 ?
1133 2009 1348 2065 Quando
1373 2009 1504 2056 enim
1531 2026 1612 2059 me

271 2087 365 2134 ista
406 2104 601 2135 curasse
644 2096 729 2135 aut
770 2088 1012 2151 cogitasse
1055 2087 1377 2146 arbitramini,
1426 2096 1475 2136 et
1511 2104 1614 2136 non

274 2182 466 2231 semper
506 2166 710 2214 irrisisse
750 2166 915 2230 potius
957 2183 1127 2214 eorum
1163 2166 1420 2214 hominum
1456 2167 1615 2232 impu-

274 2245 513 2304 dentiam,
562 2244 664 2309 qui,
713 2261 827 2293 cum
875 2245 925 2292 in
974 2245 1142 2293 schola
1188 2245 1504 2305 assedissent,
1553 2264 1616 2295 ex

274 2341 453 2389 magna
482 2324 738 2371 hominum
774 2323 1054 2388 frequentia
1090 2325 1256 2372 dicere
1283 2324 1540 2389 juberent,
1576 2326 1614 2373 si

274 2403 382 2467 quis
407 2403 526 2467 quid
551 2404 844 2468 quaereret?
916 2403 1066 2460 Quod
1091 2405 1304 2468 primum
1328 2404 1497 2452 ferunt
1522 2403 1615 2452 Le·
1637 2412 1727 2452 103

274 2483 501 2530 ontinum
526 2482 702 2530 fecisse
723 2482 963 2547 Gorgiam
987 2504 998 2542 3
1029 2483 1110 2546 qui
1131 2500 1456 2548 permagnum
1478 2483 1617 2547 quid-

276 2560 390 2608 dam
415 2562 663 2626 suscipere
689 2579 746 2609 ac
771 2561 989 2626 profiteri
1019 2562 1298 2620 videbatur,
1339 2578 1452 2609 cum
1479 2578 1528 2608 se
1555 2561 1618 2609 ad

277 2641 459 2698 omnia,
486 2641 547 2688 de
575 2641 751 2704 quibus
777 2641 982 2705 quisque
1009 2642 1179 2689 audire
1204 2640 1373 2698 vellet,
1406 2656 1511 2687 esse
1535 2657 1619 2705 pa-

278 2728 437 2766 ratum
478 2718 809 2767 denuntiaret.
885 2719 1062 2767 Postea
1102 2735 1219 2767 vero
1255 2718 1406 2783 vulgo
1430 2718 1525 2766 hoc
1550 2717 1620 2767 fa-

278 2814 391 2846 cere
434 2807 727 2863 coeperunt,
768 2798 1014 2863 hodieque
1051 2797 1260 2856 faciunt,
1295 2805 1353 2845 ut
1388 2797 1522 2845 nulla
1558 2799 1621 2847 sit

278 2893 374 2937 reS‚
415 2893 576 2942 neque
613 2885 770 2938 tanta,
807 2895 968 2943 neque
1004 2886 1106 2928 tam
1141 2877 1422 2943 improvisa,
1458 2893 1620 2942 neque

1189 2972 1216 3005 C
1307 2973 1309 2975 ,
