2071 3508
729 375 1181 423 ANNOTATIONES,
1211 381 1281 415 ἃς.
1582 385 1660 421 535

386 478 479 531 Pag.
501 481 591 518 244.
620 480 685 517 lin.
706 483 744 519 9.
791 481 893 517 Nam
911 494 993 518 cum
1012 483 1170 530 essent.]
1224 481 1301 518 IIic
1317 481 1461 533 aliquid
1473 483 1571 522 (lesit
1591 498 1659 524 ne-

329 559 437 585 cesse
457 556 528 592 est,
548 559 686 598 nempe
707 547 817 597 cujus
837 547 934 584 ratio
954 546 1140 592 redditur,
1158 547 1239 584 scil.
1263 548 1430 586 Socratis
1451 549 1657 601 discipulos

329 627 406 652 non
436 615 538 653 idem
568 613 743 651 sensisse.
814 612 1103 650 Antecedentia
1121 621 1210 650 sunt
1231 613 1278 650 de
1302 614 1474 653 Socrate.
1531 617 1657 656 IDEM.

384 680 477 730 Pag.
497 682 588 718 245.
617 679 681 716 lin.
705 682 766 717 10.
823 679 913 716 Non
941 679 1038 717 enim
1068 679 1304 732 repelletur]
1368 680 1480 718 Haec
1509 684 1656 721 nullum

325 758 479 783 sensum
500 745 668 783 habent:
697 752 738 782 et
753 745 901 782 variant
920 745 1007 783 edd.
1027 759 1085 797 pr.
1143 747 1221 792 An,
1242 760 1314 784 non
1332 747 1427 784 enim
1444 747 1657 796 revelletur,

326 811 423 849 vinde
441 812 602 864 aggredi
621 812 742 864 cupiet
755 812 774 848 {2
803 812 908 863 quod
922 812 1173 864 sequentibus
1189 814 1288 852 bene
1305 813 1500 861 convenit,
1516 827 1655 867 nempe

324 879 372 916 ab
402 878 564 916 hortulis
584 879 672 916 suis.
729 879 854 917 IDEM.

380 946 475 997 Pag.
497 948 587 985 246.
619 947 684 984 lin.
710 952 772 984 11.
826 953 991 984 attamen
1012 947 1230 1000 ejusmodi]
1294 948 1471 985 Attamen
1502 949 1550 985 ab
1580 949 1655 987 hoc

321 1013 545 1059 abhorrere,
573 1027 706 1052 omncs
725 1014 911 1060 sentiunt,
941 1014 1010 1052 sed
1029 1014 1133 1052 varie
1155 1013 1375 1065 corrigunt:
1405 1013 1444 1050 in
1473 1015 1536 1052 hie
1556 1015 1655 1067 opti-

322 1093 384 1118 me
405 1079 617 1118 Lambinus
639 1094 682 1118 ac
702 1081 850 1118 tandem
862 1097 877 1125 ;
913 1081 1016 1132 quod
1046 1082 1161 1118 etiam
1183 1081 1370 1131 quaedam
1392 1080 1479 1118 edd.
1500 1082 1656 1120 habent.

323 1147 424 1185 Mihi
444 1147 518 1185 hoc
534 1148 718 1198 languere
739 1147 904 1193 videtur,
925 1148 1131 1198 malimque
1145 1162 1187 1186 ac
1201 1154 1315 1185 totum
1333 1148 1524 1200 fjasmodi.
1581 1148 1656 1187 Or-

321 1223 403 1253 tum
423 1222 483 1252 est
501 1215 637 1252 vitium
657 1227 678 1252 e
698 1215 889 1265 scriptura
908 1215 1207 1266 compendiaria.
1264 1215 1389 1253 IDEM.

376 1282 471 1333 Pag.
491 1284 586 1321 248.
616 1281 682 1320 lin.
708 1284 797 1331 16.]
858 1282 1050 1320 dissociati
1069 1296 1092 1320 a
1115 1283 1284 1329 Socrate,
1303 1282 1437 1320 diserti
1456 1297 1478 1320 a
1495 1283 1650 1334 doctis]

320 1349 412 1387 Hoc
433 1348 611 1387 vitiosum
632 1361 715 1387 esse
735 1348 851 1386 facile
872 1357 1043 1400 apparet.
1099 1349 1190 1386 Non
1219 1349 1318 1386 male
1347 1349 1559 1387 Lambinus
1579 1351 1655 1388 dis-

318 1416 470 1455 sociatis
494 1431 517 1454 a
544 1417 700 1455 Socrate
728 1416 880 1455 disertis
900 1430 922 1454 a
951 1417 1096 1455 doctis:
1127 1417 1264 1454 melius
1287 1416 1469 1454 Pearcius
1500 1417 1652 1456 disertis

318 1491 354 1522 et
373 1485 505 1531 doctis,
537 1497 586 1522 ne
616 1489 653 1524 τὸ
689 1499 711 1522 α
746 1485 896 1536 saepius
917 1492 1146 1529 concurrat;
1174 1498 1196 1522 a
1222 1485 1423 1522 Socraticis
1444 1485 1653 1536 respondet

316 1557 364 1604 τῇ
393 1567 416 1590 α
448 1554 615 1591 Socrate.
674 1553 790 1595 Quod
824 1552 1003 1592 Socrates
1031 1552 1176 1604 primus
1209 1552 1317 1598 fecit,
1344 1552 1383 1590 id
1406 1552 1542 1590 imitati
1563 1560 1653 1591 sunt

320 1621 521 1660 Socratici.
577 1621 703 1658 IDEM.

370 1688 467 1739 Pag.
487 1690 579 1727 251.
607 1687 672 1725 lin.
698 1691 732 1725 1.
787 1687 877 1725 istos
897 1687 1045 1738 quidem
1062 1688 1244 1737 nostros]
1308 1687 1469 1725 Nostros
1485 1687 1566 1725 sine
1582 1687 1652 1726 du-

313 1753 379 1793 bio
397 1754 579 1793 vitiosum
598 1762 669 1792 est.
716 1753 898 1805 Ineptum
915 1753 1017 1791 enim
1033 1760 1104 1800 est,
1124 1753 1184 1792 hic
1200 1760 1326 1792 noster
1341 1753 1550 1792 verberabit
1566 1769 1650 1794 nos-

312 1827 406 1860 tros.
461 1821 711 1873 Intelligendi
740 1829 871 1859 autem
901 1828 990 1858 sunt
1021 1820 1155 1867 Stoici,
1186 1828 1226 1858 et
1252 1820 1415 1859 fortasse
1436 1821 1652 1860 rescriben-

312 1889 406 1928 dum
426 1895 486 1927 est
509 1888 652 1927 Stoicos
665 1905 682 1933 ;
713 1900 934 1939 quanquam
955 1887 993 1925 id
1014 1901 1091 1925 non
1111 1895 1170 1926 est
1185 1887 1454 1925 necessarlum.
1513 1888 1649 1927 Paullo

312 1964 400 2009 post
414 1955 596 1994 Pearcius
609 1968 660 1994 ex
682 1955 771 1994 edd.
790 1969 847 2006 pr.
867 1955 1000 2000 edidit,
1019 1956 1058 1992 in
1074 1961 1428 2007 utramquepartem
1442 1955 1650 1994 sententiae

304 2024 427 2078 possit
447 2023 582 2062 dicere.
640 2021 767 2060 Aldus
795 2021 940 2060 delevit
964 2027 1115 2073 partem
1150 2028 1280 2059 recte:
1309 2028 1369 2060 est
1387 2021 1488 2059 enim
1508 2021 1646 2073 glossa.

311 2092 437 2130 IDEM.

366 2159 462 2210 Pag.
482 2161 574 2198 255.
604 2157 670 2194 lin.
696 2160 756 2196 19.
813 2156 866 2194 ad
882 2157 1059 2206 annum]
1123 2155 1298 2207 Respicit
1326 2155 1375 2194 ad
1395 2155 1644 2203 aedilitatem,

312 2227 422 2277 cujus
442 2237 565 2263 annus
585 2237 606 2262 e
621 2224 709 2276 lege
730 2223 857 2261 annali
877 2222 1066 2261 instabat:
1096 2222 1145 2260 ad
1160 2224 1270 2274 cujus
1288 2223 1399 2261 ludos
1414 2231 1454 2261 et
1469 2236 1643 2271 munera,

310 2302 354 2333 ut
372 2292 576 2332 satisfieret
594 2291 751 2344 populo,
786 2291 902 2328 etiam
923 2290 989 2328 diu
1007 2298 1097 2328 ante
1117 2298 1227 2329 erant
1259 2290 1511 2342 providenda,
1542 2303 1642 2343 quae

310 2367 495 2401 ornarent
513 2368 554 2398 et
573 2359 808 2397 illustrarent
827 2358 889 2395 illa
904 2370 1076 2396 munera.
1133 2358 1259 2395 Imm.

364 2429 460 2480 Pag.
491 2430 583 2469 257.
611 2426 676 2464 lin.
698 2428 734 2464 2.
792 2425 882 2464 Non
915 2424 1013 2463 enim
1046 2438 1068 2462 a
1100 2425 1391 2474 one—aetates]
1454 2423 1567 2462 Haec
1601 2424 1640 2462 in

308 2495 529 2549 parenthesi
545 2494 648 2531 dicta
663 2501 776 2537 sunt;
797 2491 901 2543 quod
916 2493 996 2543 jam
1016 2499 1192 2530 notatum
1211 2499 1269 2530 est
1284 2504 1307 2529 a
1323 2491 1496 2530 Pearcio.
1537 2491 1638 2529 Nam

308 2562 348 2602 in
365 2561 518 2614 difficile
536 2561 652 2606 dictu,
679 2563 748 2598 διο.
778 2558 953 2597 redditur
983 2559 1080 2597 ratio
1101 2558 1300 2610 praecepti
1332 2558 1382 2597 de
1415 2570 1559 2610 genere
1579 2558 1636 2596 di-

310 2629 438 2677 cendi,
454 2629 559 2681 quod
575 2627 656 2666 sine
676 2626 855 2665 satietate
871 2626 1054 2664 delectet.

359 2696 460 2736 Ibid.
487 2695 554 2734 lin.
574 2697 637 2734 23.
692 2694 813 2748 magis
831 2692 986 2732 laudari
1004 2694 1106 2746 qaod
1122 2698 1279 2740 terram,
1305 2706 1417 2744 quam
1438 2692 1539 2745 qaod
1555 2705 1636 2730 cro-

304 2765 424 2816 cum]
499 2762 576 2801 Alii
604 2775 727 2801 ceram
760 2774 832 2813 pro
863 2767 1005 2799 terram
1039 2760 1103 2798 hic
1135 2760 1285 2811 legunt,
1319 2759 1388 2798 sed
1422 2771 1638 2811 perperam.

305 2831 424 2872 Juvat
443 2829 557 2871 Plinii
574 2830 704 2871 locum
724 2842 814 2870 cum
832 2829 908 2869 hoc
928 2827 1118 2875 conferre,
1139 2827 1205 2880 qui
1224 2827 1261 2866 ei
1283 2827 1410 2866 lucem
1430 2825 1636 2879 praeferat.

1168 2911 1197 2944 L
1223 2894 1240 2942 l
1275 2903 1307 2942 4
