2071 3508
733 423 1106 463 ORATORIBUS.
1511 430 1591 469 315

252 548 397 597 quam
419 539 597 598 potest.
669 531 944 590 Praeclare,
979 533 1200 596 inquam,
1227 532 1399 592 Brute,
1437 535 1580 596 dicis,

252 627 409 675 eoque
447 611 600 675 magis
635 609 729 658 ista
764 610 963 659 dicendi
1001 611 1146 660 laude
1173 611 1413 672 delector,
1451 617 1588 677 quod

256 698 466 749 caetera,
503 706 628 753 quae
665 697 780 737 sunt
815 690 1064 754 quondam
1101 691 1269 739 habita
1303 692 1354 739 in
1391 693 1592 743 civitate

251 769 600 834 pulcherrima,
636 785 785 817 nemo
821 779 895 818 est
919 780 1020 818 tam
1047 770 1260 828 humilis,
1306 772 1390 835 qui
1415 790 1465 821 se
1490 790 1591 822 non

251 856 337 896 aut
358 865 501 914 posse
527 848 752 913 adipisci,
778 858 864 897 aut
888 850 1124 914 adeptum
1150 858 1319 914 putet:
1360 852 1590 916 eloquen-

246 935 348 976 tem
374 929 624 977 neminem
661 929 806 977 video
837 928 1026 977 factum
1053 946 1158 978 esse
1196 931 1418 980 victoria.
1492 933 1590 981 Sed

247 1023 345 1072 quo
369 1007 562 1056 facilius
587 1025 746 1056 sermo
773 1008 1070 1073 explicetur,
1109 1010 1352 1068 sedente5‚
1393 1012 1430 1059 si
1457 1013 1590 1062 vide-

247 1094 347 1146 tur,
384 1104 602 1152 agamus.
692 1088 819 1136 Cum
862 1088 994 1136 idem
1034 1088 1300 1153 placuisset
1334 1090 1446 1151 illis,
1482 1100 1589 1141 tum

246 1165 299 1213 in
322 1167 518 1231 pratulo
541 1175 745 1232 propter
771 1167 991 1215 Platonis
1018 1176 1230 1216 statuam
1257 1171 1587 1221 consedimus.

251 1245 352 1294 Hic
379 1263 493 1311 ego,
520 1247 750 1294 Laudare
777 1247 929 1310 igitur
956 1246 1308 1311 eloquentiam,
1329 1258 1379 1297 et
1404 1260 1588 1314 quanta

249 1327 322 1375 vis
347 1327 409 1375 sit
435 1325 553 1391 ejus,
582 1344 887 1392 expromere,
917 1338 1249 1392 quantamque
1274 1330 1346 1386 iis,
1386 1331 1468 1395 qui
1490 1333 1589 1381 sint

249 1422 357 1454 eam
397 1407 671 1465 consecuti,
723 1406 1019 1471 dignitatem
1057 1407 1245 1467 afferat,
1281 1425 1443 1472 neque
1478 1428 1588 1475 pro-

248 1486 464 1550 positum
489 1487 630 1534 nobis
656 1494 730 1534 est
754 1486 849 1534 hoc
885 1486 1012 1542 loco,
1051 1503 1212 1552 neque
1237 1491 1584 1539 necessarium.

252 1565 367 1616 Hoc
407 1584 523 1615 vero
565 1567 669 1615 sine
695 1566 794 1614 ulla
830 1567 1138 1615 dubitatione
1178 1568 1588 1631 confirmaverim,

249 1646 350 1694 sive
388 1646 472 1694 illa
512 1654 616 1695 arte
642 1647 860 1712 pariatur
883 1647 1064 1712 aliqua,
1104 1648 1204 1696 sive
1231 1650 1588 1699 exercitatione

248 1725 478 1791 quadam,
517 1726 618 1774 sive
660 1735 870 1786 natura3
916 1743 1019 1774 rem
1060 1744 1209 1774 unam
1235 1745 1339 1776 esse
1366 1730 1587 1777 omnium

249 1806 601 1855 difficillimam.
674 1806 868 1863 Quibus
911 1806 1041 1853 enim
1085 1824 1146 1854 ex
1186 1808 1401 1872 quinque
1439 1811 1586 1857 rebus

249 1893 475 1934 constare
502 1886 700 1943 dicitur,
738 1902 905 1932 earum
932 1902 1256 1949 unaquaeque
1282 1895 1356 1934 est
1380 1904 1455 1934 ars
1480 1887 1586 1951 ipsa

247 1982 425 2030 magna
449 1982 538 2029 per
562 1981 683 2012 sese.
757 1964 923 2021 Quare
941 1965 1157 2028 quinque
1184 1966 1360 2012 artium
1379 1983 1585 2014 concur-

249 2061 328 2091 sus
354 2044 677 2090 maximarum
703 2051 936 2107 quantam
962 2043 1076 2099 vim,
1105 2053 1438 2108 quantamque
1464 2043 1586 2092 diffi-

250 2122 487 2172 cultatem
515 2122 714 2180 habeat,
751 2122 1019 2170 existimari
1044 2131 1225 2187 potest.

317 2202 482 2250 Testis
508 2211 582 2250 est
607 2202 839 2261 Graecia,
865 2220 989 2266 quae
1016 2219 1128 2250 cum
1150 2203 1461 2267 eloquentiae
1486 2212 1584 2252 stu-

247 2281 330 2330 dio
355 2282 417 2329 sit
441 2281 659 2337 incensa,
688 2280 980 2345 jamdiuque
1018 2281 1231 2330 excellat
1254 2283 1305 2329 in
1331 2299 1406 2341 ea,
1447 2299 1586 2347 prae-

248 2369 443 2426 stetque
471 2361 694 2420 caeteris,
731 2369 898 2409 tamen
923 2378 1093 2410 omnes
1129 2369 1258 2410 artes
1292 2363 1587 2412 vetustiores

250 2441 414 2497 habet,
455 2449 505 2489 et
546 2434 856 2488 multo'ante
899 2456 998 2488 non
1023 2441 1248 2488 inventas
1286 2440 1462 2498 solum,
1499 2442 1586 2489 sed

249 2519 398 2567 etiam
423 2518 687 2583 perfectaS,
725 2535 870 2582 quam
897 2518 1018 2566 haec
1045 2526 1118 2566 est
1143 2535 1171 2565 a
1195 2518 1402 2566 Graecis
1423 2518 1584 2566 elabo-

249 2606 355 2645 rata
380 2596 579 2644 dicendi
605 2596 675 2643 vis
711 2604 860 2658 atque
887 2597 1042 2660 copia.
1117 2596 1176 2643 In
1202 2613 1347 2660 quam
1374 2613 1486 2643 cum
1511 2597 1584 2644 in-

246 2685 409 2734 tueor,
445 2674 658 2722 maxime
683 2673 803 2720 mihi
829 2683 1116 2732 occurrunt,
1144 2674 1336 2733 Attice,
1371 2682 1421 2722 et
1446 2676 1583 2739 quasi

250 2755 422 2803 lucent
462 2753 693 2801 Athenae
735 2760 883 2800 tuae:
937 2769 1032 2816 qua
1062 2752 1111 2799 in
1149 2753 1268 2800 urbe
1293 2753 1506 2816 primum
1532 2771 1583 2802 se

249 2842 413 2883 orator
455 2832 652 2891 extulit,
705 2832 1016 2896 primumque
1059 2832 1207 2880 etiam
1249 2832 1582 2882 monumentis

249 2921 301 2962 et
334 2912 488 2963 literis
529 2911 685 2961 oratio
727 2919 802 2961 est
844 2919 1022 2978 coepta
1062 2912 1301 2961 mandari.
1389 2913 1583 2961 Tamen
