<?xml version="1.0" encoding="UTF-8"?>
<!DOCTYPE html PUBLIC "-//W3C//DTD XHTML 1.0 Transitional//EN"
    "http://www.w3.org/TR/xhtml1/DTD/xhtml1-transitional.dtd">
<html xmlns="http://www.w3.org/1999/xhtml" xml:lang="en" lang="en">
 <head>
  <title>
</title>
<meta http-equiv="Content-Type" content="text/html;charset=utf-8" />
  <meta name='ocr-system' content='tesseract 3.04.00' />
  <meta name='ocr-capabilities' content='ocr_page ocr_carea ocr_par ocr_line ocrx_word'/>
</head>
<body>
  <div class='ocr_page' id='page_1' title='image "./deoratorelibrit00ciceuoft_0121.png"; bbox 0 0 2071 3508; ppageno 0'>
   <div class='ocr_carea' id='block_1_1' title="bbox 691 351 1612 430">
    <p class='ocr_par' dir='ltr' id='par_1_1' title="bbox 691 351 1612 430">
     <span class='ocr_line' id='line_1_1' title="bbox 691 351 1612 430; baseline -0.001 -1"><span class='ocrx_word' id='word_1_1' title='bbox 691 389 858 429; x_wconf 89' lang='lat' dir='ltr'>LIBER</span> <span class='ocrx_word' id='word_1_2' title='bbox 890 351 1198 430; x_wconf 41' lang='lat' dir='ltr'>SECUISDUS.</span> <span class='ocrx_word' id='word_1_3' title='bbox 1539 393 1612 428; x_wconf 73' lang='lat'>1113</span> 
     </span>
    </p>
   </div>
   <div class='ocr_carea' id='block_1_2' title="bbox 280 499 1678 564">
    <p class='ocr_par' dir='ltr' id='par_1_2' title="bbox 280 499 1678 564">
     <span class='ocr_line' id='line_1_2' title="bbox 280 499 1678 564; baseline 0.001 -16"><span class='ocrx_word' id='word_1_4' title='bbox 280 502 434 564; x_wconf 76' lang='lat' dir='ltr'>gestis</span> <span class='ocrx_word' id='word_1_5' title='bbox 469 499 723 557; x_wconf 88' lang='lat' dir='ltr'>declarari,</span> <span class='ocrx_word' id='word_1_6' title='bbox 750 515 848 547; x_wconf 91' lang='lat' dir='ltr'>non</span> <span class='ocrx_word' id='word_1_7' title='bbox 884 499 1041 546; x_wconf 88' lang='lat' dir='ltr'>solum</span> <span class='ocrx_word' id='word_1_8' title='bbox 1067 499 1186 562; x_wconf 88' lang='lat' dir='ltr'>quid</span> <span class='ocrx_word' id='word_1_9' title='bbox 1211 506 1377 546; x_wconf 83' lang='lat' dir='ltr'>actum</span> <span class='ocrx_word' id='word_1_10' title='bbox 1403 510 1487 548; x_wconf 88' lang='lat' dir='ltr'>aut</span> <span class='ocrx_word' id='word_1_11' title='bbox 1513 502 1613 550; x_wconf 86' lang='lat' dir='ltr'>dic·</span> <span class='ocrx_word' id='word_1_12' title='bbox 1672 501 1678 505; x_wconf 73' lang='grc'><strong>’</strong></span> 
     </span>
    </p>
   </div>
   <div class='ocr_carea' id='block_1_3' title="bbox 209 578 1630 2999">
    <p class='ocr_par' dir='ltr' id='par_1_3' title="bbox 209 578 1630 2999">
     <span class='ocr_line' id='line_1_3' title="bbox 283 578 1613 643; baseline 0.002 -16"><span class='ocrx_word' id='word_1_13' title='bbox 283 588 390 628; x_wconf 80' lang='lat' dir='ltr'>tum</span> <span class='ocrx_word' id='word_1_14' title='bbox 416 581 495 639; x_wconf 89' lang='lat' dir='ltr'>sit,</span> <span class='ocrx_word' id='word_1_15' title='bbox 520 579 607 628; x_wconf 87' lang='lat' dir='ltr'>sed</span> <span class='ocrx_word' id='word_1_16' title='bbox 632 579 780 627; x_wconf 88' lang='lat' dir='ltr'>etiam</span> <span class='ocrx_word' id='word_1_17' title='bbox 808 579 1055 643; x_wconf 88' lang='lat' dir='ltr'>quomodo</span> <span class='ocrx_word' id='word_1_18' title='bbox 1078 597 1089 626; x_wconf 90' lang='lat'>:</span> <span class='ocrx_word' id='word_1_19' title='bbox 1129 587 1180 626; x_wconf 89' lang='lat' dir='ltr'>et</span> <span class='ocrx_word' id='word_1_20' title='bbox 1203 596 1316 627; x_wconf 88' lang='lat' dir='ltr'>cum</span> <span class='ocrx_word' id='word_1_21' title='bbox 1343 578 1404 627; x_wconf 88' lang='lat' dir='ltr'>de</span> <span class='ocrx_word' id='word_1_22' title='bbox 1431 591 1613 629; x_wconf 75' lang='lat' dir='ltr'>eventu</span> 
     </span>
     <span class='ocr_line' id='line_1_4' title="bbox 282 658 1612 722; baseline 0.001 -17"><span class='ocrx_word' id='word_1_23' title='bbox 282 658 492 716; x_wconf 84' lang='lat' dir='ltr'>dicatur,</span> <span class='ocrx_word' id='word_1_24' title='bbox 516 667 573 706; x_wconf 89' lang='lat' dir='ltr'>ut</span> <span class='ocrx_word' id='word_1_25' title='bbox 597 675 773 706; x_wconf 81' lang='lat' dir='ltr'>causae</span> <span class='ocrx_word' id='word_1_26' title='bbox 800 658 1112 722; x_wconf 79' lang='lat' dir='ltr'><strong>explicentur</strong></span> <span class='ocrx_word' id='word_1_27' title='bbox 1137 674 1322 714; x_wconf 87' lang='lat' dir='ltr'>omnes,</span> <span class='ocrx_word' id='word_1_28' title='bbox 1350 659 1426 706; x_wconf 83' lang='lat' dir='ltr'>ve]</span> <span class='ocrx_word' id='word_1_29' title='bbox 1455 676 1612 718; x_wconf 88' lang='lat' dir='ltr'>casus,</span> 
     </span>
     <span class='ocr_line' id='line_1_5' title="bbox 280 735 1613 802; baseline 0.002 -20"><span class='ocrx_word' id='word_1_30' title='bbox 280 735 358 783; x_wconf 83' lang='lat' dir='ltr'>vel</span> <span class='ocrx_word' id='word_1_31' title='bbox 383 736 670 800; x_wconf 81' lang='lat' dir='ltr'>sapientiae,</span> <span class='ocrx_word' id='word_1_32' title='bbox 707 736 783 784; x_wconf 78' lang='lat' dir='ltr'>vel</span> <span class='ocrx_word' id='word_1_33' title='bbox 809 736 1100 784; x_wconf 86' lang='lat' dir='ltr'>temeritatis</span> <span class='ocrx_word' id='word_1_34' title='bbox 1123 757 1134 794; x_wconf 88' lang='lat'>;</span> <span class='ocrx_word' id='word_1_35' title='bbox 1163 736 1519 801; x_wconf 79' lang='lat' dir='ltr'>hominumque</span> <span class='ocrx_word' id='word_1_36' title='bbox 1545 738 1613 802; x_wconf 85' lang='lat' dir='ltr'>ip-</span> 
     </span>
     <span class='ocr_line' id='line_1_6' title="bbox 279 814 1615 880; baseline 0.002 -20"><span class='ocrx_word' id='word_1_37' title='bbox 279 830 444 861; x_wconf 91' lang='lat' dir='ltr'>sorum</span> <span class='ocrx_word' id='word_1_38' title='bbox 471 830 570 861; x_wconf 90' lang='lat' dir='ltr'>non</span> <span class='ocrx_word' id='word_1_39' title='bbox 595 814 753 862; x_wconf 89' lang='lat' dir='ltr'>solum</span> <span class='ocrx_word' id='word_1_40' title='bbox 778 831 853 863; x_wconf 89' lang='lat' dir='ltr'>res</span> <span class='ocrx_word' id='word_1_41' title='bbox 877 823 1067 879; x_wconf 80' lang='lat' dir='ltr'>gestae,</span> <span class='ocrx_word' id='word_1_42' title='bbox 1110 815 1195 863; x_wconf 84' lang='lat' dir='ltr'>sed</span> <span class='ocrx_word' id='word_1_43' title='bbox 1222 816 1388 874; x_wconf 81' lang='lat' dir='ltr'>etiam,</span> <span class='ocrx_word' id='word_1_44' title='bbox 1427 816 1509 880; x_wconf 90' lang='lat' dir='ltr'>qui</span> <span class='ocrx_word' id='word_1_45' title='bbox 1545 816 1615 864; x_wconf 66' lang='lat' dir='ltr'>fii-</span> 
     </span>
     <span class='ocr_line' id='line_1_7' title="bbox 280 893 1615 959; baseline 0.003 -20"><span class='ocrx_word' id='word_1_46' title='bbox 280 909 360 940; x_wconf 83' lang='lat' dir='ltr'>ma</span> <span class='ocrx_word' id='word_1_47' title='bbox 384 910 441 940; x_wconf 84' lang='lat' dir='ltr'>ac</span> <span class='ocrx_word' id='word_1_48' title='bbox 467 893 667 942; x_wconf 88' lang='lat' dir='ltr'>nomine</span> <span class='ocrx_word' id='word_1_49' title='bbox 693 893 958 952; x_wconf 81' lang='lat' dir='ltr'>excellant,</span> <span class='ocrx_word' id='word_1_50' title='bbox 989 894 1050 941; x_wconf 88' lang='lat' dir='ltr'>de</span> <span class='ocrx_word' id='word_1_51' title='bbox 1077 893 1314 959; x_wconf 83' lang='lat' dir='ltr'>cujusque</span> <span class='ocrx_word' id='word_1_52' title='bbox 1340 895 1440 942; x_wconf 86' lang='lat' dir='ltr'>vita</span> <span class='ocrx_word' id='word_1_53' title='bbox 1466 903 1615 959; x_wconf 84' lang='lat' dir='ltr'>atque</span> 
     </span>
     <span class='ocr_line' id='line_1_8' title="bbox 279 971 1615 1038; baseline 0.003 -20"><span class='ocrx_word' id='word_1_54' title='bbox 279 980 469 1019; x_wconf 85' lang='lat' dir='ltr'>natura.</span> <span class='ocrx_word' id='word_1_55' title='bbox 541 971 820 1020; x_wconf 86' lang='lat' dir='ltr'>Verborum</span> <span class='ocrx_word' id='word_1_56' title='bbox 846 981 1011 1020; x_wconf 89' lang='lat' dir='ltr'>autem</span> <span class='ocrx_word' id='word_1_57' title='bbox 1038 973 1180 1032; x_wconf 86' lang='lat' dir='ltr'>ratio,</span> <span class='ocrx_word' id='word_1_58' title='bbox 1215 982 1265 1022; x_wconf 89' lang='lat' dir='ltr'>et</span> <span class='ocrx_word' id='word_1_59' title='bbox 1287 990 1446 1038; x_wconf 79' lang='lat' dir='ltr'>genus</span> <span class='ocrx_word' id='word_1_60' title='bbox 1472 975 1615 1022; x_wconf 83' lang='lat' dir='ltr'>orati-</span> 
     </span>
     <span class='ocr_line' id='line_1_9' title="bbox 281 1050 1616 1119; baseline 0.004 -21"><span class='ocrx_word' id='word_1_61' title='bbox 281 1051 402 1108; x_wconf 88' lang='lat' dir='ltr'>onis,</span> <span class='ocrx_word' id='word_1_62' title='bbox 429 1050 610 1108; x_wconf 87' lang='lat' dir='ltr'>fusum,</span> <span class='ocrx_word' id='word_1_63' title='bbox 637 1060 785 1116; x_wconf 89' lang='lat' dir='ltr'>atque</span> <span class='ocrx_word' id='word_1_64' title='bbox 801 1060 1035 1111; x_wconf 86' lang='lat' dir='ltr'>tractum,</span> <span class='ocrx_word' id='word_1_65' title='bbox 1062 1061 1112 1100; x_wconf 90' lang='lat' dir='ltr'>et</span> <span class='ocrx_word' id='word_1_66' title='bbox 1137 1070 1250 1101; x_wconf 90' lang='lat' dir='ltr'>cum</span> <span class='ocrx_word' id='word_1_67' title='bbox 1270 1053 1475 1103; x_wconf 84' lang='lat' dir='ltr'>lenitate</span> <span class='ocrx_word' id='word_1_68' title='bbox 1501 1072 1616 1119; x_wconf 84' lang='lat' dir='ltr'>qua-</span> 
     </span>
     <span class='ocr_line' id='line_1_10' title="bbox 282 1129 1617 1198; baseline 0.004 -20"><span class='ocrx_word' id='word_1_69' title='bbox 282 1129 395 1178; x_wconf 88' lang='lat' dir='ltr'>dam</span> <span class='ocrx_word' id='word_1_70' title='bbox 421 1131 665 1196; x_wconf 85' lang='lat' dir='ltr'>aequabili</span> <span class='ocrx_word' id='word_1_71' title='bbox 688 1131 956 1195; x_wconf 89' lang='lat' dir='ltr'>profluens,</span> <span class='ocrx_word' id='word_1_72' title='bbox 983 1132 1086 1179; x_wconf 88' lang='lat' dir='ltr'>sine</span> <span class='ocrx_word' id='word_1_73' title='bbox 1112 1131 1204 1180; x_wconf 86' lang='lat' dir='ltr'>hac</span> <span class='ocrx_word' id='word_1_74' title='bbox 1229 1131 1457 1196; x_wconf 86' lang='lat' dir='ltr'>judiciali</span> <span class='ocrx_word' id='word_1_75' title='bbox 1483 1151 1617 1198; x_wconf 88' lang='lat' dir='ltr'>aspe-</span> 
     </span>
     <span class='ocr_line' id='line_1_11' title="bbox 281 1209 1615 1269; baseline 0.004 -13"><span class='ocrx_word' id='word_1_76' title='bbox 281 1209 447 1268; x_wconf 88' lang='lat' dir='ltr'>ritate,</span> <span class='ocrx_word' id='word_1_77' title='bbox 489 1218 540 1258; x_wconf 89' lang='lat' dir='ltr'>et</span> <span class='ocrx_word' id='word_1_78' title='bbox 576 1210 680 1258; x_wconf 88' lang='lat' dir='ltr'>sine</span> <span class='ocrx_word' id='word_1_79' title='bbox 716 1210 1073 1258; x_wconf 84' lang='lat' dir='ltr'>sententiarum</span> <span class='ocrx_word' id='word_1_80' title='bbox 1110 1209 1380 1259; x_wconf 88' lang='lat' dir='ltr'>forensium</span> <span class='ocrx_word' id='word_1_81' title='bbox 1416 1213 1615 1269; x_wconf 87' lang='lat' dir='ltr'>aculeis,</span> 
     </span>
     <span class='ocr_line' id='line_1_12' title="bbox 283 1289 1616 1356; baseline 0.003 -20"><span class='ocrx_word' id='word_1_82' title='bbox 283 1289 679 1353; x_wconf 90' lang='lat' dir='ltr'>persequendum</span> <span class='ocrx_word' id='word_1_83' title='bbox 722 1297 811 1338; x_wconf 89' lang='lat' dir='ltr'>est.</span> <span class='ocrx_word' id='word_1_84' title='bbox 916 1289 1109 1337; x_wconf 88' lang='lat' dir='ltr'>Harum</span> <span class='ocrx_word' id='word_1_85' title='bbox 1151 1298 1226 1338; x_wconf 89' lang='lat' dir='ltr'>tot</span> <span class='ocrx_word' id='word_1_86' title='bbox 1268 1298 1616 1356; x_wconf 87' lang='lat' dir='ltr'>tantarumque</span> 
     </span>
     <span class='ocr_line' id='line_1_13' title="bbox 282 1368 1619 1434; baseline 0.002 -19"><span class='ocrx_word' id='word_1_87' title='bbox 282 1383 446 1416; x_wconf 90' lang='lat' dir='ltr'>rerum</span> <span class='ocrx_word' id='word_1_88' title='bbox 471 1369 714 1417; x_wconf 85' lang='lat' dir='ltr'>videtisne</span> <span class='ocrx_word' id='word_1_89' title='bbox 739 1368 839 1417; x_wconf 87' lang='lat' dir='ltr'>ulla</span> <span class='ocrx_word' id='word_1_90' title='bbox 863 1385 967 1417; x_wconf 88' lang='lat' dir='ltr'>esse</span> <span class='ocrx_word' id='word_1_91' title='bbox 991 1377 1275 1433; x_wconf 85' lang='lat' dir='ltr'>praecepta,</span> <span class='ocrx_word' id='word_1_92' title='bbox 1313 1387 1438 1434; x_wconf 90' lang='lat' dir='ltr'>quae</span> <span class='ocrx_word' id='word_1_93' title='bbox 1471 1371 1522 1418; x_wconf 93' lang='lat' dir='ltr'>in</span> <span class='ocrx_word' id='word_1_94' title='bbox 1547 1388 1619 1418; x_wconf 87' lang='lat' dir='ltr'>ar-</span> 
     </span>
     <span class='ocr_line' id='line_1_14' title="bbox 283 1447 1620 1512; baseline 0.003 -19"><span class='ocrx_word' id='word_1_95' title='bbox 283 1447 416 1494; x_wconf 86' lang='lat' dir='ltr'>tibus</span> <span class='ocrx_word' id='word_1_96' title='bbox 441 1447 694 1495; x_wconf 84' lang='lat' dir='ltr'>rhetorum</span> <span class='ocrx_word' id='word_1_97' title='bbox 719 1448 1062 1512; x_wconf 84' lang='lat' dir='ltr'>reperiantur?</span> <span class='ocrx_word' id='word_1_98' title='bbox 1134 1448 1194 1494; x_wconf 92' lang='lat' dir='ltr'>In</span> <span class='ocrx_word' id='word_1_99' title='bbox 1220 1448 1397 1495; x_wconf 89' lang='lat' dir='ltr'>eodem</span> <span class='ocrx_word' id='word_1_100' title='bbox 1424 1448 1620 1497; x_wconf 89' lang='lat' dir='ltr'>silentio</span> 
     </span>
     <span class='ocr_line' id='line_1_15' title="bbox 284 1523 1621 1588; baseline 0.004 -17"><span class='ocrx_word' id='word_1_101' title='bbox 284 1524 440 1572; x_wconf 87' lang='lat' dir='ltr'>multa</span> <span class='ocrx_word' id='word_1_102' title='bbox 464 1524 557 1572; x_wconf 84' lang='lat' dir='ltr'>alia</span> <span class='ocrx_word' id='word_1_103' title='bbox 582 1533 830 1572; x_wconf 85' lang='lat' dir='ltr'>oratorum</span> <span class='ocrx_word' id='word_1_104' title='bbox 856 1523 1016 1572; x_wconf 88' lang='lat' dir='ltr'>officia</span> <span class='ocrx_word' id='word_1_105' title='bbox 1041 1523 1329 1588; x_wconf 85' lang='lat' dir='ltr'>jacuerunt,</span> <span class='ocrx_word' id='word_1_106' title='bbox 1356 1526 1621 1576; x_wconf 88' lang='lat' dir='ltr'>cohortati-</span> 
     </span>
     <span class='ocr_line' id='line_1_16' title="bbox 283 1603 1621 1673; baseline 0.003 -21"><span class='ocrx_word' id='word_1_107' title='bbox 283 1619 421 1662; x_wconf 89' lang='lat' dir='ltr'>ones,</span> <span class='ocrx_word' id='word_1_108' title='bbox 447 1603 822 1659; x_wconf 84' lang='lat' dir='ltr'>consolationeS,</span> <span class='ocrx_word' id='word_1_109' title='bbox 860 1611 1143 1668; x_wconf 84' lang='lat' dir='ltr'>praecepta,</span> <span class='ocrx_word' id='word_1_110' title='bbox 1187 1605 1458 1666; x_wconf 86' lang='lat' dir='ltr'>admonita,</span> <span class='ocrx_word' id='word_1_111' title='bbox 1495 1625 1621 1673; x_wconf 87' lang='lat' dir='ltr'>quae</span> 
     </span>
     <span class='ocr_line' id='line_1_17' title="bbox 281 1682 1621 1744; baseline 0.003 -13"><span class='ocrx_word' id='word_1_112' title='bbox 281 1683 544 1738; x_wconf 85' lang='lat' dir='ltr'>tractanda</span> <span class='ocrx_word' id='word_1_113' title='bbox 584 1690 698 1730; x_wconf 90' lang='lat' dir='ltr'>sunt</span> <span class='ocrx_word' id='word_1_114' title='bbox 736 1683 901 1730; x_wconf 85' lang='lat' dir='ltr'>omnia</span> <span class='ocrx_word' id='word_1_115' title='bbox 939 1682 1291 1744; x_wconf 89' lang='lat' dir='ltr'>disertissime;</span> <span class='ocrx_word' id='word_1_116' title='bbox 1332 1686 1420 1733; x_wconf 90' lang='lat' dir='ltr'>sed</span> <span class='ocrx_word' id='word_1_117' title='bbox 1454 1686 1621 1735; x_wconf 89' lang='lat' dir='ltr'>locum</span> 
     </span>
     <span class='ocr_line' id='line_1_18' title="bbox 226 1761 1621 1826; baseline 0.005 -17"><span class='ocrx_word' id='word_1_118' title='bbox 226 1783 230 1785; x_wconf 93' lang='lat'>·</span> <span class='ocrx_word' id='word_1_119' title='bbox 284 1779 427 1810; x_wconf 87' lang='lat' dir='ltr'>suum</span> <span class='ocrx_word' id='word_1_120' title='bbox 452 1762 504 1809; x_wconf 91' lang='lat' dir='ltr'>in</span> <span class='ocrx_word' id='word_1_121' title='bbox 528 1761 622 1810; x_wconf 92' lang='lat' dir='ltr'>illis</span> <span class='ocrx_word' id='word_1_122' title='bbox 647 1762 852 1821; x_wconf 88' lang='lat' dir='ltr'>artibus,</span> <span class='ocrx_word' id='word_1_123' title='bbox 889 1779 1014 1826; x_wconf 90' lang='lat' dir='ltr'>quae</span> <span class='ocrx_word' id='word_1_124' title='bbox 1039 1763 1251 1812; x_wconf 89' lang='lat' dir='ltr'>traditae</span> <span class='ocrx_word' id='word_1_125' title='bbox 1277 1774 1410 1824; x_wconf 90' lang='lat' dir='ltr'>sunt,</span> <span class='ocrx_word' id='word_1_126' title='bbox 1435 1766 1621 1816; x_wconf 87' lang='lat' dir='ltr'>habent</span> 
     </span>
     <span class='ocr_line' id='line_1_19' title="bbox 209 1841 1622 1910; baseline 0.004 -20"><span class='ocrx_word' id='word_1_127' title='bbox 209 1900 217 1910; x_wconf 32' lang='grc' dir='ltr'><strong><em>ι</em></strong></span> <span class='ocrx_word' id='word_1_128' title='bbox 284 1841 491 1890; x_wconf 87' lang='lat' dir='ltr'>nullum.</span> <span class='ocrx_word' id='word_1_129' title='bbox 564 1841 734 1906; x_wconf 90' lang='lat' dir='ltr'>Atque</span> <span class='ocrx_word' id='word_1_130' title='bbox 771 1842 822 1888; x_wconf 89' lang='lat' dir='ltr'>in</span> <span class='ocrx_word' id='word_1_131' title='bbox 857 1841 953 1890; x_wconf 89' lang='lat' dir='ltr'>hoc</span> <span class='ocrx_word' id='word_1_132' title='bbox 995 1859 1179 1906; x_wconf 81' lang='lat' dir='ltr'>genere</span> <span class='ocrx_word' id='word_1_133' title='bbox 1215 1843 1298 1892; x_wconf 87' lang='lat' dir='ltr'>illa</span> <span class='ocrx_word' id='word_1_134' title='bbox 1323 1862 1521 1909; x_wconf 88' lang='lat' dir='ltr'>quoque</span> <span class='ocrx_word' id='word_1_135' title='bbox 1547 1856 1622 1897; x_wconf 89' lang='lat' dir='ltr'>est</span> 
     </span>
     <span class='ocr_line' id='line_1_20' title="bbox 284 1920 1622 1988; baseline 0.004 -20"><span class='ocrx_word' id='word_1_136' title='bbox 284 1920 477 1968; x_wconf 88' lang='lat' dir='ltr'>infinita</span> <span class='ocrx_word' id='word_1_137' title='bbox 515 1920 653 1979; x_wconf 86' lang='lat' dir='ltr'>silva,</span> <span class='ocrx_word' id='word_1_138' title='bbox 695 1920 830 1984; x_wconf 89' lang='lat' dir='ltr'>quod</span> <span class='ocrx_word' id='word_1_139' title='bbox 869 1921 1050 1969; x_wconf 85' lang='lat' dir='ltr'>oratori</span> <span class='ocrx_word' id='word_1_140' title='bbox 1091 1920 1312 1986; x_wconf 87' lang='lat' dir='ltr'>plerique</span> <span class='ocrx_word' id='word_1_141' title='bbox 1353 1927 1434 1988; x_wconf 88' lang='lat' dir='ltr'>(ut</span> <span class='ocrx_word' id='word_1_142' title='bbox 1473 1925 1622 1974; x_wconf 89' lang='lat' dir='ltr'>etiam</span> 
     </span>
     <span class='ocr_line' id='line_1_21' title="bbox 288 2000 1624 2064; baseline 0.004 -16"><span class='ocrx_word' id='word_1_143' title='bbox 288 2000 491 2049; x_wconf 87' lang='lat' dir='ltr'>Crassus</span> <span class='ocrx_word' id='word_1_144' title='bbox 527 2000 770 2061; x_wconf 87' lang='lat' dir='ltr'>ostendit)</span> <span class='ocrx_word' id='word_1_145' title='bbox 815 2000 914 2048; x_wconf 91' lang='lat' dir='ltr'>duo</span> <span class='ocrx_word' id='word_1_146' title='bbox 949 2017 1135 2064; x_wconf 83' lang='lat' dir='ltr'>genera</span> <span class='ocrx_word' id='word_1_147' title='bbox 1158 2001 1222 2048; x_wconf 89' lang='lat' dir='ltr'>ad</span> <span class='ocrx_word' id='word_1_148' title='bbox 1246 2001 1514 2051; x_wconf 88' lang='lat' dir='ltr'>dicendum</span> <span class='ocrx_word' id='word_1_149' title='bbox 1541 2005 1624 2054; x_wconf 91' lang='lat' dir='ltr'>de-</span> 
     </span>
     <span class='ocr_line' id='line_1_22' title="bbox 290 2079 1624 2146; baseline 0.003 -18"><span class='ocrx_word' id='word_1_150' title='bbox 290 2080 472 2128; x_wconf 87' lang='lat' dir='ltr'>derunt</span> <span class='ocrx_word' id='word_1_151' title='bbox 507 2098 518 2127; x_wconf 75' lang='grc' dir='ltr'>ε</span> <span class='ocrx_word' id='word_1_152' title='bbox 591 2095 746 2127; x_wconf 88' lang='lat' dir='ltr'>unum</span> <span class='ocrx_word' id='word_1_153' title='bbox 805 2079 866 2127; x_wconf 90' lang='lat' dir='ltr'>de</span> <span class='ocrx_word' id='word_1_154' title='bbox 916 2088 1051 2128; x_wconf 87' lang='lat' dir='ltr'>certa</span> <span class='ocrx_word' id='word_1_155' title='bbox 1109 2079 1410 2146; x_wconf 88' lang='lat' dir='ltr'>definitaque</span> <span class='ocrx_word' id='word_1_156' title='bbox 1459 2100 1624 2144; x_wconf 86' lang='lat' dir='ltr'>causa,</span> 
     </span>
     <span class='ocr_line' id='line_1_23' title="bbox 287 2159 1625 2225; baseline 0.004 -17"><span class='ocrx_word' id='word_1_157' title='bbox 287 2160 455 2225; x_wconf 82' lang='lat' dir='ltr'>quales</span> <span class='ocrx_word' id='word_1_158' title='bbox 480 2167 610 2216; x_wconf 88' lang='lat' dir='ltr'>sunt,</span> <span class='ocrx_word' id='word_1_159' title='bbox 649 2159 849 2223; x_wconf 86' lang='lat' dir='ltr'>quaein</span> <span class='ocrx_word' id='word_1_160' title='bbox 885 2159 1071 2219; x_wconf 90' lang='lat' dir='ltr'>litibus,</span> <span class='ocrx_word' id='word_1_161' title='bbox 1109 2177 1233 2225; x_wconf 90' lang='lat' dir='ltr'>quae</span> <span class='ocrx_word' id='word_1_162' title='bbox 1270 2162 1321 2208; x_wconf 89' lang='lat' dir='ltr'>in</span> <span class='ocrx_word' id='word_1_163' title='bbox 1347 2162 1625 2214; x_wconf 86' lang='lat' dir='ltr'>deliberati-</span> 
     </span>
     <span class='ocr_line' id='line_1_24' title="bbox 287 2239 1626 2303; baseline 0.004 -16"><span class='ocrx_word' id='word_1_164' title='bbox 287 2240 466 2288; x_wconf 90' lang='lat' dir='ltr'>onibus</span> <span class='ocrx_word' id='word_1_165' title='bbox 501 2247 790 2298; x_wconf 82' lang='lat' dir='ltr'>versantur3</span> <span class='ocrx_word' id='word_1_166' title='bbox 841 2239 1010 2298; x_wconf 87' lang='lat' dir='ltr'>addat,</span> <span class='ocrx_word' id='word_1_167' title='bbox 1057 2239 1097 2287; x_wconf 87' lang='lat' dir='ltr'>si</span> <span class='ocrx_word' id='word_1_168' title='bbox 1134 2240 1241 2303; x_wconf 90' lang='lat' dir='ltr'>quis</span> <span class='ocrx_word' id='word_1_169' title='bbox 1277 2241 1429 2301; x_wconf 89' lang='lat' dir='ltr'>volet,</span> <span class='ocrx_word' id='word_1_170' title='bbox 1477 2245 1626 2292; x_wconf 86' lang='lat' dir='ltr'>etiam</span> 
     </span>
     <span class='ocr_line' id='line_1_25' title="bbox 294 2318 1627 2383; baseline 0.005 -17"><span class='ocrx_word' id='word_1_171' title='bbox 294 2318 607 2367; x_wconf 87' lang='lat' dir='ltr'>laudationes</span> <span class='ocrx_word' id='word_1_172' title='bbox 630 2337 640 2366; x_wconf 92' lang='lat'>:</span> <span class='ocrx_word' id='word_1_173' title='bbox 714 2318 942 2378; x_wconf 86' lang='lat' dir='ltr'>alterum,</span> <span class='ocrx_word' id='word_1_174' title='bbox 989 2318 1124 2382; x_wconf 90' lang='lat' dir='ltr'>quod</span> <span class='ocrx_word' id='word_1_175' title='bbox 1164 2320 1414 2383; x_wconf 89' lang='lat' dir='ltr'>appellant</span> <span class='ocrx_word' id='word_1_176' title='bbox 1456 2339 1627 2372; x_wconf 91' lang='lat' dir='ltr'>omnes</span> 
     </span>
     <span class='ocr_line' id='line_1_26' title="bbox 288 2395 1628 2464; baseline 0.004 -19"><span class='ocrx_word' id='word_1_177' title='bbox 288 2397 393 2446; x_wconf 82' lang='lat' dir='ltr'>fere</span> <span class='ocrx_word' id='word_1_178' title='bbox 418 2396 697 2461; x_wconf 87' lang='lat' dir='ltr'>scriptores,</span> <span class='ocrx_word' id='word_1_179' title='bbox 731 2395 949 2460; x_wconf 82' lang='lat' dir='ltr'>explicat</span> <span class='ocrx_word' id='word_1_180' title='bbox 972 2412 1139 2455; x_wconf 89' lang='lat' dir='ltr'>nemo,</span> <span class='ocrx_word' id='word_1_181' title='bbox 1164 2397 1406 2446; x_wconf 84' lang='lat' dir='ltr'>infinitam</span> <span class='ocrx_word' id='word_1_182' title='bbox 1430 2402 1628 2464; x_wconf 86' lang='lat' dir='ltr'>generis</span> 
     </span>
     <span class='ocr_line' id='line_1_27' title="bbox 288 2476 1626 2540; baseline 0.002 -16"><span class='ocrx_word' id='word_1_183' title='bbox 288 2477 394 2524; x_wconf 89' lang='lat' dir='ltr'>sine</span> <span class='ocrx_word' id='word_1_184' title='bbox 412 2484 656 2539; x_wconf 89' lang='lat' dir='ltr'>tempore,</span> <span class='ocrx_word' id='word_1_185' title='bbox 676 2483 726 2523; x_wconf 88' lang='lat' dir='ltr'>et</span> <span class='ocrx_word' id='word_1_186' title='bbox 746 2476 850 2523; x_wconf 90' lang='lat' dir='ltr'>sine</span> <span class='ocrx_word' id='word_1_187' title='bbox 870 2492 1092 2540; x_wconf 87' lang='lat' dir='ltr'>persona,</span> <span class='ocrx_word' id='word_1_188' title='bbox 1114 2477 1468 2540; x_wconf 87' lang='lat' dir='ltr'>quaestionem.</span> <span class='ocrx_word' id='word_1_189' title='bbox 1510 2479 1626 2527; x_wconf 94' lang='lat' dir='ltr'>Hoc</span> 
     </span>
     <span class='ocr_line' id='line_1_28' title="bbox 291 2554 1625 2620; baseline 0.002 -18"><span class='ocrx_word' id='word_1_190' title='bbox 291 2554 430 2619; x_wconf 88' lang='lat' dir='ltr'>quid,</span> <span class='ocrx_word' id='word_1_191' title='bbox 466 2562 518 2601; x_wconf 88' lang='lat' dir='ltr'>et</span> <span class='ocrx_word' id='word_1_192' title='bbox 553 2562 792 2617; x_wconf 86' lang='lat' dir='ltr'>quantum</span> <span class='ocrx_word' id='word_1_193' title='bbox 829 2554 906 2610; x_wconf 89' lang='lat' dir='ltr'>sit,</span> <span class='ocrx_word' id='word_1_194' title='bbox 959 2570 1073 2602; x_wconf 89' lang='lat' dir='ltr'>cum</span> <span class='ocrx_word' id='word_1_195' title='bbox 1111 2554 1304 2614; x_wconf 90' lang='lat' dir='ltr'>dicunt,</span> <span class='ocrx_word' id='word_1_196' title='bbox 1345 2556 1625 2620; x_wconf 82' lang='lat' dir='ltr'>intelligere</span> 
     </span>
     <span class='ocr_line' id='line_1_29' title="bbox 291 2632 1626 2699; baseline 0.003 -19"><span class='ocrx_word' id='word_1_197' title='bbox 291 2632 412 2681; x_wconf 87' lang='lat' dir='ltr'>mihi</span> <span class='ocrx_word' id='word_1_198' title='bbox 437 2648 536 2680; x_wconf 91' lang='lat' dir='ltr'>non</span> <span class='ocrx_word' id='word_1_199' title='bbox 560 2632 808 2679; x_wconf 88' lang='lat' dir='ltr'>videntur.</span> <span class='ocrx_word' id='word_1_200' title='bbox 880 2632 930 2680; x_wconf 86' lang='lat' dir='ltr'>Si</span> <span class='ocrx_word' id='word_1_201' title='bbox 963 2633 1094 2680; x_wconf 89' lang='lat' dir='ltr'>enim</span> <span class='ocrx_word' id='word_1_202' title='bbox 1121 2641 1196 2680; x_wconf 90' lang='lat' dir='ltr'>est</span> <span class='ocrx_word' id='word_1_203' title='bbox 1220 2634 1444 2693; x_wconf 88' lang='lat' dir='ltr'>oratoris,</span> <span class='ocrx_word' id='word_1_204' title='bbox 1480 2653 1626 2699; x_wconf 88' lang='lat' dir='ltr'>quae-</span> 
     </span>
     <span class='ocr_line' id='line_1_30' title="bbox 294 2710 1627 2777; baseline 0.003 -17"><span class='ocrx_word' id='word_1_205' title='bbox 294 2728 491 2776; x_wconf 90' lang='lat' dir='ltr'>cunque</span> <span class='ocrx_word' id='word_1_206' title='bbox 517 2727 593 2759; x_wconf 89' lang='lat' dir='ltr'>res</span> <span class='ocrx_word' id='word_1_207' title='bbox 617 2710 807 2759; x_wconf 90' lang='lat' dir='ltr'>infinite</span> <span class='ocrx_word' id='word_1_208' title='bbox 825 2711 985 2776; x_wconf 86' lang='lat' dir='ltr'>posita</span> <span class='ocrx_word' id='word_1_209' title='bbox 1009 2712 1089 2770; x_wconf 88' lang='lat' dir='ltr'>sit,</span> <span class='ocrx_word' id='word_1_210' title='bbox 1115 2712 1178 2760; x_wconf 90' lang='lat' dir='ltr'>de</span> <span class='ocrx_word' id='word_1_211' title='bbox 1198 2729 1256 2760; x_wconf 89' lang='lat' dir='ltr'>ea</span> <span class='ocrx_word' id='word_1_212' title='bbox 1272 2729 1415 2777; x_wconf 90' lang='lat' dir='ltr'>posse</span> <span class='ocrx_word' id='word_1_213' title='bbox 1441 2714 1627 2777; x_wconf 89' lang='lat' dir='ltr'>dicere,</span> 
     </span>
     <span class='ocr_line' id='line_1_31' title="bbox 293 2791 1628 2858; baseline 0.004 -18"><span class='ocrx_word' id='word_1_214' title='bbox 293 2791 565 2840; x_wconf 90' lang='lat' dir='ltr'>dicendum</span> <span class='ocrx_word' id='word_1_215' title='bbox 601 2791 695 2840; x_wconf 88' lang='lat' dir='ltr'>erit</span> <span class='ocrx_word' id='word_1_216' title='bbox 730 2791 790 2848; x_wconf 83' lang='lat' dir='ltr'>ei,</span> <span class='ocrx_word' id='word_1_217' title='bbox 851 2800 1035 2856; x_wconf 85' lang='lat' dir='ltr'>quanta</span> <span class='ocrx_word' id='word_1_218' title='bbox 1070 2792 1132 2840; x_wconf 89' lang='lat' dir='ltr'>sit</span> <span class='ocrx_word' id='word_1_219' title='bbox 1167 2791 1280 2840; x_wconf 90' lang='lat' dir='ltr'>solis</span> <span class='ocrx_word' id='word_1_220' title='bbox 1315 2795 1628 2858; x_wconf 85' lang='lat' dir='ltr'>magnitudo,</span> 
     </span>
     <span class='ocr_line' id='line_1_32' title="bbox 294 2871 1630 2936; baseline 0.005 -17"><span class='ocrx_word' id='word_1_221' title='bbox 294 2887 422 2936; x_wconf 87' lang='lat' dir='ltr'>quae</span> <span class='ocrx_word' id='word_1_222' title='bbox 446 2871 604 2922; x_wconf 82' lang='lat' dir='ltr'>forma</span> <span class='ocrx_word' id='word_1_223' title='bbox 638 2879 831 2922; x_wconf 84' lang='lat' dir='ltr'>terrae:</span> <span class='ocrx_word' id='word_1_224' title='bbox 870 2871 933 2922; x_wconf 90' lang='lat' dir='ltr'>de</span> <span class='ocrx_word' id='word_1_225' title='bbox 969 2871 1349 2934; x_wconf 86' lang='lat' dir='ltr'>mathematicis,</span> <span class='ocrx_word' id='word_1_226' title='bbox 1386 2874 1447 2924; x_wconf 90' lang='lat' dir='ltr'>de</span> <span class='ocrx_word' id='word_1_227' title='bbox 1483 2878 1630 2926; x_wconf 84' lang='lat' dir='ltr'>musi-</span> 
     </span>
     <span class='ocr_line' id='line_1_33' title="bbox 1259 2968 1296 2999; baseline 0 0"><span class='ocrx_word' id='word_1_228' title='bbox 1259 2968 1296 2999; x_wconf 85' lang='lat' dir='ltr'><strong>H</strong></span> 
     </span>
    </p>
   </div>
   <div class='ocr_carea' id='block_1_4' title="bbox 1648 987 1726 1035">
    <p class='ocr_par' dir='ltr' id='par_1_4' title="bbox 1648 987 1726 1035">
     <span class='ocr_line' id='line_1_34' title="bbox 1648 987 1726 1035; baseline -0.013 -7"><span class='ocrx_word' id='word_1_229' title='bbox 1648 987 1726 1035; x_wconf 75' lang='lat'>64.</span> 
     </span>
    </p>
   </div>
   <div class='ocr_carea' id='block_1_5' title="bbox 1654 1861 1732 1902">
    <p class='ocr_par' dir='ltr' id='par_1_5' title="bbox 1654 1861 1732 1902">
     <span class='ocr_line' id='line_1_35' title="bbox 1654 1861 1732 1902; baseline 0 0"><span class='ocrx_word' id='word_1_230' title='bbox 1654 1861 1732 1902; x_wconf 88' lang='grc'>65.</span> 
     </span>
    </p>
   </div>
   <div class='ocr_carea' id='block_1_6' title="bbox 1659 2650 1738 2692">
    <p class='ocr_par' dir='ltr' id='par_1_6' title="bbox 1659 2650 1738 2692">
     <span class='ocr_line' id='line_1_36' title="bbox 1659 2650 1738 2692; baseline -0.013 0"><span class='ocrx_word' id='word_1_231' title='bbox 1659 2650 1738 2692; x_wconf 90' lang='grc'>66.</span> 
     </span>
    </p>
   </div>
  </div>
 </body>
</html>
