2071 3508
461 488 543 528 470
966 485 1299 526 ORATORIAE

465 595 724 645 contraria.
781 595 861 644 Ac
886 612 948 644 ne
972 596 1069 644 hoc
1094 595 1293 660 quidem
1318 610 1476 659 genus
1500 593 1552 642 in
1577 611 1658 644 eas
1683 612 1797 644 cau-

466 691 541 722 sas
560 674 785 734 incurrit,
811 692 935 739 quae
953 675 1239 738 conjectura
1264 675 1596 722 continentur.
1648 674 1800 731 Quod

422 812 437 826 N
466 754 598 802 enim
623 753 811 802 factum
836 762 1060 817 negatur,
1098 754 1151 802 id
1175 754 1314 818 argui
1339 771 1438 802 non
1462 762 1626 818 potest
1651 754 1802 819 scrip-

466 839 535 881 to.
623 834 702 881 Ne
740 834 789 880 in
827 832 1164 881 definitionem
1203 833 1401 896 quidem
1443 835 1580 881 venit
1613 850 1802 898 genere

467 913 637 976 scripti
664 913 829 976 ipsius.
912 912 1042 959 Nam
1069 912 1259 959 etiamsi
1285 913 1488 960 verbum
1514 912 1714 975 aliquod
1738 912 1802 961 de

468 991 654 1054 scripto
690 990 1026 1038 definiendum
1053 997 1146 1048 est,
1182 1006 1328 1053 quam
1352 989 1452 1036 vim
1477 989 1688 1037 habeat:
1726 998 1803 1051 ut,

469 1086 585 1124 cum
611 1086 672 1116 ex
697 1069 1023 1127 testamentis,
1060 1068 1179 1132 quid
1204 1068 1266 1116 sit
1288 1085 1464 1133 pen11S‚
1489 1076 1575 1116 aut
1600 1084 1714 1116 cum
1740 1085 1806 1117 ex

467 1146 580 1211 lege
598 1147 785 1211 praedii
803 1148 1072 1212 quaeritur,
1098 1164 1222 1211 quae
1243 1147 1339 1195 sint
1364 1156 1474 1195 ruta
1499 1164 1664 1195 caesa:
1703 1157 1806 1195 non

469 1227 640 1291 scripti
675 1244 850 1291 genus,
885 1227 971 1275 sed
995 1227 1131 1275 verbi
1156 1227 1498 1290 interpretatio
1524 1234 1806 1275 controver-

469 1306 589 1353 siam
608 1306 750 1369 parit.
808 1306 933 1354 Cum
955 1314 1120 1354 autem
1139 1305 1280 1370 plura
1299 1305 1637 1370 significantur
1656 1307 1807 1371 scrip-

469 1391 541 1443 to,
559 1393 761 1449 propter
778 1385 916 1433 verbi
941 1393 1026 1433 aut
1042 1386 1302 1433 verborum
1329 1385 1723 1449 ambiguitatem,
1746 1393 1806 1435 ut

468 1462 619 1512 liceat
643 1464 706 1522 ei,
744 1465 826 1529 qui
853 1473 1026 1512 contra
1061 1464 1213 1523 dicat,
1250 1481 1309 1512 eo
1345 1464 1538 1512 trahere
1564 1464 1807 1529 significa-

468 1542 657 1591 tionem
700 1544 883 1608 scripti,
939 1560 1036 1607 quo
1075 1544 1323 1608 expediat,
1374 1551 1460 1592 aut
1499 1543 1649 1592 velit:
1701 1550 1807 1604 aut,

470 1622 510 1669 si
550 1622 779 1686 ambigue
819 1623 1056 1687 scriptum
1096 1639 1196 1671 non
1233 1624 1313 1682 sit,
1347 1622 1426 1671 vel
1463 1641 1491 1671 a
1528 1623 1688 1672 verbis
1722 1640 1808 1672 vo-

468 1700 713 1749 luntatem
773 1709 823 1749 et
875 1702 1172 1749 sententiam
1231 1703 1480 1767 scriptoris
1539 1702 1805 1760 abducere,

468 1780 548 1827 vel
573 1780 668 1828 alio
694 1797 743 1828 se
770 1781 942 1829 eadem
970 1782 1031 1830 de
1067 1798 1119 1829 re
1157 1782 1400 1829 contrarie
1427 1782 1609 1846 scripto
1635 1781 1806 1830 defen-

470 1858 622 1906 dere:
675 1866 780 1906 tum
825 1860 1118 1924 disceptatio
1163 1877 1225 1908 ex
1267 1861 1437 1925 scripti
1485 1861 1807 1910 contentione

469 1938 661 1986 exsistit
683 1959 695 1998 3
741 1946 796 1985 ut
820 1939 869 1985 in
896 1939 1139 2003 ambiguis
1165 1939 1488 2004 disceptetur,
1513 1940 1633 2004 quid
1656 1940 1809 1988 maxi-

468 2032 550 2064 me
593 2016 925 2080 significetur:
978 2017 1029 2064 in
1071 2018 1239 2082 scripti
1277 2018 1651 2082 sententiaeque
1690 2034 1808 2067 con-

469 2094 713 2153 tentione,
749 2103 914 2142 utrum
950 2096 1114 2159 potius
1139 2105 1371 2161 sequatur
1386 2095 1576 2161 judex:
1614 2097 1665 2144 in
1691 2114 1810 2146 con-

469 2173 629 2220 trariis
654 2173 862 2237 scriptis,
905 2182 1071 2221 utrum
1098 2176 1252 2239 magis
1278 2175 1340 2223 sit
1365 2175 1806 2240 comprobandum.

470 2251 785 2315 Disceptatio
810 2261 975 2300 autem
1003 2271 1115 2301 cum
1142 2262 1216 2302 est
1241 2255 1523 2311 constituta,
1559 2254 1811 2319 proposita

472 2346 578 2377 esse
604 2330 754 2378 debet
789 2332 988 2390 oratori,
1024 2350 1122 2396 quo
1159 2349 1329 2380 omnes
1354 2334 1809 2397 argumentationes

471 2409 712 2473 repetitae
732 2427 792 2458 ex
813 2410 1097 2459 inveniendi
1118 2411 1238 2459 locis
1264 2411 1606 2476 conjiciantur.
1657 2413 1810 2470 Quod

473 2504 755 2552 quanquam
781 2490 895 2538 satis
922 2498 995 2538 est
1020 2491 1084 2549 ei,
1105 2491 1186 2554 qui
1211 2491 1366 2550 videt,
1392 2491 1512 2555 quid
1535 2492 1584 2538 in
1612 2508 1809 2556 quoque

471 2564 585 2614 loco
609 2567 778 2626 lateat,
815 2569 997 2632 quique
1023 2568 1129 2617 illos
1154 2569 1307 2629 locos,
1343 2578 1579 2634 tanquam
1614 2570 1810 2619 thesau-

472 2661 551 2692 ros
587 2645 774 2710 aliquos
811 2656 1233 2711 argumentorum,
1275 2657 1469 2696 notatos
1505 2649 1685 2709 habet;
1737 2657 1828 2710 ta·-

472 2739 588 2771 men
614 2741 689 2783 ea,
715 2742 840 2789 quae
866 2735 981 2775 sunt
1017 2735 1262 2776 certarum
1300 2743 1556 2776 causarum
1591 2728 1808 2793 propria,

474 2809 751 2866 tangemus.

540 2880 600 2926 In
643 2882 930 2946 conjectura
968 2886 1134 2951 igitur,
1186 2904 1300 2937 cum
1348 2896 1423 2937 est
1463 2888 1515 2936 in
1550 2884 1807 2936 infitiando

472 2971 600 3017 rem,
647 2965 922 3013 accusatori
967 2965 1092 3015 haec
1140 2966 1240 3016 duo
1286 2968 1445 3033 prima
1489 2974 1605 3017 sunt
1618 2986 1634 3029 3
1695 2968 1809 3030 (se-d.
