2071 3508
364 1661 443 1703 32.

459 446 536 485 102
931 443 1008 482 DE
1037 441 1304 482 ORATORE

458 553 604 608 tiunt,
632 560 683 601 et
698 551 946 617 judicant,
966 561 1017 600 et
1040 571 1128 602 nos
1153 552 1420 601 contrarias
1445 567 1589 615 saepe
1614 567 1782 599 causas

463 631 690 690 dicimus,
729 647 827 678 non
851 631 999 679 modo
1033 639 1091 679 ut
1129 632 1330 679 Crassus
1354 638 1525 679 contra
1549 646 1626 677 me
1653 629 1786 677 dicat

462 709 739 774 aliquando,
767 718 852 757 aut
876 726 969 773 ego
994 718 1165 757 contra
1189 709 1436 767 Crassum,
1468 725 1582 757 cum
1607 708 1784 755 alteru-

462 789 526 836 tri
551 804 749 836 necesse
776 788 838 835 sit
860 787 1035 835 falsum
1060 787 1256 846 dicere3
1297 786 1383 834 sed
1407 787 1554 834 etiam
1579 794 1636 834 ut
1657 794 1787 833 uter-

465 883 561 930 que
586 875 805 931 nostrum
832 866 1002 914 eadem
1040 866 1101 913 de
1137 882 1189 913 re
1226 864 1340 913 alias
1376 864 1509 912 aliud
1533 863 1789 923 defendat,

467 961 581 992 cum
607 945 715 1009 plus
739 962 838 993 uno
861 962 1033 993 verum
1058 961 1161 993 esse
1186 960 1285 992 non
1308 942 1476 1008 possit.
1547 941 1620 989 Ut
1639 942 1791 1005 igitur

467 1022 519 1071 in
544 1023 782 1087 ejusmodi
806 1041 876 1084 re,
896 1041 1020 1088 quae
1039 1023 1296 1074 mendacio
1320 1022 1436 1070 nixa
1460 1021 1539 1080 sit,
1581 1037 1706 1085 quae
1731 1020 1794 1068 ad

431 1130 433 1134 ,
469 1102 725 1150 scientiam
766 1120 866 1151 non
907 1119 1052 1168 saepe
1074 1103 1345 1167 perveniat,
1390 1118 1514 1166 quae
1539 1100 1794 1164 opiniones

467 1180 744 1239 hominum,
770 1190 821 1229 et
845 1198 988 1245 saepe
1009 1198 1194 1230 errores
1210 1188 1501 1245 aucupetur,
1526 1179 1595 1226 ita
1613 1178 1794 1236 dicam,

468 1258 509 1304 si
535 1275 731 1307 causam
754 1260 938 1324 putatis
963 1276 1086 1318 esse,
1111 1276 1198 1307 cur
1222 1260 1445 1307 audiatis.

524 1337 642 1393 ,Nos
682 1353 817 1394 vero,
859 1344 910 1384 et
948 1335 1092 1383 valde
1128 1336 1346 1399 quidem,
1381 1334 1585 1383 Catulus
1620 1333 1798 1397 inquit,

430 1458 440 1470 ,
472 1421 719 1478 putamus,
744 1421 891 1479 atque
934 1430 992 1461 eo
1030 1414 1203 1478 magis,
1241 1413 1375 1476 quod
1407 1412 1542 1460 nulla
1576 1411 1696 1459 mihi
1725 1428 1799 1459 os-

472 1492 748 1541 tentatione
771 1491 951 1538 videris
976 1507 1079 1538 esse
1103 1507 1294 1538 usurus.
1353 1491 1568 1537 Exorsus
1593 1506 1643 1537 es
1669 1490 1800 1538 enim

472 1588 574 1619 non
618 1569 844 1633 gloriose,
893 1567 1066 1632 magis,
1112 1575 1169 1613 ut
1214 1574 1270 1613 tu
1309 1575 1471 1631 putas,
1512 1585 1542 1615 a
1573 1568 1799 1627 veritate,

476 1664 622 1714 quam
647 1664 675 1694 a
698 1646 865 1695 nescio
890 1662 986 1710 qua
1010 1644 1268 1708 dignitate.
1339 1645 1410 1694 Ut
1432 1646 1583 1710 igitur
1608 1647 1669 1694 de
1693 1647 1799 1711 ipso

473 1744 658 1794 genere
695 1743 802 1775 sum
844 1723 1114 1784 confessus,
1153 1725 1314 1792 inquit
1339 1725 1607 1788 Antonius,
1645 1734 1799 1774 artem

475 1825 580 1859 esse
605 1823 705 1854 non
728 1805 1022 1864 maximam3
1062 1804 1131 1852 sic
1154 1804 1277 1852 illud
1301 1805 1503 1864 affirmo,
1537 1813 1802 1870 praecepta

474 1903 616 1955 posse
653 1884 894 1949 quaedam
930 1884 1033 1931 dari
1066 1891 1300 1948 peracuta
1335 1885 1398 1932 ad
1430 1884 1802 1949 pertractandos

478 1965 665 2019 animos
689 1964 963 2022 hominum,
1005 1970 1055 2011 et
1092 1962 1155 2011 ad
1189 1963 1504 2028 excipiendas
1529 1981 1698 2011 eorum
1720 1980 1803 2011 vo-

477 2044 708 2092 luntates.
791 2042 953 2106 Hujus
999 2042 1070 2089 rei
1129 2042 1384 2092 scientiam
1431 2043 1470 2090 si
1516 2043 1624 2106 quis
1670 2042 1805 2091 volet

478 2139 708 2186 magnam
733 2121 977 2185 quandam
1002 2128 1158 2169 artem
1178 2138 1280 2170 esse
1297 2121 1481 2180 dicere,
1504 2138 1604 2169 non
1627 2138 1804 2185 repug-

478 2201 622 2249 nabo.
693 2199 891 2255 Etenim
928 2216 1040 2246 cum
1077 2198 1297 2263 plerique
1333 2208 1538 2258 temere,
1579 2216 1636 2248 ac
1671 2199 1806 2246 nulla

480 2279 669 2340 ratione
716 2293 885 2335 causas
922 2277 972 2322 in
1012 2275 1118 2324 foro
1158 2276 1344 2335 dicant,
1379 2277 1603 2324 nonnulli
1638 2285 1804 2325 autem

481 2365 681 2421 propter
707 2354 1130 2411 exercitationem,
1160 2361 1246 2403 aut
1267 2362 1467 2418 propter
1493 2355 1805 2402 cousuetudi-

483 2427 598 2482 nem
624 2435 852 2498 aliquam,
891 2431 1112 2480 callidius
1152 2432 1205 2483 id
1238 2431 1455 2491 faciant3
1495 2449 1594 2480 non
1620 2440 1694 2480 cst
1718 2432 1804 2479 du-

482 2513 638 2571 bium,
680 2511 816 2575 quin,
858 2510 897 2562 si
943 2508 1049 2573 quis
1095 2509 1512 2569 animadverterit,
1559 2510 1680 2573 quid
1726 2512 1806 2570 sit,

485 2607 634 2655 quare
660 2590 740 2637 alii
764 2587 938 2636 melius
961 2580 1107 2656 quam
1144 2585 1225 2634 alii
1261 2586 1447 2646 dicant,
1472 2587 1524 2635 id
1545 2589 1699 2652 possit
1721 2606 1806 2638 no-

485 2677 604 2717 tare.
675 2669 808 2732 Ergo
832 2665 885 2714 id
909 2660 992 2733 qui
1015 2673 1122 2717 toto
1145 2665 1197 2712 in
1220 2682 1404 2729 genere
1439 2664 1642 2725 fecerit,
1668 2667 1727 2727 is,
1767 2668 1807 2715 si

486 2763 586 2795 non
607 2747 753 2812 plane
778 2753 952 2804 artem,
977 2751 1028 2792 at
1051 2744 1187 2819 quasi
1212 2751 1367 2794 artem
1398 2744 1643 2808 quandam
1674 2745 1807 2793 inve-

487 2827 629 2872 nerit.
691 2825 860 2888 Atque
883 2823 1092 2882 utinam,
1118 2831 1177 2871 ut
1199 2821 1319 2870 mihi
1341 2821 1425 2870 illa
1446 2823 1614 2871 videre
1636 2822 1808 2871 videor

486 2903 537 2950 in
561 2903 686 2961 foro,
727 2911 875 2967 atque
909 2903 962 2950 in
997 2901 1188 2964 causis3
1224 2901 1293 2958 ita
1316 2916 1470 2961 nunc,
1493 2899 1807 2966 quemadmo-
