2071 3508
308 2682 413 2744 92.

420 442 503 480 422
925 439 1002 478 DE
1033 439 1235 478 CLARIS

422 565 544 615 pore
566 547 780 597 Athenis
806 548 940 613 apud
963 549 1279 597 Demetrium
1301 548 1493 613 Syrum,
1519 559 1758 607 veterem,

425 636 477 677 et
515 645 617 676 non
661 627 932 692 ignobilem
958 628 1160 676 dicendi
1191 628 1497 692 magistrum,
1543 626 1761 675 studiose

426 707 648 756 exerceri
674 707 905 756 solebam.
979 707 1096 754 Post
1137 725 1166 755 a
1205 724 1285 755 me
1317 706 1439 754 Asia
1484 714 1591 754 tota
1626 722 1764 770 pera-

426 795 569 852 grata
593 794 686 846 est,
723 803 837 834 cum
872 785 1074 833 summis
1105 786 1307 850 quidem
1332 786 1626 844 oratoribus,
1662 784 1766 850 qui-v

427 867 638 914 buscum
659 867 926 914 exercebar
943 865 1059 929 ipsis
1077 864 1362 913 lubentibus
1381 883 1393 913 :
1432 881 1641 930 quorum
1661 871 1768 912 erat

428 945 661 1009 princeps
689 944 960 1009 Menippus
986 944 1384 1003 Stratonicensis,
1420 961 1532 992 meo
1553 943 1763 1008 judicio,

430 1031 538 1071 tota
581 1022 721 1081 Asia,
771 1022 865 1070 illis
906 1023 1230 1087 temporibus,
1267 1024 1647 1071 disertissimus:
1699 1030 1769 1082 et,

433 1103 474 1150 si
497 1102 621 1150 nihil
639 1102 821 1149 habere
841 1101 1196 1161 molestiarum,
1220 1119 1316 1150 nec
1334 1103 1648 1167 ineptiarum,
1677 1101 1771 1150 At-

433 1182 648 1229 ticorum
680 1188 768 1237 est,
806 1181 889 1229 hic
928 1189 1092 1229 orator
1129 1182 1181 1229 in
1217 1180 1312 1228 illis
1349 1181 1597 1228 numerari
1634 1187 1771 1229 recte

434 1268 616 1326 potest.
689 1259 1042 1308 Assiduissime
1081 1268 1248 1309 autem
1287 1276 1485 1308 mecum
1525 1258 1623 1308 fuit
1650 1259 1773 1308 Dio-

435 1340 604 1405 nysius
631 1339 861 1403 Magnes,
932 1339 1055 1388 Erat
1078 1340 1228 1389 etiam
1249 1338 1531 1404 Aeschylus
1547 1338 1772 1399 Cnidius,

439 1419 814 1484 Adramytenus
839 1419 1107 1468 Xenocles,
1181 1419 1253 1466 Hi
1288 1427 1396 1467 tum
1433 1419 1484 1465 in
1512 1418 1635 1466 Asia
1667 1418 1777 1466 rhe-

437 1506 603 1547 torum
649 1499 899 1563 principes
946 1500 1351 1560 numerabantur,
1439 1498 1634 1557 Quibus
1674 1513 1775 1546 non

440 1585 722 1634 contentus,
766 1578 1003 1626 Rhodum
1041 1579 1174 1638 veni,
1216 1594 1395 1642 meque
1437 1577 1501 1625 ad
1542 1577 1778 1636 eundem,

440 1674 591 1721 quem
618 1658 810 1705 Romae
847 1658 1147 1714 audiveram,
1194 1657 1473 1716 Molonem,
1515 1656 1778 1722 applicavi,

442 1753 558 1785 cum
606 1744 825 1784 actorem
877 1737 929 1783 in
976 1737 1103 1785 veris
1152 1737 1328 1795 causis,
1387 1736 1779 1799 scriptoremque

440 1824 791 1881 praestantem,
830 1823 936 1863 tum
963 1816 1015 1861 in
1040 1815 1271 1862 notandis
1308 1812 1779 1871 animadvertendis-

442 1912 539 1959 que
569 1895 715 1950 vitiis,
756 1902 807 1941 et
847 1893 1155 1941 instituendo
1198 1891 1527 1956 docendoque
1566 1894 1780 1957 pruden÷

442 1975 702 2023 tissimum.
775 1973 825 2031 Is
851 1972 991 2020 dedit
1015 1987 1215 2036 operam
1253 1972 1317 2035 (si
1343 1971 1491 2019 modo
1529 1971 1583 2020 id
1612 1989 1781 2023 conse-

444 2055 528 2119 qui
552 2053 741 2118 potuit)
784 2061 840 2100 ut
865 2052 1009 2099 nimis
1034 2050 1371 2099 redundantes
1395 2067 1504 2110 nos,
1541 2060 1593 2100 et
1616 2068 1782 2117 super-

443 2133 654 2181 fluentes
685 2130 897 2196 juvenili
931 2130 1143 2194 quadam
1169 2129 1369 2178 dicendi
1410 2129 1706 2194 impunitate
1732 2140 1784 2180 et

445 2211 668 2269 licentia,
705 2210 1013 2274 reprimeret,
1050 2218 1101 2257 et
1126 2209 1263 2273 quasi
1289 2217 1429 2258 extra
1463 2209 1592 2274 ripas
1628 2210 1783 2259 difflu-

448 2298 587 2339 entes
628 2293 895 2339 coerceret.
967 2288 1046 2336 Ita
1086 2288 1254 2352 recepi
1295 2304 1374 2335 me
1415 2287 1618 2337 biennio
1653 2297 1785 2356 post,
1818 2301 1826 2309 ·

448 2387 551 2418 non
571 2369 719 2417 modo
741 2368 1076 2426 exercitatior,
1101 2367 1188 2415 sed
1205 2383 1359 2432 prope
1379 2375 1612 2415 mutatus.
1651 2369 1784 2417 Nam

452 2458 503 2499 et
529 2448 784 2498 contentio
810 2447 962 2495 nimia
984 2447 1120 2495 vocis
1155 2445 1415 2502 reciderat,
1459 2454 1511 2494 et
1541 2447 1678 2512 quasi
1703 2448 1786 2498 de-

450 2528 704 2578 ferbuerat
741 2527 917 2586 oratio,
952 2525 1286 2590 lateribusque
1323 2525 1469 2584 vires,
1505 2533 1556 2573 et
1593 2528 1786 2592 corpori

451 2608 714 2657 mediocris
737 2607 933 2656 habitus
958 2613 1250 2656 accesserat.

518 2688 637 2736 Duo
678 2696 787 2735 tum
823 2685 1137 2734 excellebant
1174 2694 1410 2743 oratores,
1446 2684 1531 2749 qui
1565 2701 1645 2732 me
1679 2684 1785 2733 imi-

452 2766 591 2815 tandi
639 2765 913 2830 cupiditate
960 2764 1246 2822 incitarent,
1288 2763 1439 2812 Cotta
1479 2772 1532 2811 et
1552 2762 1787 2811 ‘Horten-

455 2847 582 2893 sius:
637 2862 846 2908 quorum
888 2843 1012 2893 alter
1049 2844 1279 2893 remissus
1321 2852 1371 2890 et
1411 2841 1555 2901 lenis,
1591 2850 1643 2890 et
1677 2857 1788 2906 pro-

456 2923 573 2987 priis
595 2922 757 2971 verbis
782 2922 1208 2987 comprehendens
1244 2921 1403 2970 solute
1436 2929 1485 2970 et
1509 2919 1657 2974 facile
1680 2935 1789 2968 sen-
