2071 3508
710 392 1082 432 ORATORIBUS.
1484 393 1563 429 385

236 497 311 547 M.
341 498 577 559 Marium,
601 507 653 548 et
676 514 737 547 ex
763 499 939 547 eodem
963 515 1148 563 genere
1174 497 1451 562 complures
1476 500 1563 546 mi-

234 577 366 626 nime
391 578 566 642 dignos
602 576 841 641 elegantis
867 584 1141 624 conventus
1164 575 1380 635 auribus,
1417 578 1563 639 aptis.

232 655 379 704 simos
403 655 613 718 cognovi
638 654 936 702 turbulentis
961 654 1298 702 concionibus.
1371 653 1486 710 Quo
1510 654 1562 700 in

230 748 414 796 genere
452 735 534 796 (ut
570 733 622 780 in
659 733 717 781 iis
753 735 1038 797 perturbem
1064 741 1283 781 aetatum
1308 732 1560 792 ordinem)

232 826 389 875 nuper
413 809 472 858 L.
500 811 736 868 Quintius
760 812 885 860 fuit:
924 813 1084 877 aptior
1108 821 1275 861 autem
1301 812 1450 860 etiam
1473 812 1562 859 Pa.

228 887 417 937 licanus
442 890 640 939 auribus
663 891 1019 956 imperitorum.
1091 892 1174 951 Et,
1217 893 1447 956 quoniam
1473 891 1562 939 hu-

219 964 302 1030 jus
342 969 539 1033 generis
579 968 712 1018 facta
749 971 937 1019 mentio
961 979 1054 1030 est,
1090 971 1434 1019 seditiosorum
1461 987 1563 1018 om-

228 1046 366 1094 nium
407 1057 520 1113 post
561 1049 838 1109 Gracchos,
881 1050 940 1098 L.
983 1050 1227 1115 Apuleius
1270 1050 1562 1098 Saturninus

228 1124 658 1190 eloquentissimus
683 1128 814 1176 visus
850 1137 954 1177 est:
993 1129 1149 1194 magis
1190 1129 1354 1194 specie
1393 1136 1562 1177 tamen

228 1213 280 1253 et
302 1215 461 1266 motu,
503 1215 653 1271 atque
694 1208 801 1272 ipso
842 1208 1027 1257 amictu
1063 1209 1295 1273 capiebat
1318 1209 1562 1268 homines,

229 1300 376 1348 quam
401 1293 487 1333 aut
512 1285 712 1333 dicendi
753 1286 913 1349 copia,
955 1294 1041 1333 aut
1081 1286 1425 1334 mediocritate
1449 1304 1561 1351 pru-

229 1363 442 1412 dentiae.
515 1363 690 1428 Longe
716 1372 882 1412 autem
912 1373 1023 1428 post
1059 1372 1200 1412 natos
1224 1365 1448 1413 homines
1474 1367 1561 1414 im-

227 1442 546 1505 probissimus
573 1443 630 1491 C.
659 1442 890 1491 Servilius
915 1442 1146 1502 Glaucia,
1184 1444 1271 1491 sed
1294 1454 1561 1507 peracutus

228 1530 280 1569 et
321 1521 548 1581 callidus,
597 1538 712 1569 cum
752 1521 1020 1586 primisque
1062 1522 1313 1570 ridiculus.
1393 1523 1457 1579 Is,
1497 1539 1560 1571 ex

227 1601 428 1649 summis
454 1609 504 1649 et
528 1599 756 1648 fortunae
782 1609 833 1648 et
855 1601 986 1649 vitae
1012 1601 1254 1660 sordibus,
1289 1602 1340 1648 in
1365 1611 1562 1666 praetu-

224 1695 279 1726 ra
309 1679 482 1727 consul
522 1678 685 1727 factus
730 1687 877 1738 esset,
919 1681 958 1727 si
994 1681 1236 1728 rationem
1262 1679 1366 1745 ejus
1391 1681 1561 1730 haberi

225 1757 376 1806 licere
398 1758 682 1823 judicatum
707 1766 851 1807 esset.
923 1759 1052 1807 Nam
1096 1767 1146 1806 et
1186 1758 1381 1823 plebem
1424 1769 1563 1809 tene-

224 1838 330 1897 bat,
367 1845 418 1885 et
448 1846 725 1902 equestrem
768 1838 992 1886 ordinem
1034 1838 1276 1887 beneficio
1313 1838 1436 1902 legis
1478 1840 1561 1888 de-

226 1916 470 1964 vinxerat.
541 1916 590 1964 Is
625 1924 842 1980 praetor,
878 1916 1054 1964 eodem
1098 1917 1177 1964 die
1219 1933 1316 1980 quo
1343 1918 1562 1965 Saturni-

226 1994 569 2043 nustribunus
593 1995 765 2060 plebis,
795 1995 958 2043 Mario
983 2004 1034 2043 et
1058 1995 1239 2043 Flacco
1259 1995 1560 2056 consulibuS‚

225 2073 425 2138 publice
452 2082 527 2121 est
550 2073 875 2132 interfectus;
915 2073 1064 2121 homo
1102 2073 1374 2121 simillimus
1403 2074 1561 2124 Athe-

226 2152 409 2201 niensis
454 2151 749 2217 Hyperboli,
792 2152 930 2217 cujus
972 2153 1337 2217 improbitatem
1368 2163 1560 2203 veteres

228 2231 515 2279 Atticorum
555 2232 841 2280 comoediae
883 2240 1195 2280 notaverunt.
1267 2233 1406 2290 Quos
1443 2234 1557 2282 Sex.

227 2309 403 2358 Titius·
425 2318 738 2367 consecutus,
788 2310 936 2358 homo
973 2309 1154 2374 loquax
1193 2328 1308 2359 sane
1351 2320 1402 2360 et
1442 2315 1558 2362 satis

226 2397 421 2448 acutus,
457 2388 545 2437 sed
569 2397 669 2437 tam
695 2389 882 2438 solutus
921 2397 972 2438 et
1008 2390 1166 2439 mollis
1204 2391 1255 2438 in
1295 2400 1459 2456 gestu,
1501 2400 1558 2441 ut

227 2467 422 2516 saltatio
460 2468 702 2532 quaedam
741 2477 1039 2527 nasceretur,
1081 2471 1161 2518 cui
1199 2470 1445 2518 saltationi
1471 2471 1557 2518 Ti-

226 2546 324 2594 tius
349 2562 531 2594 nomen
556 2554 699 2594 esset.
772 2546 850 2594 Ita
891 2547 1167 2595 cavendum
1209 2556 1302 2606 est,
1342 2564 1405 2596 ne
1437 2549 1558 2612 quid

226 2624 278 2672 in
303 2625 498 2689 agendo
524 2624 800 2673 dicendove
824 2624 994 2684 facias,
1031 2624 1171 2690 cujus
1195 2626 1404 2675 imitatio
1428 2627 1556 2675 ride-

225 2712 351 2753 atur.

293 2781 392 2831 Sed
415 2780 478 2830 ad
501 2780 649 2846 paulo
673 2781 972 2846 superiorem
1011 2790 1224 2832 aetatem
1266 2786 1453 2834 revecti
1478 2802 1555 2834 su·
1584 2797 1692 2861 63·

224 2878 365 2912 mus:
404 2877 538 2911 nunc
563 2862 628 2912 ad
651 2878 780 2923 eam,
820 2862 883 2912 de
924 2879 1020 2928 qua
1055 2863 1360 2928 aliquantum
1385 2882 1552 2918 sumus

1132 2958 1162 2991 Β
1187 2944 1219 2994 b
