2071 3508
766 414 1139 454 ORATORIBUS.
1542 419 1618 459 377

287 540 472 587 genere
497 522 703 581 diceret,
739 522 1001 569 tractando
1035 529 1201 568 tamen
1227 521 1530 585 impellebat,
1567 534 1622 573 ut

287 602 420 651 idem
460 601 684 649 facerent
719 617 747 647 a
782 616 833 648 se
870 600 1122 656 commoti,
1172 600 1306 664 quod
1341 617 1369 647 a
1406 600 1623 665 Sulpicio

288 680 540 728 concitati.
611 678 727 726 Fuit
752 679 882 727 enim
910 678 1156 744 Sulpicius
1179 679 1259 727 vel
1283 679 1496 728 maxime
1522 697 1623 729 om-

286 759 442 817 nium,
479 774 600 822 quos
626 757 825 822 quidem
853 775 946 823 ego
971 758 1261 818 audiverim,
1297 759 1517 823 grandis,
1553 768 1623 820 et,

285 844 341 884 ut
365 837 435 885 ita
459 836 640 896 dicam,
676 837 895 902 tragicus
931 844 1108 885 orator.
1181 838 1296 886 Vox
1333 855 1447 887 cum
1488 856 1623 903 mag-

284 933 366 976 na,
401 924 509 965 tum
548 917 708 965 suavis
745 925 796 965 et
828 916 1116 982 splendida:
1170 927 1338 983 gestus
1375 926 1425 967 et
1459 926 1624 967 motus

285 996 503 1061 corporis
526 996 597 1044 ita
631 1005 888 1056 venustus,
929 1005 987 1046 ut
1010 1005 1178 1045 tamen
1213 997 1277 1045 ad
1300 997 1480 1057 forum,
1522 1015 1623 1047 non

283 1075 349 1123 ad
373 1092 573 1124 scenam
597 1075 853 1124 institutus
877 1076 1157 1124 videretur:
1186 1077 1391 1125 incitata
1416 1086 1466 1125 et
1490 1078 1625 1126 volu-

284 1154 414 1214 bilis,
439 1172 533 1204 nec
560 1172 618 1204 ea
642 1155 926 1203 redundans
950 1164 1138 1215 tamen,
1163 1172 1257 1204 nec
1279 1156 1625 1206 circumfluens

286 1235 459 1283 oratio.
533 1234 763 1283 Crassum
789 1234 870 1282 hic
895 1234 1093 1283 volebat
1117 1235 1312 1292 imitari,
1354 1236 1502 1290 Cotta
1527 1254 1627 1285 ma-

285 1313 420 1362 lebat
446 1313 757 1362 Antonium:
786 1313 874 1362 sed
897 1315 958 1362 ab
983 1313 1078 1363 hoc
1103 1314 1176 1363 vis
1200 1315 1370 1364 aberat
1395 1315 1624 1376 Antonii,

287 1392 449 1441 Crassi
474 1393 535 1441 ab
560 1392 644 1441 illo
668 1392 821 1457 lepos,

354 1470 404 1520 O
428 1488 675 1536 magnam,
701 1472 881 1536 inquit,
906 1473 1081 1521 artem!
1114 1473 1319 1521 Brutus:
1359 1473 1398 1520 si
1424 1474 1624 1539 quidem
1659 1462 1764 1522 56.

285 1549 409 1610 istis,
430 1568 544 1599 cum
570 1551 747 1599 summi
773 1558 937 1599 essent
960 1559 1192 1608 oratores,
1221 1551 1347 1600 duae
1372 1569 1449 1601 res
1473 1554 1626 1601 maxi-

286 1647 413 1687 mae,
452 1630 606 1678 altera
629 1630 770 1679 alteri
807 1629 982 1678 defuit.
1056 1630 1226 1696 Atque
1250 1631 1302 1678 in
1326 1630 1400 1679 his
1425 1633 1626 1681 oratori-

287 1710 379 1758 bus
403 1708 528 1757 illud
552 1709 1048 1758 animadvertendum
1073 1717 1162 1766 est,
1200 1727 1343 1774 posse
1369 1727 1474 1760 esse
1500 1729 1628 1760 sum-

287 1805 412 1848 mos,
463 1789 547 1853 qui
587 1788 717 1837 inter
752 1805 803 1837 se
840 1788 938 1836 sint
974 1788 1247 1837 dissimiles.
1319 1789 1458 1837 Nihil
1495 1791 1627 1838 enim

286 1875 390 1915 tam
417 1866 670 1926 dissimile,
703 1884 850 1931 quam
877 1867 1026 1915 Cotta
1052 1867 1304 1932 Sulpici03
1345 1876 1395 1916 et
1419 1878 1628 1934 uterque

286 1944 575 2010 aequalibus
600 1945 697 1993 suis
721 1945 986 2010 plurimum
1005 1945 1267 2009 praestitit.
1339 1946 1508 2003 Quare
1531 1947 1628 1996 hoc

289 2023 507 2072 doctoris
543 2022 866 2087 intelligentis
903 2030 992 2079 est,
1047 2022 1216 2071 videre
1252 2040 1350 2088 quo
1385 2023 1514 2073 ferat
1546 2042 1628 2074 na-

289 2111 401 2151 tura
425 2119 512 2150 sua
536 2118 805 2166 quemque:
834 2110 885 2150 et
910 2119 967 2150 ea
992 2101 1122 2149 duce
1146 2110 1372 2150 utentem
1399 2103 1468 2150 sic
1493 2103 1629 2151 insti-

290 2189 451 2240 tuere,
486 2188 543 2228 ut
569 2179 840 2227 Isocratem
865 2179 916 2226 in
952 2180 1191 2228 acerrimo
1226 2179 1428 2245 ingenio
1466 2181 1629 2231 Theo-

289 2259 478 2325 pompi,
515 2266 565 2307 et
587 2258 837 2306 lenissimo
862 2258 1049 2323 Ephori
1068 2258 1248 2306 dixisse
1272 2259 1510 2308 traditum
1536 2268 1629 2321 est,

291 2339 433 2388 alteri
471 2354 522 2386 se
565 2337 775 2386 calcaria
804 2337 1059 2397 adhibere,
1095 2337 1235 2386 alteri
1270 2338 1452 2387 frenos.
1525 2340 1631 2388 Sul-

286 2418 406 2483 picii
431 2418 695 2476 orationeS,
732 2434 857 2481 quae
881 2416 1127 2477 feruntur,
1164 2435 1245 2466 eas
1282 2427 1394 2483 post
1418 2426 1630 2467 mortem

293 2496 398 2561 ejus
447 2496 694 2561 scripsisse
744 2496 798 2544 P.
844 2496 1084 2544 Canutius
1131 2505 1353 2560 putatur,
1414 2497 1630 2561 aequalis

242 2563 246 2566 ⁴
291 2593 451 2636 meus,
485 2576 634 2624 homo
660 2583 800 2624 extra
834 2583 1054 2624 nostrum
1091 2576 1334 2635 ordinem,
1370 2593 1482 2624 meo
1498 2575 1632 2641 judi-

296 2655 397 2714 cio,
429 2654 790 2704 disertissimus.
862 2654 1020 2718 Ipsius
1061 2654 1263 2718 Sulpicii
1305 2655 1440 2702 nulla
1475 2657 1632 2705 oratio

296 2743 372 2784 est
393 2753 404 2783 :
433 2749 676 2799 saepeque
702 2749 763 2781 ex
789 2749 848 2781 eo
872 2732 1057 2792 audivi,
1095 2750 1206 2781 cum
1234 2750 1284 2781 se
1311 2735 1524 2784 scribere
1550 2751 1633 2784 ne-

296 2831 393 2879 que
435 2829 712 2869 consuesse,
768 2828 928 2877 neque
970 2829 1112 2877 posse
1155 2812 1360 2862 diceret.
1453 2814 1632 2864 Cottae

298 2911 388 2960 pro
413 2910 484 2956 se,
507 2893 619 2959 lege
644 2892 809 2951 Varia,
836 2909 961 2958 quae
985 2893 1288 2955 inscribitur,
1312 2911 1420 2944 eam
1445 2893 1505 2944 L.
1532 2894 1633 2944 Ae-
