2071 3508
269 2649 368 2710 18.

377 432 458 470 452
877 424 1208 464 ORATORIAE

379 535 741 585 enucleandum
767 543 856 584 est.
928 535 1129 583 Minuta
1153 541 1228 582 est
1252 533 1382 582 enim
1413 533 1570 581 omnis
1595 529 1701 581 dili²

379 616 579 679 gentia:
616 615 698 663 hic
723 622 889 663 autem
929 614 1068 662 locus
1105 613 1311 677 grandia
1349 612 1568 676 requirit.
1639 609 1705 658 Il„

378 693 468 742 lud
481 691 586 757 jam
612 700 686 741 est
702 692 898 756 judicii,
936 708 1032 755 quo
1057 707 1250 755 quaque
1274 690 1325 738 in
1351 706 1497 738 causa
1519 705 1704 754 genere

380 779 579 819 utamur
603 770 834 835 augendi.
907 770 966 817 In
991 769 1084 816 illis
1111 768 1242 816 enim
1277 768 1452 827 causis,
1494 784 1617 832 quae
1642 766 1706 814 ad

382 848 766 898 delectationem
786 855 1104 906 exornantur,
1128 847 1163 893 ii
1186 847 1284 895 loci
1308 846 1554 895 tractandi
1573 851 1706 902 sunt,

381 928 466 992 qui
500 944 698 976 movere
721 935 927 991 possunt
952 926 1389 990 exspectationem,
1427 922 1707 972 admiratio-

380 1022 514 1064 nem,
550 1005 873 1070 voluptatem.
944 1006 1004 1052 In
1044 1005 1484 1063 cohortationibus,
1521 1010 1707 1061 autem,

380 1085 624 1132 bonorum
649 1101 708 1131 ac
732 1083 972 1131 malorum
998 1083 1392 1131 enumerationes
1413 1090 1464 1130 et
1483 1079 1710 1144 exempla

382 1162 550 1211 valent
581 1161 863 1226 plurimum.
935 1161 996 1208 In
1029 1160 1231 1225 judiciis
1273 1161 1547 1209 accusatori
1586 1159 1710 1218 fere,

387 1256 512 1304 quae
549 1239 613 1287 ad
646 1239 984 1299 iracundiam3
1023 1256 1109 1287 reo
1146 1239 1456 1304 plerumque,
1495 1254 1619 1302 quae
1649 1236 1713 1285 ad

384 1317 770 1366 misericordiam
810 1317 1077 1381 pertinent.
1149 1317 1522 1380 Nonnunquam
1546 1323 1714 1364 tamen

386 1403 645 1444 accusator
668 1395 1052 1443 misericordiam
1091 1411 1289 1443 movere
1332 1395 1499 1453 debet,
1541 1402 1593 1442 et
1632 1392 1714 1441 de-

385 1474 553 1523 fensor
609 1474 931 1523 iracundiam.
1020 1474 1341 1522 Enumeratio
1387 1473 1577 1537 reliqua
1623 1480 1715 1532 est,

387 1569 747 1617 nonnunquam
770 1553 1032 1611 laudatori,
1070 1553 1253 1601 suasori
1294 1569 1395 1601 non
1433 1569 1597 1616 saepe,
1638 1568 1716 1601 ac÷

390 1631 605 1680 cusatori
630 1632 840 1696 saepius,
876 1648 1021 1695 quam
1052 1648 1156 1690 reo,
1192 1631 1479 1679 necessaria.
1552 1629 1718 1694 Hujus

389 1709 496 1774 ipsa
518 1717 742 1774 tempora
767 1710 866 1758 duo
891 1718 1022 1769 sunt,
1059 1709 1098 1757 si
1129 1716 1214 1756 aut
1238 1710 1504 1757 memoriae
1529 1708 1718 1757 diffidas

392 1805 582 1847 eorum,
618 1788 751 1853 apud
775 1805 895 1853 quos
920 1805 1054 1852 agas,
1082 1787 1160 1835 vel
1183 1787 1441 1836 intervallo
1465 1786 1719 1852 temporis,

391 1867 471 1915 vel
511 1867 824 1932 longitudine
866 1867 1131 1916 orationis:
1170 1874 1255 1914 aut
1290 1866 1615 1930 frequentatis
1642 1865 1720 1913 fir-

392 1946 653 1995 mamentis
696 1946 947 2005 orationis,
984 1954 1035 1994 et
1070 1945 1287 1994 breviter
1328 1945 1580 2010 expositis,
1620 1945 1721 1993 vim

396 2032 471 2072 est
492 2024 720 2073 habitura
745 2042 890 2074 causa
926 2023 1176 2089 majorem.
1247 2025 1314 2072 Et
1353 2041 1438 2072 reo
1478 2024 1632 2072 rarius
1668 2041 1722 2071 u-

395 2104 604 2151 tendum
631 2113 723 2164 est,
749 2104 882 2168 quod
905 2103 1137 2169 ponenda
1161 2111 1275 2151 sunt
1295 2103 1567 2151 contraria:
1607 2119 1724 2168 quo-

397 2197 506 2228 rum
532 2181 787 2229 dissolutio
826 2182 878 2228 in
901 2182 1143 2229 brevitate
1167 2181 1369 2238 lucebit,
1417 2181 1576 2230 aculei
1600 2198 1722 2246 pun-

399 2266 536 2323 gent.
609 2259 706 2307 Sed
732 2259 825 2307 erit
848 2259 898 2306 in
936 2259 1307 2308 enumeratione
1343 2259 1617 2316 vitandum,
1660 2275 1724 2306 ne

401 2336 667 2385 ostentatio
691 2336 955 2385 memoriae
981 2344 1209 2399 suscepta
1229 2337 1583 2386 videatur-esse
1605 2354 1725 2401 pue-

400 2414 516 2463 rilis.
588 2415 650 2462 Id
674 2415 895 2478 effugiet,
931 2415 1014 2478 qui
1050 2430 1150 2461 non
1175 2415 1340 2462 omnia
1363 2415 1566 2463 minima
1589 2433 1725 2480 repe-

403 2502 506 2554 tet3
545 2495 633 2543 sed
665 2494 833 2542 brevia
873 2492 1065 2557 singula
1106 2493 1376 2557 attingens,
1409 2494 1630 2558 pondera
1653 2511 1726 2543 re-

404 2588 514 2620 rum
538 2573 642 2637 ipsa
667 2571 1069 2637 comprehendet.

471 2659 663 2708 F1L1th.
717 2659 965 2717 Quoniam
1004 2666 1054 2706 et
1090 2658 1151 2706 de
1187 2658 1293 2722 ipso
1329 2665 1540 2718 oratore,
1577 2667 1629 2708 et
1663 2660 1726 2708 de

405 2737 626 2785 oratione
651 2737 836 2796 dixisti,
871 2752 1064 2801 expone
1101 2752 1214 2784 eum
1245 2735 1366 2784 mihi
1389 2752 1543 2796 nunc,
1579 2754 1727 2802 quem

407 2831 471 2862 ex
519 2816 674 2864 tribus
725 2823 1003 2864 extremum
1059 2814 1370 2880 proposuisti,
1431 2817 1729 2880 quaestionis

407 2891 588 2943 locum.
681 2895 871 2944 PATER.
941 2895 1060 2944 Duo
1109 2902 1244 2957 sunt,
1300 2901 1358 2944 ut
1413 2895 1556 2946 initio
1586 2895 1726 2953 dixi,
