<?xml version="1.0" encoding="UTF-8"?>
<!DOCTYPE html PUBLIC "-//W3C//DTD XHTML 1.0 Transitional//EN"
    "http://www.w3.org/TR/xhtml1/DTD/xhtml1-transitional.dtd">
<html xmlns="http://www.w3.org/1999/xhtml" xml:lang="en" lang="en">
 <head>
  <title>
</title>
<meta http-equiv="Content-Type" content="text/html;charset=utf-8" />
  <meta name='ocr-system' content='tesseract 3.04.00' />
  <meta name='ocr-capabilities' content='ocr_page ocr_carea ocr_par ocr_line ocrx_word'/>
</head>
<body>
  <div class='ocr_page' id='page_1' title='image "./deoratorelibrit00ciceuoft_0091.png"; bbox 0 0 2071 3508; ppageno 0'>
   <div class='ocr_carea' id='block_1_1' title="bbox 753 410 1637 453">
    <p class='ocr_par' dir='ltr' id='par_1_1' title="bbox 753 410 1637 453">
     <span class='ocr_line' id='line_1_1' title="bbox 753 410 1637 453; baseline 0.006 -5"><span class='ocrx_word' id='word_1_1' title='bbox 753 410 920 450; x_wconf 90' lang='lat' dir='ltr'>LIBER</span> <span class='ocrx_word' id='word_1_2' title='bbox 950 411 1175 452; x_wconf 85' lang='lat' dir='ltr'>PRIMUS.</span> <span class='ocrx_word' id='word_1_3' title='bbox 1585 417 1637 453; x_wconf 83' lang='grc'><strong>83</strong></span> 
     </span>
    </p>
   </div>
   <div class='ocr_carea' id='block_1_2' title="bbox 297 518 1768 3030">
    <p class='ocr_par' dir='ltr' id='par_1_2' title="bbox 297 518 1768 3030">
     <span class='ocr_line' id='line_1_2' title="bbox 302 518 1635 584; baseline 0.002 -16"><span class='ocrx_word' id='word_1_4' title='bbox 302 521 341 568; x_wconf 92' lang='lat' dir='ltr'><strong>si</strong></span> <span class='ocrx_word' id='word_1_5' title='bbox 356 519 460 584; x_wconf 90' lang='lat' dir='ltr'><strong>jam</strong></span> <span class='ocrx_word' id='word_1_6' title='bbox 485 519 547 566; x_wconf 89' lang='lat' dir='ltr'><strong>sit</strong></span> <span class='ocrx_word' id='word_1_7' title='bbox 570 518 892 567; x_wconf 90' lang='lat' dir='ltr'><strong>ediscendum</strong></span> <span class='ocrx_word' id='word_1_8' title='bbox 917 521 1007 569; x_wconf 88' lang='lat' dir='ltr'><strong>sibi</strong></span> <span class='ocrx_word' id='word_1_9' title='bbox 1023 520 1223 584; x_wconf 88' lang='lat' dir='ltr'><strong>aliquid,</strong></span> <span class='ocrx_word' id='word_1_10' title='bbox 1252 537 1352 568; x_wconf 92' lang='lat' dir='ltr'><strong>non</strong></span> <span class='ocrx_word' id='word_1_11' title='bbox 1378 521 1635 570; x_wconf 87' lang='lat' dir='ltr'><strong>Teucrum</strong></span> 
     </span>
     <span class='ocr_line' id='line_1_3' title="bbox 303 597 1635 662; baseline 0.002 -16"><span class='ocrx_word' id='word_1_12' title='bbox 303 598 504 646; x_wconf 86' lang='lat' dir='ltr'><strong>Pacuvii</strong></span> <span class='ocrx_word' id='word_1_13' title='bbox 539 597 695 657; x_wconf 89' lang='lat' dir='ltr'><strong>malit,</strong></span> <span class='ocrx_word' id='word_1_14' title='bbox 732 615 878 662; x_wconf 88' lang='lat' dir='ltr'><strong>quam</strong></span> <span class='ocrx_word' id='word_1_15' title='bbox 916 599 1214 648; x_wconf 81' lang='lat' dir='ltr'>Manilianas</span> <span class='ocrx_word' id='word_1_16' title='bbox 1245 600 1492 648; x_wconf 80' lang='lat' dir='ltr'><strong>venalium</strong></span> <span class='ocrx_word' id='word_1_17' title='bbox 1518 618 1635 649; x_wconf 81' lang='lat' dir='ltr'><strong>ven-</strong></span> 
     </span>
     <span class='ocr_line' id='line_1_4' title="bbox 301 676 1763 744; baseline 0.001 -20"><span class='ocrx_word' id='word_1_18' title='bbox 301 676 576 724; x_wconf 91' lang='lat' dir='ltr'><strong>dendorum</strong></span> <span class='ocrx_word' id='word_1_19' title='bbox 595 676 731 742; x_wconf 82' lang='lat' dir='ltr'><strong>leges</strong></span> <span class='ocrx_word' id='word_1_20' title='bbox 756 677 991 726; x_wconf 83' lang='lat' dir='ltr'><strong>ediscere.</strong></span> <span class='ocrx_word' id='word_1_21' title='bbox 1054 678 1187 726; x_wconf 91' lang='lat' dir='ltr'><strong>Tum</strong></span> <span class='ocrx_word' id='word_1_22' title='bbox 1214 687 1399 738; x_wconf 91' lang='lat' dir='ltr'><strong>autem,</strong></span> <span class='ocrx_word' id='word_1_23' title='bbox 1426 679 1562 744; x_wconf 91' lang='lat' dir='ltr'><strong>quod</strong></span> <span class='ocrx_word' id='word_1_24' title='bbox 1588 697 1634 728; x_wconf 87' lang='lat' dir='ltr'><strong>a·</strong></span> <span class='ocrx_word' id='word_1_25' title='bbox 1653 685 1763 730; x_wconf 78' lang='lat'>247.</span> 
     </span>
     <span class='ocr_line' id='line_1_5' title="bbox 300 755 1637 822; baseline 0.003 -20"><span class='ocrx_word' id='word_1_26' title='bbox 300 771 435 803; x_wconf 90' lang='lat' dir='ltr'><strong>more</strong></span> <span class='ocrx_word' id='word_1_27' title='bbox 459 755 647 820; x_wconf 86' lang='lat' dir='ltr'>patriae</span> <span class='ocrx_word' id='word_1_28' title='bbox 673 772 844 805; x_wconf 83' lang='lat' dir='ltr'><strong>censes</strong></span> <span class='ocrx_word' id='word_1_29' title='bbox 880 773 968 804; x_wconf 90' lang='lat' dir='ltr'><strong>nos</strong></span> <span class='ocrx_word' id='word_1_30' title='bbox 993 765 1274 805; x_wconf 88' lang='lat' dir='ltr'><strong>nostrorum</strong></span> <span class='ocrx_word' id='word_1_31' title='bbox 1299 758 1540 822; x_wconf 86' lang='lat' dir='ltr'><strong>majorum</strong></span> <span class='ocrx_word' id='word_1_32' title='bbox 1565 758 1637 806; x_wconf 90' lang='lat' dir='ltr'><strong>in-</strong></span> 
     </span>
     <span class='ocr_line' id='line_1_6' title="bbox 297 836 1637 902; baseline 0.004 -21"><span class='ocrx_word' id='word_1_33' title='bbox 297 841 448 882; x_wconf 91' lang='lat' dir='ltr'><strong>venta</strong></span> <span class='ocrx_word' id='word_1_34' title='bbox 488 852 631 884; x_wconf 89' lang='lat' dir='ltr'><strong>nosse</strong></span> <span class='ocrx_word' id='word_1_35' title='bbox 669 836 850 885; x_wconf 91' lang='lat' dir='ltr'><strong>debere</strong></span> <span class='ocrx_word' id='word_1_36' title='bbox 872 857 885 896; x_wconf 81' lang='lat'>3</span> <span class='ocrx_word' id='word_1_37' title='bbox 925 853 1025 885; x_wconf 91' lang='lat' dir='ltr'><strong>non</strong></span> <span class='ocrx_word' id='word_1_38' title='bbox 1066 837 1219 893; x_wconf 83' lang='lat' dir='ltr'><strong>vides,</strong></span> <span class='ocrx_word' id='word_1_39' title='bbox 1259 845 1453 886; x_wconf 85' lang='lat' dir='ltr'><strong>veteres</strong></span> <span class='ocrx_word' id='word_1_40' title='bbox 1499 837 1637 902; x_wconf 80' lang='lat' dir='ltr'><strong>leges</strong></span> 
     </span>
     <span class='ocr_line' id='line_1_7' title="bbox 298 914 1639 979; baseline 0.003 -19"><span class='ocrx_word' id='word_1_41' title='bbox 298 921 385 961; x_wconf 90' lang='lat' dir='ltr'><strong>aut</strong></span> <span class='ocrx_word' id='word_1_42' title='bbox 408 914 536 979; x_wconf 90' lang='lat' dir='ltr'><strong>ipsas</strong></span> <span class='ocrx_word' id='word_1_43' title='bbox 561 932 648 964; x_wconf 90' lang='lat' dir='ltr'><strong>sua</strong></span> <span class='ocrx_word' id='word_1_44' title='bbox 670 924 918 964; x_wconf 86' lang='lat' dir='ltr'><strong>vetustate</strong></span> <span class='ocrx_word' id='word_1_45' title='bbox 939 917 1272 975; x_wconf 86' lang='lat' dir='ltr'><strong>consenuisse,</strong></span> <span class='ocrx_word' id='word_1_46' title='bbox 1298 924 1384 964; x_wconf 88' lang='lat' dir='ltr'><strong>aut</strong></span> <span class='ocrx_word' id='word_1_47' title='bbox 1408 917 1547 965; x_wconf 89' lang='lat' dir='ltr'><strong>novis</strong></span> <span class='ocrx_word' id='word_1_48' title='bbox 1570 917 1639 966; x_wconf 91' lang='lat' dir='ltr'><strong>le-</strong></span> 
     </span>
     <span class='ocr_line' id='line_1_8' title="bbox 297 993 1636 1060; baseline 0.003 -20"><span class='ocrx_word' id='word_1_49' title='bbox 297 993 443 1056; x_wconf 84' lang='lat' dir='ltr'>gibus</span> <span class='ocrx_word' id='word_1_50' title='bbox 468 1011 573 1043; x_wconf 90' lang='lat' dir='ltr'><strong>esse</strong></span> <span class='ocrx_word' id='word_1_51' title='bbox 598 994 846 1044; x_wconf 87' lang='lat' dir='ltr'><strong>sublatas?</strong></span> <span class='ocrx_word' id='word_1_52' title='bbox 885 995 1036 1052; x_wconf 80' lang='lat' dir='ltr'><strong>Quod</strong></span> <span class='ocrx_word' id='word_1_53' title='bbox 1059 1012 1177 1044; x_wconf 86' lang='lat' dir='ltr'><strong>vero</strong></span> <span class='ocrx_word' id='word_1_54' title='bbox 1196 996 1324 1044; x_wconf 87' lang='lat' dir='ltr'><strong>viros</strong></span> <span class='ocrx_word' id='word_1_55' title='bbox 1348 997 1506 1044; x_wconf 87' lang='lat' dir='ltr'><strong>bonos</strong></span> <span class='ocrx_word' id='word_1_56' title='bbox 1522 995 1636 1060; x_wconf 87' lang='lat' dir='ltr'><strong>jure</strong></span> 
     </span>
     <span class='ocr_line' id='line_1_9' title="bbox 300 1072 1640 1141; baseline 0.004 -22"><span class='ocrx_word' id='word_1_57' title='bbox 300 1072 431 1120; x_wconf 83' lang='lat' dir='ltr'><strong>civili</strong></span> <span class='ocrx_word' id='word_1_58' title='bbox 455 1073 560 1122; x_wconf 91' lang='lat' dir='ltr'><strong>fieri</strong></span> <span class='ocrx_word' id='word_1_59' title='bbox 583 1083 746 1139; x_wconf 87' lang='lat' dir='ltr'><strong>putas,</strong></span> <span class='ocrx_word' id='word_1_60' title='bbox 783 1075 898 1139; x_wconf 92' lang='lat' dir='ltr'><strong>quia</strong></span> <span class='ocrx_word' id='word_1_61' title='bbox 920 1074 1112 1139; x_wconf 82' lang='lat' dir='ltr'><strong>legibus</strong></span> <span class='ocrx_word' id='word_1_62' title='bbox 1138 1083 1189 1123; x_wconf 93' lang='lat' dir='ltr'><strong>et</strong></span> <span class='ocrx_word' id='word_1_63' title='bbox 1210 1076 1429 1140; x_wconf 89' lang='lat' dir='ltr'><strong>praemia</strong></span> <span class='ocrx_word' id='word_1_64' title='bbox 1462 1093 1640 1141; x_wconf 91' lang='lat' dir='ltr'><strong>propo-</strong></span> 
     </span>
     <span class='ocr_line' id='line_1_10' title="bbox 300 1151 1637 1219; baseline 0.003 -21"><span class='ocrx_word' id='word_1_65' title='bbox 300 1151 392 1200; x_wconf 89' lang='lat' dir='ltr'><strong>sita</strong></span> <span class='ocrx_word' id='word_1_66' title='bbox 416 1153 514 1202; x_wconf 86' lang='lat' dir='ltr'><strong>sint</strong></span> <span class='ocrx_word' id='word_1_67' title='bbox 537 1154 802 1203; x_wconf 89' lang='lat' dir='ltr'><strong>virtutibus</strong></span> <span class='ocrx_word' id='word_1_68' title='bbox 839 1162 889 1203; x_wconf 89' lang='lat' dir='ltr'><strong>et</strong></span> <span class='ocrx_word' id='word_1_69' title='bbox 926 1154 1167 1219; x_wconf 84' lang='lat' dir='ltr'><strong>supplicia</strong></span> <span class='ocrx_word' id='word_1_70' title='bbox 1204 1155 1366 1215; x_wconf 77' lang='lat' dir='ltr'><strong>vitiis3</strong></span> <span class='ocrx_word' id='word_1_71' title='bbox 1406 1156 1637 1219; x_wconf 85' lang='lat' dir='ltr'><strong>equidem</strong></span> 
     </span>
     <span class='ocr_line' id='line_1_11' title="bbox 298 1233 1636 1298; baseline 0.002 -18"><span class='ocrx_word' id='word_1_72' title='bbox 298 1233 550 1296; x_wconf 88' lang='lat' dir='ltr'><strong>putabam,</strong></span> <span class='ocrx_word' id='word_1_73' title='bbox 576 1234 812 1282; x_wconf 87' lang='lat' dir='ltr'><strong>virtutem</strong></span> <span class='ocrx_word' id='word_1_74' title='bbox 835 1234 1117 1282; x_wconf 86' lang='lat' dir='ltr'><strong>hominibus</strong></span> <span class='ocrx_word' id='word_1_75' title='bbox 1146 1234 1209 1298; x_wconf 87' lang='lat' dir='ltr'><strong>(si</strong></span> <span class='ocrx_word' id='word_1_76' title='bbox 1235 1235 1385 1282; x_wconf 90' lang='lat' dir='ltr'><strong>modo</strong></span> <span class='ocrx_word' id='word_1_77' title='bbox 1409 1235 1539 1282; x_wconf 87' lang='lat' dir='ltr'><strong>tradi</strong></span> <span class='ocrx_word' id='word_1_78' title='bbox 1564 1251 1636 1283; x_wconf 88' lang='lat' dir='ltr'><strong>ra-</strong></span> 
     </span>
     <span class='ocr_line' id='line_1_12' title="bbox 300 1310 1635 1377; baseline 0.004 -20"><span class='ocrx_word' id='word_1_79' title='bbox 300 1310 436 1360; x_wconf 90' lang='lat' dir='ltr'><strong>tione</strong></span> <span class='ocrx_word' id='word_1_80' title='bbox 476 1312 665 1377; x_wconf 73' lang='lat' dir='ltr'><strong>possit)</strong></span> <span class='ocrx_word' id='word_1_81' title='bbox 696 1313 1004 1361; x_wconf 88' lang='lat' dir='ltr'><strong>instituendo</strong></span> <span class='ocrx_word' id='word_1_82' title='bbox 1043 1321 1093 1361; x_wconf 91' lang='lat' dir='ltr'><strong>et</strong></span> <span class='ocrx_word' id='word_1_83' title='bbox 1132 1313 1498 1377; x_wconf 87' lang='lat' dir='ltr'><strong>persuadendo,</strong></span> <span class='ocrx_word' id='word_1_84' title='bbox 1537 1330 1635 1362; x_wconf 86' lang='lat' dir='ltr'><strong>non</strong></span> 
     </span>
     <span class='ocr_line' id='line_1_13' title="bbox 301 1390 1640 1455; baseline 0.002 -18"><span class='ocrx_word' id='word_1_85' title='bbox 301 1390 465 1450; x_wconf 88' lang='lat' dir='ltr'><strong>minis,</strong></span> <span class='ocrx_word' id='word_1_86' title='bbox 491 1399 542 1439; x_wconf 89' lang='lat' dir='ltr'><strong>et</strong></span> <span class='ocrx_word' id='word_1_87' title='bbox 564 1392 628 1448; x_wconf 88' lang='lat' dir='ltr'><strong>vi,</strong></span> <span class='ocrx_word' id='word_1_88' title='bbox 651 1409 709 1440; x_wconf 90' lang='lat' dir='ltr'><strong>ac</strong></span> <span class='ocrx_word' id='word_1_89' title='bbox 728 1400 884 1450; x_wconf 89' lang='lat' dir='ltr'><strong>metu,</strong></span> <span class='ocrx_word' id='word_1_90' title='bbox 909 1391 1051 1439; x_wconf 86' lang='lat' dir='ltr'><strong>tradi.</strong></span> <span class='ocrx_word' id='word_1_91' title='bbox 1101 1392 1231 1438; x_wconf 88' lang='lat' dir='ltr'><strong>Nam</strong></span> <span class='ocrx_word' id='word_1_92' title='bbox 1255 1391 1416 1455; x_wconf 88' lang='lat' dir='ltr'><strong>ipsum</strong></span> <span class='ocrx_word' id='word_1_93' title='bbox 1437 1392 1640 1454; x_wconf 89' lang='lat' dir='ltr'><strong>quidem</strong></span> 
     </span>
     <span class='ocr_line' id='line_1_14' title="bbox 300 1468 1641 1535; baseline 0.002 -19"><span class='ocrx_word' id='word_1_94' title='bbox 300 1468 439 1527; x_wconf 86' lang='lat' dir='ltr'><strong>illud,</strong></span> <span class='ocrx_word' id='word_1_95' title='bbox 468 1471 615 1518; x_wconf 91' lang='lat' dir='ltr'><strong>etiam</strong></span> <span class='ocrx_word' id='word_1_96' title='bbox 641 1471 746 1518; x_wconf 89' lang='lat' dir='ltr'><strong>sine</strong></span> <span class='ocrx_word' id='word_1_97' title='bbox 783 1471 1069 1535; x_wconf 85' lang='lat' dir='ltr'><strong>cognitione</strong></span> <span class='ocrx_word' id='word_1_98' title='bbox 1096 1469 1239 1534; x_wconf 84' lang='lat' dir='ltr'><strong>juris,</strong></span> <span class='ocrx_word' id='word_1_99' title='bbox 1265 1487 1427 1533; x_wconf 76' lang='lat' dir='ltr'><strong>,quam</strong></span> <span class='ocrx_word' id='word_1_100' title='bbox 1453 1470 1515 1518; x_wconf 87' lang='lat' dir='ltr'><strong>sit</strong></span> <span class='ocrx_word' id='word_1_101' title='bbox 1538 1471 1641 1519; x_wconf 90' lang='lat' dir='ltr'><strong>bel-</strong></span> 
     </span>
     <span class='ocr_line' id='line_1_15' title="bbox 300 1547 1768 1613; baseline 0.001 -18"><span class='ocrx_word' id='word_1_102' title='bbox 300 1547 403 1596; x_wconf 87' lang='lat' dir='ltr'><strong>lum</strong></span> <span class='ocrx_word' id='word_1_103' title='bbox 429 1566 603 1598; x_wconf 87' lang='lat' dir='ltr'><strong>cavere</strong></span> <span class='ocrx_word' id='word_1_104' title='bbox 627 1549 828 1606; x_wconf 89' lang='lat' dir='ltr'><strong>malum,</strong></span> <span class='ocrx_word' id='word_1_105' title='bbox 861 1549 986 1597; x_wconf 90' lang='lat' dir='ltr'><strong>scire</strong></span> <span class='ocrx_word' id='word_1_106' title='bbox 1010 1565 1286 1613; x_wconf 87' lang='lat' dir='ltr'><strong>possumus.</strong></span> <span class='ocrx_word' id='word_1_107' title='bbox 1347 1548 1428 1596; x_wconf 94' lang='lat' dir='ltr'><strong>De</strong></span> <span class='ocrx_word' id='word_1_108' title='bbox 1453 1565 1533 1598; x_wconf 89' lang='lat' dir='ltr'><strong>me</strong></span> <span class='ocrx_word' id='word_1_109' title='bbox 1558 1567 1640 1598; x_wconf 88' lang='lat' dir='ltr'><strong>au-</strong></span> <span class='ocrx_word' id='word_1_110' title='bbox 1656 1558 1768 1597; x_wconf 78' lang='lat'>248.</span> 
     </span>
     <span class='ocr_line' id='line_1_16' title="bbox 299 1627 1641 1693; baseline 0.002 -18"><span class='ocrx_word' id='word_1_111' title='bbox 299 1634 403 1675; x_wconf 90' lang='lat' dir='ltr'><strong>tem</strong></span> <span class='ocrx_word' id='word_1_112' title='bbox 427 1628 548 1693; x_wconf 90' lang='lat' dir='ltr'><strong>ipso,</strong></span> <span class='ocrx_word' id='word_1_113' title='bbox 589 1629 669 1677; x_wconf 92' lang='lat' dir='ltr'><strong>cui</strong></span> <span class='ocrx_word' id='word_1_114' title='bbox 705 1629 791 1675; x_wconf 93' lang='lat' dir='ltr'><strong>uni</strong></span> <span class='ocrx_word' id='word_1_115' title='bbox 816 1636 871 1676; x_wconf 92' lang='lat' dir='ltr'><strong>tu</strong></span> <span class='ocrx_word' id='word_1_116' title='bbox 898 1628 1151 1686; x_wconf 85' lang='lat' dir='ltr'><strong>concedis,</strong></span> <span class='ocrx_word' id='word_1_117' title='bbox 1188 1635 1245 1675; x_wconf 89' lang='lat' dir='ltr'><strong>ut</strong></span> <span class='ocrx_word' id='word_1_118' title='bbox 1270 1627 1374 1675; x_wconf 89' lang='lat' dir='ltr'><strong>sine</strong></span> <span class='ocrx_word' id='word_1_119' title='bbox 1399 1627 1500 1676; x_wconf 91' lang='lat' dir='ltr'><strong>ulla</strong></span> <span class='ocrx_word' id='word_1_120' title='bbox 1515 1628 1641 1693; x_wconf 86' lang='lat' dir='ltr'><strong>juris</strong></span> 
     </span>
     <span class='ocr_line' id='line_1_17' title="bbox 299 1705 1639 1770; baseline 0.003 -16"><span class='ocrx_word' id='word_1_121' title='bbox 299 1707 508 1755; x_wconf 88' lang='lat' dir='ltr'><strong>scientia</strong></span> <span class='ocrx_word' id='word_1_122' title='bbox 530 1715 699 1756; x_wconf 87' lang='lat' dir='ltr'><strong>tamen</strong></span> <span class='ocrx_word' id='word_1_123' title='bbox 720 1707 879 1754; x_wconf 88' lang='lat' dir='ltr'><strong>causis</strong></span> <span class='ocrx_word' id='word_1_124' title='bbox 898 1705 1180 1755; x_wconf 84' lang='lat' dir='ltr'><strong>satisfacere</strong></span> <span class='ocrx_word' id='word_1_125' title='bbox 1200 1706 1398 1770; x_wconf 89' lang='lat' dir='ltr'><strong>possim,</strong></span> <span class='ocrx_word' id='word_1_126' title='bbox 1416 1707 1508 1755; x_wconf 89' lang='lat' dir='ltr'><strong>tibi</strong></span> <span class='ocrx_word' id='word_1_127' title='bbox 1527 1709 1639 1766; x_wconf 91' lang='lat' dir='ltr'><strong>hoc,</strong></span> 
     </span>
     <span class='ocr_line' id='line_1_18' title="bbox 300 1786 1642 1853; baseline 0.001 -19"><span class='ocrx_word' id='word_1_128' title='bbox 300 1786 493 1847; x_wconf 86' lang='lat' dir='ltr'><strong>Crasse,</strong></span> <span class='ocrx_word' id='word_1_129' title='bbox 518 1787 814 1853; x_wconf 88' lang='lat' dir='ltr'><strong>respondeo,</strong></span> <span class='ocrx_word' id='word_1_130' title='bbox 838 1803 1001 1852; x_wconf 90' lang='lat' dir='ltr'><strong>neque</strong></span> <span class='ocrx_word' id='word_1_131' title='bbox 1039 1803 1118 1835; x_wconf 92' lang='lat' dir='ltr'><strong>me</strong></span> <span class='ocrx_word' id='word_1_132' title='bbox 1153 1803 1371 1851; x_wconf 88' lang='lat' dir='ltr'><strong>unquam</strong></span> <span class='ocrx_word' id='word_1_133' title='bbox 1387 1786 1471 1851; x_wconf 83' lang='lat' dir='ltr'><strong>jus</strong></span> <span class='ocrx_word' id='word_1_134' title='bbox 1498 1788 1642 1837; x_wconf 85' lang='lat' dir='ltr'><strong>civile</strong></span> 
     </span>
     <span class='ocr_line' id='line_1_19' title="bbox 300 1866 1641 1932; baseline 0.002 -18"><span class='ocrx_word' id='word_1_135' title='bbox 300 1866 547 1924; x_wconf 85' lang='lat' dir='ltr'><strong>didicisse,</strong></span> <span class='ocrx_word' id='word_1_136' title='bbox 574 1884 738 1932; x_wconf 91' lang='lat' dir='ltr'><strong>neque</strong></span> <span class='ocrx_word' id='word_1_137' title='bbox 759 1875 931 1915; x_wconf 89' lang='lat' dir='ltr'><strong>tamen</strong></span> <span class='ocrx_word' id='word_1_138' title='bbox 956 1867 1007 1914; x_wconf 91' lang='lat' dir='ltr'><strong>in</strong></span> <span class='ocrx_word' id='word_1_139' title='bbox 1031 1867 1089 1914; x_wconf 83' lang='lat' dir='ltr'><strong>iis</strong></span> <span class='ocrx_word' id='word_1_140' title='bbox 1115 1867 1287 1923; x_wconf 87' lang='lat' dir='ltr'><strong>causis,</strong></span> <span class='ocrx_word' id='word_1_141' title='bbox 1317 1883 1435 1931; x_wconf 90' lang='lat' dir='ltr'><strong>quas</strong></span> <span class='ocrx_word' id='word_1_142' title='bbox 1459 1867 1511 1914; x_wconf 90' lang='lat' dir='ltr'><strong>in</strong></span> <span class='ocrx_word' id='word_1_143' title='bbox 1527 1867 1641 1931; x_wconf 81' lang='lat' dir='ltr'><strong>jure</strong></span> 
     </span>
     <span class='ocr_line' id='line_1_20' title="bbox 299 1946 1642 2013; baseline 0.001 -18"><span class='ocrx_word' id='word_1_144' title='bbox 299 1964 495 2013; x_wconf 89' lang='lat' dir='ltr'><strong>possem</strong></span> <span class='ocrx_word' id='word_1_145' title='bbox 534 1946 820 2005; x_wconf 88' lang='lat' dir='ltr'><strong>defendere,</strong></span> <span class='ocrx_word' id='word_1_146' title='bbox 859 1964 1079 2012; x_wconf 88' lang='lat' dir='ltr'><strong>unquam</strong></span> <span class='ocrx_word' id='word_1_147' title='bbox 1104 1948 1248 1995; x_wconf 84' lang='lat' dir='ltr'><strong>istam</strong></span> <span class='ocrx_word' id='word_1_148' title='bbox 1275 1948 1534 1997; x_wconf 89' lang='lat' dir='ltr'><strong>scientiam</strong></span> <span class='ocrx_word' id='word_1_149' title='bbox 1560 1949 1642 1997; x_wconf 90' lang='lat' dir='ltr'><strong>de·</strong></span> 
     </span>
     <span class='ocr_line' id='line_1_21' title="bbox 300 2026 1642 2091; baseline -0.001 -15"><span class='ocrx_word' id='word_1_150' title='bbox 300 2028 554 2076; x_wconf 77' lang='lat' dir='ltr'><strong>sidera-sse.</strong></span> <span class='ocrx_word' id='word_1_151' title='bbox 626 2026 785 2074; x_wconf 89' lang='lat' dir='ltr'><strong>Aliud</strong></span> <span class='ocrx_word' id='word_1_152' title='bbox 820 2035 895 2075; x_wconf 92' lang='lat' dir='ltr'><strong>est</strong></span> <span class='ocrx_word' id='word_1_153' title='bbox 931 2028 1062 2075; x_wconf 91' lang='lat' dir='ltr'><strong>enim</strong></span> <span class='ocrx_word' id='word_1_154' title='bbox 1088 2044 1192 2075; x_wconf 88' lang='lat' dir='ltr'><strong>esse</strong></span> <span class='ocrx_word' id='word_1_155' title='bbox 1218 2027 1456 2076; x_wconf 63' lang='lat' dir='ltr'><strong>artificem</strong></span> <span class='ocrx_word' id='word_1_156' title='bbox 1482 2026 1642 2091; x_wconf 86' lang='lat' dir='ltr'><strong>cujus-</strong></span> 
     </span>
     <span class='ocr_line' id='line_1_22' title="bbox 301 2107 1643 2173; baseline 0 -17"><span class='ocrx_word' id='word_1_157' title='bbox 301 2109 416 2157; x_wconf 86' lang='lat' dir='ltr'><strong>dam</strong></span> <span class='ocrx_word' id='word_1_158' title='bbox 440 2109 637 2173; x_wconf 79' lang='lat' dir='ltr'><strong>generis</strong></span> <span class='ocrx_word' id='word_1_159' title='bbox 662 2117 810 2172; x_wconf 91' lang='lat' dir='ltr'><strong>atque</strong></span> <span class='ocrx_word' id='word_1_160' title='bbox 836 2108 951 2156; x_wconf 87' lang='lat' dir='ltr'><strong>artis</strong></span> <span class='ocrx_word' id='word_1_161' title='bbox 974 2129 987 2168; x_wconf 80' lang='lat'>3</span> <span class='ocrx_word' id='word_1_162' title='bbox 1026 2107 1161 2155; x_wconf 90' lang='lat' dir='ltr'><strong>aliud</strong></span> <span class='ocrx_word' id='word_1_163' title='bbox 1185 2108 1236 2154; x_wconf 89' lang='lat' dir='ltr'><strong>in</strong></span> <span class='ocrx_word' id='word_1_164' title='bbox 1264 2109 1516 2156; x_wconf 89' lang='lat' dir='ltr'><strong>communi</strong></span> <span class='ocrx_word' id='word_1_165' title='bbox 1540 2108 1643 2156; x_wconf 87' lang='lat' dir='ltr'><strong>vita</strong></span> 
     </span>
     <span class='ocr_line' id='line_1_23' title="bbox 302 2187 1641 2253; baseline -0.001 -16"><span class='ocrx_word' id='word_1_166' title='bbox 302 2196 356 2237; x_wconf 88' lang='lat' dir='ltr'><strong>et</strong></span> <span class='ocrx_word' id='word_1_167' title='bbox 378 2187 568 2253; x_wconf 88' lang='lat' dir='ltr'><strong>vulgari</strong></span> <span class='ocrx_word' id='word_1_168' title='bbox 593 2188 850 2236; x_wconf 88' lang='lat' dir='ltr'><strong>hominum</strong></span> <span class='ocrx_word' id='word_1_169' title='bbox 877 2187 1253 2243; x_wconf 88' lang='lat' dir='ltr'><strong>consuetudine,</strong></span> <span class='ocrx_word' id='word_1_170' title='bbox 1288 2204 1383 2236; x_wconf 93' lang='lat' dir='ltr'><strong>nec</strong></span> <span class='ocrx_word' id='word_1_171' title='bbox 1408 2188 1641 2237; x_wconf 86' lang='lat' dir='ltr'><strong>hebetem</strong></span> 
     </span>
     <span class='ocr_line' id='line_1_24' title="bbox 303 2266 1767 2316; baseline -0.002 -1"><span class='ocrx_word' id='word_1_172' title='bbox 303 2284 396 2316; x_wconf 88' lang='lat' dir='ltr'><strong>nec</strong></span> <span class='ocrx_word' id='word_1_173' title='bbox 422 2267 612 2316; x_wconf 90' lang='lat' dir='ltr'><strong>rudem.</strong></span> <span class='ocrx_word' id='word_1_174' title='bbox 685 2267 780 2316; x_wconf 92' lang='lat' dir='ltr'><strong>Cui</strong></span> <span class='ocrx_word' id='word_1_175' title='bbox 806 2276 1027 2316; x_wconf 90' lang='lat' dir='ltr'><strong>nostrum</strong></span> <span class='ocrx_word' id='word_1_176' title='bbox 1052 2284 1151 2315; x_wconf 90' lang='lat' dir='ltr'><strong>non</strong></span> <span class='ocrx_word' id='word_1_177' title='bbox 1176 2267 1296 2316; x_wconf 84' lang='lat' dir='ltr'><strong>licet</strong></span> <span class='ocrx_word' id='word_1_178' title='bbox 1318 2266 1501 2316; x_wconf 85' lang='lat' dir='ltr'><strong>fundos</strong></span> <span class='ocrx_word' id='word_1_179' title='bbox 1530 2284 1640 2316; x_wconf 89' lang='lat' dir='ltr'><strong>nos-</strong></span> <span class='ocrx_word' id='word_1_180' title='bbox 1657 2270 1767 2313; x_wconf 55' lang='lat'><strong>249,</strong></span> 
     </span>
     <span class='ocr_line' id='line_1_25' title="bbox 302 2346 1641 2407; baseline 0.001 -11"><span class='ocrx_word' id='word_1_181' title='bbox 302 2355 402 2396; x_wconf 90' lang='lat' dir='ltr'><strong>tros</strong></span> <span class='ocrx_word' id='word_1_182' title='bbox 428 2347 584 2407; x_wconf 82' lang='lat' dir='ltr'><strong>obire,</strong></span> <span class='ocrx_word' id='word_1_183' title='bbox 609 2356 695 2396; x_wconf 89' lang='lat' dir='ltr'><strong>aut</strong></span> <span class='ocrx_word' id='word_1_184' title='bbox 718 2364 796 2396; x_wconf 88' lang='lat' dir='ltr'><strong>res</strong></span> <span class='ocrx_word' id='word_1_185' title='bbox 819 2348 1042 2404; x_wconf 85' lang='lat' dir='ltr'><strong>rusticaS,</strong></span> <span class='ocrx_word' id='word_1_186' title='bbox 1070 2347 1148 2396; x_wconf 91' lang='lat' dir='ltr'><strong>vel</strong></span> <span class='ocrx_word' id='word_1_187' title='bbox 1173 2346 1365 2396; x_wconf 83' lang='lat' dir='ltr'><strong>fructus</strong></span> <span class='ocrx_word' id='word_1_188' title='bbox 1391 2364 1538 2396; x_wconf 83' lang='lat' dir='ltr'><strong>causa</strong></span> <span class='ocrx_word' id='word_1_189' title='bbox 1561 2349 1641 2397; x_wconf 89' lang='lat' dir='ltr'><strong>vel</strong></span> 
     </span>
     <span class='ocr_line' id='line_1_26' title="bbox 302 2426 1640 2486; baseline 0.001 -11"><span class='ocrx_word' id='word_1_190' title='bbox 302 2426 669 2486; x_wconf 87' lang='lat' dir='ltr'><strong>delectationis,</strong></span> <span class='ocrx_word' id='word_1_191' title='bbox 706 2427 917 2475; x_wconf 85' lang='lat' dir='ltr'><strong>invisere</strong></span> <span class='ocrx_word' id='word_1_192' title='bbox 939 2428 955 2475; x_wconf 89' lang='lat'>?</span> <span class='ocrx_word' id='word_1_193' title='bbox 997 2435 1165 2475; x_wconf 87' lang='lat' dir='ltr'><strong>tamen</strong></span> <span class='ocrx_word' id='word_1_194' title='bbox 1207 2443 1354 2475; x_wconf 88' lang='lat' dir='ltr'><strong>nemo</strong></span> <span class='ocrx_word' id='word_1_195' title='bbox 1394 2435 1497 2475; x_wconf 90' lang='lat' dir='ltr'><strong>tam</strong></span> <span class='ocrx_word' id='word_1_196' title='bbox 1536 2427 1640 2476; x_wconf 90' lang='lat' dir='ltr'><strong>sine</strong></span> 
     </span>
     <span class='ocr_line' id='line_1_27' title="bbox 303 2506 1641 2571; baseline -0.001 -16"><span class='ocrx_word' id='word_1_197' title='bbox 303 2506 475 2564; x_wconf 90' lang='lat' dir='ltr'><strong>oculis,</strong></span> <span class='ocrx_word' id='word_1_198' title='bbox 503 2515 604 2555; x_wconf 88' lang='lat' dir='ltr'><strong>tam</strong></span> <span class='ocrx_word' id='word_1_199' title='bbox 629 2507 734 2556; x_wconf 91' lang='lat' dir='ltr'><strong>sine</strong></span> <span class='ocrx_word' id='word_1_200' title='bbox 758 2515 927 2556; x_wconf 89' lang='lat' dir='ltr'><strong>mente</strong></span> <span class='ocrx_word' id='word_1_201' title='bbox 952 2507 1088 2564; x_wconf 82' lang='lat' dir='ltr'><strong>vivit,</strong></span> <span class='ocrx_word' id='word_1_202' title='bbox 1125 2515 1192 2563; x_wconf 86' lang='lat' dir='ltr'><strong>ut,</strong></span> <span class='ocrx_word' id='word_1_203' title='bbox 1221 2506 1341 2571; x_wconf 85' lang='lat' dir='ltr'><strong>quid</strong></span> <span class='ocrx_word' id='word_1_204' title='bbox 1365 2507 1427 2555; x_wconf 86' lang='lat' dir='ltr'><strong>sit</strong></span> <span class='ocrx_word' id='word_1_205' title='bbox 1452 2523 1641 2555; x_wconf 88' lang='lat' dir='ltr'><strong>semen-</strong></span> 
     </span>
     <span class='ocr_line' id='line_1_28' title="bbox 303 2586 1638 2651; baseline -0.001 -18"><span class='ocrx_word' id='word_1_206' title='bbox 303 2586 365 2633; x_wconf 87' lang='lat' dir='ltr'><strong>tis</strong></span> <span class='ocrx_word' id='word_1_207' title='bbox 402 2602 461 2633; x_wconf 88' lang='lat' dir='ltr'><strong>ac</strong></span> <span class='ocrx_word' id='word_1_208' title='bbox 499 2586 684 2642; x_wconf 78' lang='lat' dir='ltr'><strong>messiS‚</strong></span> <span class='ocrx_word' id='word_1_209' title='bbox 723 2587 843 2651; x_wconf 90' lang='lat' dir='ltr'><strong>quid</strong></span> <span class='ocrx_word' id='word_1_210' title='bbox 875 2588 1104 2635; x_wconf 89' lang='lat' dir='ltr'><strong>arborum</strong></span> <span class='ocrx_word' id='word_1_211' title='bbox 1139 2586 1334 2650; x_wconf 79' lang='lat' dir='ltr'><strong>putatio</strong></span> <span class='ocrx_word' id='word_1_212' title='bbox 1358 2603 1416 2634; x_wconf 86' lang='lat' dir='ltr'><strong>ac</strong></span> <span class='ocrx_word' id='word_1_213' title='bbox 1447 2586 1638 2643; x_wconf 81' lang='lat' dir='ltr'><strong>vitium,</strong></span> 
     </span>
     <span class='ocr_line' id='line_1_29' title="bbox 304 2665 1642 2730; baseline -0.001 -17"><span class='ocrx_word' id='word_1_214' title='bbox 304 2682 403 2729; x_wconf 91' lang='lat' dir='ltr'><strong>quo</strong></span> <span class='ocrx_word' id='word_1_215' title='bbox 440 2672 664 2730; x_wconf 89' lang='lat' dir='ltr'><strong>tempore</strong></span> <span class='ocrx_word' id='word_1_216' title='bbox 703 2666 836 2724; x_wconf 90' lang='lat' dir='ltr'><strong>anni,</strong></span> <span class='ocrx_word' id='word_1_217' title='bbox 879 2672 965 2713; x_wconf 88' lang='lat' dir='ltr'><strong>aut</strong></span> <span class='ocrx_word' id='word_1_218' title='bbox 990 2682 1087 2729; x_wconf 91' lang='lat' dir='ltr'><strong>quo</strong></span> <span class='ocrx_word' id='word_1_219' title='bbox 1113 2666 1260 2712; x_wconf 88' lang='lat' dir='ltr'><strong>modo</strong></span> <span class='ocrx_word' id='word_1_220' title='bbox 1286 2682 1344 2712; x_wconf 87' lang='lat' dir='ltr'><strong>ea</strong></span> <span class='ocrx_word' id='word_1_221' title='bbox 1367 2665 1504 2723; x_wconf 86' lang='lat' dir='ltr'><strong>fiant,</strong></span> <span class='ocrx_word' id='word_1_222' title='bbox 1541 2681 1642 2712; x_wconf 88' lang='lat' dir='ltr'><strong>om-</strong></span> 
     </span>
     <span class='ocr_line' id='line_1_30' title="bbox 305 2742 1643 2808; baseline -0.001 -17"><span class='ocrx_word' id='word_1_223' title='bbox 305 2744 424 2792; x_wconf 90' lang='lat' dir='ltr'><strong>nino</strong></span> <span class='ocrx_word' id='word_1_224' title='bbox 449 2744 653 2792; x_wconf 89' lang='lat' dir='ltr'><strong>nesciat.</strong></span> <span class='ocrx_word' id='word_1_225' title='bbox 726 2744 861 2791; x_wconf 90' lang='lat' dir='ltr'><strong>Num</strong></span> <span class='ocrx_word' id='word_1_226' title='bbox 880 2744 1046 2808; x_wconf 83' lang='lat' dir='ltr'><strong>igitur,</strong></span> <span class='ocrx_word' id='word_1_227' title='bbox 1075 2745 1112 2791; x_wconf 87' lang='lat' dir='ltr'><strong>si</strong></span> <span class='ocrx_word' id='word_1_228' title='bbox 1134 2744 1212 2791; x_wconf 84' lang='lat' dir='ltr'><strong>cui</strong></span> <span class='ocrx_word' id='word_1_229' title='bbox 1239 2742 1423 2791; x_wconf 87' lang='lat' dir='ltr'><strong>fundus</strong></span> <span class='ocrx_word' id='word_1_230' title='bbox 1447 2743 1643 2808; x_wconf 88' lang='lat' dir='ltr'><strong>inspici-</strong></span> 
     </span>
     <span class='ocr_line' id='line_1_31' title="bbox 305 2821 1642 2887; baseline -0.001 -16"><span class='ocrx_word' id='word_1_231' title='bbox 305 2824 479 2880; x_wconf 89' lang='lat' dir='ltr'><strong>endus,</strong></span> <span class='ocrx_word' id='word_1_232' title='bbox 507 2832 593 2872; x_wconf 87' lang='lat' dir='ltr'><strong>aut</strong></span> <span class='ocrx_word' id='word_1_233' title='bbox 611 2823 651 2871; x_wconf 89' lang='lat' dir='ltr'><strong>si</strong></span> <span class='ocrx_word' id='word_1_234' title='bbox 676 2823 1013 2872; x_wconf 85' lang='lat' dir='ltr'><strong>mandandum</strong></span> <span class='ocrx_word' id='word_1_235' title='bbox 1038 2821 1223 2887; x_wconf 83' lang='lat' dir='ltr'><strong>aliquid</strong></span> <span class='ocrx_word' id='word_1_236' title='bbox 1247 2823 1554 2886; x_wconf 85' lang='lat' dir='ltr'><strong>procuratori</strong></span> <span class='ocrx_word' id='word_1_237' title='bbox 1581 2823 1642 2870; x_wconf 85' lang='lat' dir='ltr'><strong>de</strong></span> 
     </span>
     <span class='ocr_line' id='line_1_32' title="bbox 304 2901 1644 2970; baseline -0.002 -19"><span class='ocrx_word' id='word_1_238' title='bbox 304 2903 627 2968; x_wconf 86' lang='lat' dir='ltr'><strong>agricultura,</strong></span> <span class='ocrx_word' id='word_1_239' title='bbox 653 2911 738 2953; x_wconf 86' lang='lat' dir='ltr'><strong>aut</strong></span> <span class='ocrx_word' id='word_1_240' title='bbox 763 2902 1105 2970; x_wconf 87' lang='lat' dir='ltr'><strong>imperandum</strong></span> <span class='ocrx_word' id='word_1_241' title='bbox 1122 2901 1288 2952; x_wconf 83' lang='lat' dir='ltr'><strong>villico</strong></span> <span class='ocrx_word' id='word_1_242' title='bbox 1308 2903 1385 2961; x_wconf 86' lang='lat' dir='ltr'><strong>sit,</strong></span> <span class='ocrx_word' id='word_1_243' title='bbox 1409 2901 1644 2967; x_wconf 73' lang='lat' dir='ltr'><strong>Magonis</strong></span> 
     </span>
     <span class='ocr_line' id='line_1_33' title="bbox 1247 2989 1324 3030; baseline -0.039 0"><span class='ocrx_word' id='word_1_244' title='bbox 1247 2996 1274 3030; x_wconf 79' lang='lat' dir='ltr'>F</span> <span class='ocrx_word' id='word_1_245' title='bbox 1295 2989 1324 3027; x_wconf 79' lang='lat'>2</span> 
     </span>
    </p>
   </div>
  </div>
 </body>
</html>
