2071 3508
404 450 485 488 432
911 447 1244 488 ORATORIAE

471 565 603 606 tenus
626 561 684 607 cle
718 559 905 606 ratione
930 559 1131 615 dicendi,
1171 557 1410 622 variisque
1433 566 1543 605 sunt
1564 575 1594 605 a
1618 558 1743 607 Cice-

466 654 593 704 rone·
609 638 1003 701 disputationibus
1037 638 1270 702 erplicata
1287 659 1306 696 ;
1343 637 1464 685 nihil
1491 653 1590 685 esse
1613 637 1664 685 in
1685 652 1741 685 eo

468 716 759 780 difficultatis
787 725 958 781 potest,
998 720 1127 781 quod
1147 717 1445 780 superiorum
1464 716 1577 778 jam
1601 716 1762 763 libro-v

467 811 574 842 rum
597 796 869 858 explanatio
888 811 984 842 non
1007 795 1305 858 expedierit:
1342 795 1434 842 nisi
1438 797 1580 856 forte
1604 809 1743 857 quam

469 875 610 936 affert
620 874 747 921 socia
764 873 1005 921 brevitatis
1020 881 1067 920 et
1077 889 1227 920 comes
1246 874 1519 921 obscuritas.
1546 874 1616 921 At
1628 873 1743 920 baec

469 953 574 1014 ipsa
610 953 838 999 neminem
873 952 950 998 vel
967 951 1245 1007 morabitur,
1284 952 1361 999 vel
1381 952 1588 1007 terrebit,
1617 952 1740 1015 quis-

467 1030 570 1094 quis
594 1030 643 1077 in
668 1030 801 1076 libris
825 1028 966 1090 hujus
988 1029 1235 1076 voluminis
1249 1030 1500 1092 prioribus
1528 1028 1741 1092 legendis

443 1108 612 1170 suerit
633 1108 746 1155 bene
769 1123 825 1154 ac
849 1107 1103 1169 diligenter
1136 1115 1365 1154 versatus.
1435 1108 1520 1155 Ad
1541 1107 1664 1154 hunc
1688 1106 1740 1154 li-

464 1189 597 1235 brum
634 1187 699 1234 sic
731 1193 938 1250 paratus
962 1186 1042 1249 qui
1065 1186 1232 1242 veniet,
1272 1193 1421 1233 artem
1445 1186 1607 1233 summi
1632 1202 1738 1233 ora-

465 1267 580 1314 toris
604 1266 890 1324 universam,
918 1272 1272 1328 praeceptaque
1297 1264 1452 1312 omnia
1475 1264 1743 1327 regustabi't

461 1361 564 1392 cum
603 1345 839 1407 voluptate
856 1366 875 1402 ;
913 1351 1052 1407 atque
1093 1343 1180 1391 lzoc
1219 1350 1447 1406 agnoscet
1480 1359 1619 1406 quam
1641 1358 1738 1390 non

444 1424 645 1484 ,frustra
684 1423 748 1470 sit
781 1439 810 1470 a
833 1439 904 1470 me
929 1423 1101 1470 dictum
1125 1422 1174 1469 in
1207 1422 1433 1485 prologo,
1480 1421 1736 1470 Ciceronis

461 1503 785 1567 interpretem
811 1518 916 1550 esse
951 1500 1143 1549 nullum
1170 1500 1413 1549 Cicerone
1449 1501 1738 1566 opportuni-

462 1596 614 1630 orem.
685 1582 739 1630 Si
764 1588 915 1628 tamen
950 1581 1338 1643 explicationibus
1361 1597 1527 1628 carere
1566 1597 1735 1645 neque-

461 1668 550 1708 unt
551 1661 774 1722 juvenes}
814 1661 890 1706 vel
910 1660 1140 1722 discipuli,
1168 1661 1245 1706 vel
1273 1660 1492 1722 magistri
1508 1682 1526 1718 ;
1565 1660 1741 1707 habent

461 1741 509 1788 in
529 1742 614 1787 lias
632 1740 926 1788 Partitiones
945 1739 1310 1787 Commentarios
1329 1740 1509 1795 uberes,
1536 1741 1602 1786 ad
1613 1754 1734 1803 pue-

457 1820 593 1866 rilem
616 1819 948 1867 institutionem
971 1819 1184 1881 apprime
1202 1819 1538 1874 accomodatos,
1564 1835 1594 1865 a
1617 1820 1733 1866 duo-

461 1901 544 1946 bus
568 1901 826 1946 adornatos
850 1898 1048 1945 eruditis
1072 1897 1348 1953 bominibus,
1392 1905 1530 1961 atque
1570 1899 1620 1945 in
1643 1898 1732 1946 hac

450 1980 695 2043 palaestra
718 1979 855 2025 valde
879 1977 1161 2033 exercitatis,
1183 1978 1266 2024 M.
1285 1977 1399 2024 Ant.
1422 1976 1731 2040 Blcy'oragio,

457 2065 507 2105 et
541 2059 686 2108 Joan.
713 2058 843 2105 Lud.
872 2056 1113 2112 Strebaeo,
1154 2071 1270 2119 quos
1293 2056 1556 2103 describere
1580 2071 1730 2119 neque

454 2137 593 2199 hujus
611 2137 811 2185 instituti
829 2143 912 2191 est,
933 2152 1081 2200 neque
1100 2151 1212 2183 vero
1232 2135 1387 2199 spatii.
1443 2132 1724 2183 OLIVETUS.

622 2350 805 2382 CICERO
832 2350 1012 2382 PATER.
1099 2349 1283 2381 CICERO
1310 2349 1491 2381 FILIUS.

386 2465 592 2525 mes.
665 2476 871 2534 Studeo‚
897 2476 964 2522 mi
987 2483 1148 2540 pater,
1185 2475 1363 2524 Latine
1389 2489 1452 2524 ex
1476 2482 1526 2523 te
1552 2472 1724 2523 audire

385 2573 461 2616 ea,
501 2573 626 2620 quae
650 2555 771 2603 mihi
796 2565 851 2603 tu
878 2555 940 2603 de
965 2549 1156 2603 ratione
1182 2555 1382 2604 dicendi
1408 2554 1604 2604 Graece
1627 2551 1724 2603 tra-

385 2635 577 2695 didisti;
606 2635 644 2683 si
670 2634 819 2683 modo
836 2634 926 2682 tibi
944 2643 1018 2682 est
1037 2634 1208 2690 otium,
1232 2643 1283 2682 et
1308 2634 1346 2682 si
1371 2635 1458 2681 vis.
1532 2634 1720 2682 PATER.

385 2715 468 2762 An
505 2722 597 2773 est,
637 2714 703 2761 mi
743 2713 940 2772 Cicero,
979 2713 1113 2778 quod
1138 2729 1233 2777 ego
1259 2712 1443 2771 malim,
1485 2722 1632 2776 quam
1669 2719 1721 2760 te

380 2811 526 2858 quam
563 2793 902 2841 doctissimum
941 2793 1080 2840 esse?
1122 2792 1278 2840 otium
1314 2799 1481 2839 autem
1505 2791 1718 2856 primum

380 2879 454 2919 est
479 2888 743 2931 summum,
769 2870 1002 2936 quoniam
1027 2870 1293 2935 aliquando
1314 2870 1477 2918 Roma
1501 2866 1717 2918 exeundi

376 2957 595 3014 potestas
633 2950 748 2999 data
789 2957 893 2999 est:
946 2949 1128 2999 deinde
1175 2950 1269 2998 ista
1308 2957 1396 2998 tua
1435 2947 1598 2998 studia
1636 2946 1718 2994 vel
