2071 3508
678 429 848 469 LIBER
875 428 1129 470 TERTIUS.
1505 436 1585 475 5275

244 539 322 605 (id
347 539 480 605 quod
502 537 657 599 facio)
681 546 1018 587 contemnere.
1075 537 1206 586 Mihi
1230 554 1394 588 rerum
1419 539 1582 590 foren-

245 618 372 670 sium
396 626 447 667 et
470 617 807 667 communium
826 616 1042 682 vulgaris
1066 616 1191 666 haec
1217 618 1440 683 cognitio
1466 620 1582 667 satis

245 713 424 762 magna
447 704 522 746 est
545 696 609 745 ad
633 712 762 756 eam,
797 714 945 762 quam
983 705 1175 762 specto,
1211 697 1583 763 eloquentiam;

245 791 308 825 ex
349 792 445 840 qua
484 775 590 841 ipsa
624 783 793 824 tamen
827 775 1076 842 permulta
1099 776 1288 835 nescio,
1316 793 1451 841 ‘quae
1475 785 1584 825 tum

244 853 474 918 denique,
514 871 629 903 cum
666 872 815 903 causa
849 854 1026 920 aliqua,
1064 871 1190 920 quae
1216 872 1245 903 a
1267 871 1347 904 me
1373 856 1588 905 dicenda

243 940 337 992 est,
362 933 626 991 desiderat,
661 950 861 998 quaero.
933 935 1291 995 Quamobrem,
1328 936 1422 983 nisi
1457 934 1588 984 forte

245 1028 298 1061 es
313 1011 419 1078 jam
445 1012 686 1073 defessus,
722 1021 775 1062 et
799 1014 838 1062 si
861 1014 952 1062 tibi
977 1028 1078 1062 non
1102 1031 1276 1079 graves
1302 1031 1488 1075 sumus,
1514 1031 1589 1063 re-

243 1089 320 1140 fer
360 1092 425 1140 ad
464 1091 548 1141 illa
583 1101 648 1150 te,
688 1110 814 1157 quae
850 1093 913 1141 ad
937 1094 1088 1159 ipsius
1113 1094 1348 1142 orationis
1388 1093 1588 1142 laudem

246 1170 660 1237 splendoremque
698 1173 986 1237 pertinent;
1026 1190 1153 1237 quae
1192 1190 1287 1238 ego
1318 1190 1381 1222 ex
1416 1181 1467 1221 te
1506 1190 1589 1221 au-

248 1250 354 1300 dire
394 1251 549 1310 volui,
587 1268 689 1300 non
723 1259 781 1300 ut
811 1251 1124 1318 desperarem
1148 1270 1228 1301 me
1254 1252 1588 1317 eloquentiam

250 1331 486 1395 consequi
510 1346 669 1395 posse,
698 1330 786 1380 sed
811 1339 866 1379 ut
891 1331 1077 1396 aliquid
1101 1332 1427 1380 addiscerem.

315 1410 450 1458 Tum
475 1410 698 1471 Crassus,
725 1410 1044 1476 Pervulgatas
1068 1428 1145 1459 res
1169 1413 1394 1476 requiris,
1410 1413 1589 1476 inquit,
1628 1404 1731 1464 37.

250 1496 301 1538 et
341 1489 432 1538 tibi
470 1506 571 1538 non
611 1490 911 1554 incognitas,
951 1489 1170 1554 Sulpici:
1211 1490 1318 1554 quis
1358 1491 1490 1538 enim
1527 1492 1590 1540 de
1629 1497 1736 1537 148.

247 1568 344 1617 isto
368 1585 553 1634 genere
578 1585 679 1617 non
705 1568 892 1625 docuit,
931 1585 1031 1616 non
1056 1569 1289 1629 instituit,
1315 1586 1415 1618 non
1440 1571 1590 1619 etiam

249 1650 489 1714 scriptum
513 1648 750 1712 reliquit?
776 1648 864 1696 sed
876 1664 1047 1712 geram
1072 1665 1279 1708 morem,
1310 1657 1361 1697 et
1386 1666 1444 1697 ea
1469 1650 1593 1698 dun-

249 1736 407 1789 taxat,
443 1745 570 1793 quae
608 1727 729 1775 mihi
766 1735 886 1776 nota
921 1735 1054 1787 sunt,
1095 1728 1311 1776 breviter
1347 1746 1595 1795 exponam

251 1808 343 1858 tibi
365 1826 378 1857 ε
417 1809 631 1858 censebo
655 1817 825 1857 tamen
861 1808 926 1855 ad
957 1824 1058 1866 eos,
1085 1808 1168 1872 qui
1193 1817 1422 1857 auctores
1447 1818 1498 1858 et
1522 1811 1594 1858 in-

251 1897 482 1938 ventores
507 1896 623 1937 sunt
646 1888 821 1936 harum
847 1904 963 1936 sane
989 1888 1291 1936 minutarum
1311 1907 1495 1950 rerum,
1521 1908 1594 1938 re-

254 1969 567 2018 vertendum.
639 1967 817 2016 Omnis
855 1968 1008 2032 igitur
1049 1968 1206 2016 oratio
1243 1969 1506 2018 conficitur
1531 1988 1594 2020 ex
1633 1968 1741 2014 149.

254 2049 448 2108 verbis3
489 2064 699 2112 quorum
739 2047 953 2112 primum
990 2047 1131 2095 nobis
1156 2047 1281 2096 ratio
1306 2048 1597 2114 simpliciter

254 2127 473 2177 videnda
491 2134 584 2186 est,
610 2126 791 2175 deinde
818 2125 1115 2191 conjuncte:
1155 2144 1270 2175 nam
1296 2136 1371 2176 est
1396 2129 1598 2192 quidam

257 2215 459 2257 ornatus
507 2207 760 2266 orationis,
808 2207 893 2271 qui
941 2223 1004 2255 ex
1043 2206 1247 2272 singulis
1287 2209 1449 2256 verbis
1486 2217 1597 2269 est3

257 2287 396 2344 alius,
434 2287 520 2352 qui
556 2304 619 2335 ex
656 2286 957 2335 continuatis
984 2284 1360 2351 conjunctisque
1387 2296 1598 2337 constat.

257 2367 393 2434 Ergo
417 2375 618 2416 utemur
640 2367 802 2416 verbis
843 2374 930 2415 aut
969 2367 1045 2426 iis,
1084 2384 1210 2432 quae
1245 2369 1443 2434 propria
1467 2376 1599 2426 sunt,

260 2456 311 2498 et
352 2455 488 2496 certa
529 2448 666 2512 quasi
701 2446 944 2496 vocabula
978 2463 1158 2504 rerum,
1195 2464 1326 2512 pene
1358 2465 1457 2495 una
1485 2455 1604 2496 nata

261 2543 375 2576 cum
400 2528 546 2576 rebus
566 2527 686 2592 ipsis
707 2545 720 2576 :
759 2528 846 2576 aut
879 2527 952 2583 iis,
991 2543 1117 2590 quae
1141 2526 1525 2586 transferuntur,
1550 2534 1602 2574 et

262 2606 399 2672 quasi
442 2605 602 2654 alieno
643 2606 695 2653 in
731 2605 844 2654 loco
882 2604 1223 2666 collocantur3
1263 2606 1449 2665 antiis,
1475 2622 1602 2670 quae

263 2697 521 2744 novamus,
546 2693 598 2733 et
619 2684 830 2733 facimus
854 2685 962 2749 ipsi.
1034 2683 1095 2731 In
1118 2685 1327 2750 propriis
1352 2694 1426 2733 est
1449 2686 1603 2749 igitur
1639 2690 1749 2731 150.

264 2766 426 2814 verbis
466 2764 550 2812 illa
587 2763 692 2812 laus
727 2764 954 2823 oratoris,
990 2772 1046 2812 ut
1071 2763 1265 2833 abjecta
1289 2772 1438 2829 atque
1463 2765 1604 2814 obso-

264 2845 367 2894 leta
402 2843 598 2908 fugiat3
636 2843 780 2892 lectis
821 2849 969 2907 atque
1010 2841 1279 2892 illustribus
1316 2851 1515 2905 utatur3
1554 2845 1607 2893 in

268 2924 447 2991 quibus
459 2923 663 2992 plenum
678 2921 913 2990 quiddam
929 2929 981 2972 et
996 2938 1173 2973 sonans
1188 2922 1604 2979 inesseyideatur.

1152 3018 1174 3053 S
1199 3011 1230 3052 2
