2071 3508
282 1536 392 1575 315.

274 2495 382 2536 1316.

440 406 518 443 202
910 405 986 445 DE
1017 406 1287 446 ORATORE

429 512 647 576 placuit)
681 513 845 578 plures
863 515 1101 564 adhibent
1124 524 1374 581 patronos,
1404 523 1466 564 'ut
1489 515 1539 563 in
1564 533 1761 582 quoque

437 608 606 640 eorum
631 594 885 641 minimum
922 603 1099 659 putant
1135 612 1254 652 esse,
1291 595 1361 643 ita
1396 611 1508 643 eum
1543 596 1757 660 primum

435 671 608 719 volunt
632 672 814 720 dicere.
876 673 977 721 Res
997 674 1128 721 enim
1146 674 1242 722 hoc
1256 674 1487 739 postulat,
1514 682 1571 722 ut
1590 692 1760 723 eorum

434 751 783 814 expectationi,
806 752 888 816 qui
902 752 1128 811 audiunt,
1147 769 1294 817 quam
1315 752 1568 800 celerrime
1587 769 1759 801 occur-

430 836 588 888 ratur3
617 829 697 877 cui
717 829 755 877 si
770 830 911 877 initio
928 830 1233 879 satisfactum
1252 847 1351 878 non
1373 831 1452 889 sit,
1471 831 1628 879 multo
1645 831 1756 896 plus

429 908 492 955 sit
514 909 564 955 in
589 909 776 973 reliqua
800 926 946 958 causa
968 910 1306 957 laborandum.
1378 909 1515 957 Male
1542 910 1672 957 enim
1703 927 1753 958 se

426 1002 503 1034 res
526 987 694 1047 habet,
730 1005 854 1053 quae
890 1004 989 1035 non
1025 988 1207 1047 statim,
1242 995 1299 1035 ut
1335 987 1433 1035 dici
1459 995 1636 1051 coepta
1664 996 1757 1047 est,

385 1100 396 1111 .
427 1066 599 1114 melior
615 1066 719 1114 fieri
743 1067 953 1115 videtur.
1025 1067 1158 1130 Ergo
1182 1075 1239 1114 ut
1262 1067 1312 1113 in
1332 1074 1524 1114 oratore
1544 1066 1758 1130 optimus

427 1145 651 1209 quisque,
676 1146 745 1193 sic
772 1153 822 1194 et
844 1146 896 1192 in
921 1146 1141 1193 oratione
1166 1145 1494 1192 firmissimum
1520 1144 1753 1209 quodque

427 1223 489 1271 sit
511 1224 754 1288 primum:
794 1224 911 1271 dum
938 1224 1061 1272 illud
1084 1232 1252 1272 tamen
1276 1224 1327 1271 in
1353 1233 1562 1288 utroque
1586 1232 1753 1273 tenea-

424 1309 523 1362 tur,
559 1310 615 1351 ut
651 1320 726 1362 ea,
763 1320 888 1367 quae
926 1302 1191 1362 excellant,
1228 1311 1483 1352 serventur
1507 1304 1654 1351 etiam
1691 1304 1754 1351 ad

424 1382 754 1446 perorandum
776 1399 788 1428 ε
829 1381 867 1428 si
892 1397 1017 1445 quae
1044 1389 1189 1429 erunt
1208 1381 1494 1440 mediocria,
1520 1384 1659 1446 (nam
1683 1383 1751 1430 vi-

424 1459 561 1507 tiosis
584 1476 836 1523 nunquam
874 1475 977 1507 esse
1003 1468 1199 1523 oportet
1233 1459 1424 1520 locum)
1460 1460 1512 1506 in
1536 1460 1748 1508 mediam

425 1539 637 1596 turbam,
674 1545 821 1600 atque
846 1537 896 1584 in
920 1553 1124 1600 gregem
1162 1536 1503 1600 conjiciantur.
1594 1538 1749 1588 Hisce

423 1617 648 1664 omnibus
695 1617 839 1663 rebus
876 1615 1214 1673 conside1·ati8‚
1261 1622 1369 1662 tum
1419 1615 1633 1679 denique
1679 1617 1749 1677 id,

421 1695 556 1759 quod
588 1694 800 1758 primum
836 1701 910 1741 est
947 1693 1228 1749 dicendum,
1276 1700 1579 1756 postremum
1615 1695 1749 1744 soleo

423 1773 660 1836 cogitare,
686 1789 783 1836 quo
808 1781 918 1819 utar
942 1771 1160 1819 exordio.
1232 1771 1361 1818 Nam
1398 1771 1436 1817 si
1473 1772 1671 1835 quando
1694 1774 1746 1822 id

420 1853 633 1914 primum
674 1851 895 1899 invenire
932 1851 1079 1906 volui,
1123 1850 1313 1897 nullum
1355 1850 1474 1897 mihi
1510 1853 1745 1912 occurrit,

421 1931 513 1978 nisi
538 1939 622 1979 aut
648 1930 793 1989 exile,
832 1938 917 1978 aut
953 1930 1287 1994 nugatorium,
1328 1938 1413 1977 aut
1448 1929 1650 1994 vulgare
1675 1939 1744 1978 at-

421 2027 515 2074 que
542 2026 819 2058 commune.

486 2090 733 2153 Principia
764 2097 930 2136 autem
956 2087 1155 2136 dicendi
1180 2103 1371 2152 semper
1395 2104 1508 2136 cum
1544 2105 1742 2139 accura-

418 2176 487 2227 ta,
513 2176 562 2216 et
585 2176 745 2224 acuta,
785 2176 835 2215 et
858 2168 1097 2215 instructa
1122 2167 1397 2226 sententiis,
1426 2176 1540 2231 apta
1563 2169 1738 2226 verbis,

417 2256 523 2295 tum
547 2263 664 2294 vero
690 2263 944 2294 causarum
963 2245 1159 2309 propria
1178 2262 1281 2293 esse
1307 2246 1505 2294 debent.
1577 2247 1741 2297 Prima

416 2333 490 2372 est
514 2324 644 2372 enim
670 2325 806 2388 quasi
836 2324 1054 2388 cognitio
1090 2331 1140 2371 et
1175 2324 1540 2372 commendatio
1563 2326 1739 2373 oratio„

415 2403 488 2450 nis
512 2404 562 2450 in
586 2402 842 2466 principio,
882 2418 1006 2465 quae
1033 2401 1268 2448 continuo
1294 2417 1421 2457 eum,
1461 2402 1544 2465 qui
1580 2403 1737 2463 audit,

414 2481 721 2547 permulcere
746 2489 893 2545 atque
918 2480 1113 2528 allicere
1139 2480 1302 2527 debet.
1379 2480 1438 2527 In
1464 2497 1561 2544 quo
1586 2482 1737 2531 admi-

412 2562 506 2609 rari
532 2560 684 2618 soleo,
719 2576 818 2608 non
844 2559 1072 2623 equidem
1109 2559 1244 2617 istOS‚
1281 2559 1362 2622 qui
1399 2559 1582 2607 nullam
1618 2561 1735 2609 huic

413 2641 482 2689 rei
518 2655 716 2703 operam
753 2638 1031 2697 dederunt3
1074 2637 1161 2684 sed
1195 2637 1446 2685 hominem
1480 2638 1531 2684 in
1566 2639 1734 2703 primis

411 2719 647 2766 disertum
673 2725 820 2781 atque
845 2716 1111 2775 eruditum,
1138 2715 1436 2780 Philippum,
1462 2717 1545 2780 qui
1568 2717 1637 2764 ita
1661 2733 1732 2765 so-

410 2796 479 2844 let
503 2797 565 2843 ad
591 2796 855 2844 dicendum
876 2811 1090 2858 surgere,
1129 2802 1198 2851 ut,
1238 2795 1370 2858 quod
1392 2795 1604 2858 primum
1627 2811 1731 2842 ver-

408 2876 526 2923 bum
562 2874 814 2921 habiturus
851 2873 929 2931 sit,
971 2873 1187 2921 nesciat:
1245 2880 1295 2921 et
1329 2872 1397 2920 ait
1430 2873 1580 2932 idem,
1617 2889 1731 2923 clun
