2071 3508
693 368 861 408 LIBER
892 366 1198 410 SECUNDUS.
1570 373 1623 414 97

282 476 444 545 aliqua
479 477 869 536 continerentur,
905 474 1224 542 disputarem.
1299 477 1397 526 Sed
1425 478 1519 528 hoc
1546 488 1618 528 ta-

283 575 398 606 men
422 557 604 607 cecidit
627 556 747 602 mihi
769 565 1153 622 peropportune,
1176 557 1324 621 quod,
1353 559 1616 606 transactis

271 634 377 699 jam
402 635 522 683 meis
544 634 781 699 partibus,
808 635 872 683 ad
898 635 1178 683 Antonium
1203 636 1508 684 audiendum
1534 654 1616 685 ve-

280 712 432 761 nistis.
504 713 637 761 Tum
663 713 863 773 Caesar,
905 714 1170 778 Equidem,
1207 715 1386 780 inquit,
1424 716 1614 773 Crasse,
1652 725 1727 766 16.

277 789 347 838 ita
371 808 478 839 sum
504 793 712 857 cupidus
747 801 798 841 te
834 793 885 841 in
920 793 1003 841 illa
1037 793 1261 859 longiore
1292 812 1349 843 ac
1374 804 1617 860 perpetua

279 868 615 935 disputatione
640 872 894 933 audiendi,
923 882 997 932 ut,
1031 873 1070 920 si
1094 874 1146 921 id
1171 874 1289 921 mihi
1315 875 1477 921 minus
1503 891 1619 922 con-

278 949 456 1015 tingat,
482 951 561 1000 vel
586 951 681 1000 hoc
707 952 797 1000 sim
823 953 1113 1017 quotidiano
1137 961 1225 1001 tuo
1251 969 1476 1001 sermone
1503 970 1619 1001 con-

276 1037 462 1078 tentus.
534 1030 711 1096 Itaque
748 1032 974 1096 experiar
1011 1030 1242 1096 equidem
1278 1031 1417 1087 illud,
1461 1040 1518 1080 ut
1553 1048 1618 1080 ne

278 1107 538 1174 Sulpicius,
559 1109 811 1158 familiaris
836 1127 990 1167 meus,
1030 1119 1115 1158 aut
1142 1110 1306 1166 Cotta,
1333 1109 1443 1174 plus
1470 1128 1617 1174 quam

278 1203 374 1253 ego
398 1189 532 1254 apud
554 1198 605 1237 te
630 1189 794 1237 valere
818 1190 1046 1237 videatur
1066 1209 1079 1248 ;
1121 1197 1171 1236 et
1194 1199 1244 1236 te
1270 1190 1486 1237 exorabo
1509 1207 1619 1254 pro-

278 1267 434 1328 fecto,
468 1276 525 1315 ut
549 1267 669 1314 mihi
707 1284 902 1331 quoque
941 1276 991 1315 et
1016 1266 1195 1315 Catulo
1225 1275 1340 1316 tuae
1366 1268 1620 1316 suavitatis

281 1346 467 1412 aliquid
482 1346 748 1411 impertias.
822 1346 907 1394 Sin
926 1347 1016 1394 tibi
1040 1346 1093 1393 id
1117 1347 1279 1394 minus
1302 1346 1491 1403 libebit,
1519 1363 1621 1395 non

278 1434 329 1475 te
354 1427 577 1491 urgebo3
617 1443 779 1491 neque
801 1427 1127 1486 committam,
1163 1435 1237 1485 ut,
1275 1427 1395 1474 dum
1422 1444 1620 1477 vereare

278 1513 336 1554 tu
365 1522 427 1554 ne
465 1505 527 1554 sis
563 1506 776 1570 ineptus,
816 1522 895 1553 me
932 1523 1036 1554 esse
1064 1505 1278 1570 judices.
1351 1506 1484 1555 Tum
1520 1505 1621 1568 ille,
1657 1507 1732 1553 17.

280 1602 376 1650 ego
400 1584 704 1644 mehercule,
736 1585 916 1650 inquit,
951 1584 1150 1644 Caesar,
1187 1602 1250 1633 ex
1274 1586 1502 1634 omnibus
1527 1586 1623 1636 La-

278 1665 396 1714 tinis
419 1665 580 1713 verbis
616 1663 762 1730 hujus
797 1665 936 1713 verbi
971 1665 1070 1712 vim
1103 1665 1183 1713 vel
1207 1665 1473 1713 maximam
1499 1682 1623 1732 sem-

277 1762 366 1811 per
389 1745 559 1811 putavi
582 1763 594 1793 2
634 1761 782 1809 quem
808 1745 939 1792 enim
965 1761 1054 1792 nos
1079 1745 1286 1807 ineptmn
1303 1761 1558 1805 vocamus,
1583 1746 1624 1794 is

280 1826 399 1874 mihi
425 1825 624 1874 videtur
643 1826 703 1873 ab
728 1824 824 1873 hoc
841 1841 1024 1872 nomen
1047 1824 1230 1872 habere
1251 1824 1475 1882 ductum,
1498 1828 1630 1889 quod

279 1922 376 1954 non
399 1907 463 1953 sit
482 1912 653 1969 aptus:
692 1904 842 1969 idque
878 1904 929 1951 in
966 1904 1203 1952 sermonis
1238 1905 1394 1952 nostri
1419 1921 1625 1953 consue-

281 1985 457 2034 tudine
481 1983 670 2048 perlate
694 1991 848 2048 patet.
921 1983 1052 2031 Nam
1073 1982 1157 2046 qui
1177 1991 1261 2030 aut
1281 1990 1478 2047 tempus
1505 1983 1625 2046 quid

282 2063 503 2131 postulet
543 2079 644 2111 non
685 2063 837 2119 videt,
894 2069 980 2110 aut
1019 2061 1161 2126 plura
1190 2061 1424 2126 loquitur,
1463 2071 1549 2110 aut
1573 2079 1624 2111 se

284 2150 517 2199 ostentat,
557 2150 642 2190 aut
680 2159 849 2190 eorum
887 2142 1181 2206 quibuscum
1212 2149 1286 2189 est
1309 2140 1388 2189 vel
1414 2141 1627 2205 dignita-

283 2223 346 2272 tis
370 2222 450 2271 vel
475 2221 726 2270 commodi
760 2221 1003 2269 rationem
1039 2237 1139 2268 non
1164 2220 1328 2277 habet,
1368 2230 1454 2269 aut
1490 2221 1628 2269 deni-

284 2302 455 2368 quein
481 2301 644 2366 aliquo
679 2317 864 2365 genere
901 2308 988 2348 aut
1022 2299 1355 2348 inconcinnus
1393 2309 1479 2348 aut
1503 2300 1626 2348 mul-

282 2391 363 2431 tus
388 2389 481 2440 est,
515 2381 556 2429 is
580 2381 779 2446 ineptus
805 2380 1003 2428 dicitur.
1082 2379 1198 2428 Hoc
1222 2380 1343 2428 vitio
1374 2379 1626 2429 cumulata
1662 2384 1738 2423 18-

283 2471 360 2510 est
400 2460 730 2509 eruditissima
770 2459 854 2507 illa
889 2460 1199 2507 Graecorum
1226 2459 1376 2507 natio.
1449 2460 1626 2524 Itaque

285 2540 422 2606 quod
443 2540 544 2587 vim
568 2537 714 2603 hujus
738 2537 854 2586 mali
891 2537 1076 2586 Graeci
1100 2554 1201 2585 non
1225 2537 1417 2597 vident,
1454 2555 1516 2586 ne
1541 2555 1629 2586 no-

285 2636 402 2668 men
450 2618 651 2683 quidem
699 2617 743 2665 ei
789 2617 911 2665 vitio
955 2616 1300 2680 imposuerunt
1322 2634 1333 2663 :
1396 2625 1453 2664 ut
1494 2617 1627 2667 enIm

287 2714 492 2764 quaeras
516 2696 699 2755 omnia,
725 2695 974 2760 quomodo
1000 2694 1184 2742 Graeci
1211 2695 1436 2759 ineptum
1463 2696 1629 2760 appel-

284 2778 411 2836 lent,
429 2793 530 2824 non
554 2775 782 2842 reperies.
855 2773 1095 2823 Omnium
1116 2781 1283 2822 autem
1308 2773 1628 2839 ineptiarum,

286 2873 411 2922 quae
437 2864 552 2906 sunt
588 2853 988 2914 innumerabileS,
1024 2853 1158 2902 haud
1195 2853 1297 2903 scio
1323 2870 1385 2902 an
1409 2853 1543 2903 nulla
1568 2857 1630 2904 sit

994 2950 1028 2983 G
