2071 3508
717 428 910 467 ORATO
917 429 1092 468 RIBUS.
1492 437 1572 474 327

238 539 519 603 Cethegum
544 545 841 586 consecutus
866 544 941 585 est
964 544 1126 585 aetate
1153 537 1297 597 Cato,
1323 539 1406 603 qui
1431 543 1571 592 annis

236 636 292 667 Ix
327 626 439 683 post
479 633 591 665 eum
616 616 712 663 fuit
737 615 925 664 consul.
1020 616 1149 664 Eum
1186 633 1274 664 nos
1309 625 1366 665 ut
1400 635 1571 681 pervc-

235 704 392 745 terem
430 696 684 755 habemus,
739 695 821 760 qui
865 695 923 744 L.
970 695 1183 755 Marcio,
1221 695 1317 744 M’.
1361 696 1572 745 Manilio

235 775 518 824 consulibus
544 785 766 824 mortuus
792 783 884 835 est,
922 776 1061 824 annis
1085 791 1287 824 LXXXIII
1312 776 1429 840 ipsis
1453 785 1571 825 ante

232 870 314 902 me
340 855 610 904 consulem.

301 933 412 981 Nec
437 951 554 983 vero
579 935 738 984 habeo
757 952 1037 1000 quenquam
1057 935 1402 999 antiquiorem,
1431 934 1571 1000 cujus

231 1012 434 1075 quidem
474 1015 656 1080 scripta
697 1015 994 1080 proferenda
1038 1024 1231 1080 putem,
1290 1015 1382 1063 nisi
1424 1032 1572 1079 quem

234 1090 389 1156 Appii
416 1093 565 1141 Caeci
593 1095 748 1141 oratio
773 1094 896 1140 haec
922 1094 1026 1157 ipsa
1051 1094 1113 1140 de
1141 1094 1346 1158 Pyrrho,
1378 1102 1428 1141 et
1453 1110 1574 1142 non-

230 1158 395 1218 nullae
435 1180 741 1219 mortuorum
781 1171 1094 1219 laudationes
1132 1170 1261 1220 forte
1301 1172 1571 1222 delectant.

232 1247 300 1297 Et
325 1249 550 1297 hercules
576 1250 667 1298 hae
693 1250 894 1313 quidem
917 1258 1105 1297 extant.
1179 1251 1321 1313 Ipsae
1347 1252 1478 1298 enim
1503 1252 1573 1300 fa-

232 1328 396 1377 miliae
422 1346 508 1377 sua
534 1329 670 1394 quasi
696 1337 989 1377 ornamenta
1030 1345 1087 1376 ac
1130 1339 1453 1377 monumenta
1477 1348 1574 1378 ser-

233 1410 433 1467 vabant,
487 1417 538 1457 et
579 1408 643 1456 ad
685 1425 842 1464 usum,
894 1408 932 1455 si
974 1408 1081 1471 quis
1123 1406 1343 1470 ejusdem
1379 1410 1576 1471 generis

232 1487 517 1547 occidisset,
555 1497 605 1537 et
629 1488 692 1536 ad
716 1487 1006 1535 memoriam
1043 1485 1247 1533 laudum
1284 1485 1577 1536 domestica-

232 1584 361 1627 rum,
379 1576 430 1616 et
453 1567 517 1615 ad
541 1568 880 1616 illustrandam
907 1566 1216 1615 nobilitatem
1243 1583 1395 1622 suam,
1424 1583 1576 1630 quan-

232 1662 381 1710 quam
406 1645 480 1693 his
504 1646 870 1694 laudationibus
889 1644 1093 1692 historia
1117 1661 1280 1692 rerum
1297 1653 1576 1694 nostrarum

233 1733 309 1773 est
332 1724 467 1773 facta
503 1724 801 1773 mendosior.
876 1723 1042 1772 Multa
1078 1723 1210 1771 enim
1247 1725 1429 1789 scripta
1461 1733 1578 1774 sunt

231 1805 284 1852 in
310 1805 398 1863 eis,
434 1821 560 1869 quae
585 1803 719 1851 facta
743 1820 843 1851 non
869 1810 1017 1862 sunt;
1057 1801 1165 1850 falsi
1190 1803 1442 1867 triumphi,
1469 1803 1576 1868 plu-

232 1900 311 1933 res
353 1882 656 1941 consulatus,
699 1899 884 1948 genera
925 1882 1078 1930 etiam
1118 1881 1255 1938 falsa,
1301 1892 1352 1930 et
1377 1882 1576 1946 aplebe

234 1963 571 2021 transitiones,
591 1978 705 2011 cum
732 1961 955 2009 homines
974 1960 1258 2008 humiliores
1283 1961 1333 2008 in
1358 1960 1576 2009 alienum

235 2042 455 2107 ejusdem
498 2042 710 2090 nominis
749 2041 1131 2090 infunderentur
1168 2057 1356 2105 genus:
1410 2048 1485 2100 ut,
1535 2041 1575 2088 si

238 2139 334 2187 ego
360 2138 438 2169 me
465 2138 493 2168 a
519 2120 594 2168 M.
623 2120 790 2169 Tullio
827 2137 931 2168 esse
958 2120 1196 2178 dicerem,
1232 2120 1316 2184 qui
1339 2119 1576 2184 patricius

238 2218 354 2250 cum
381 2201 550 2250 Servio
576 2200 794 2266 Sulpicio
821 2199 1010 2260 consul,
1054 2217 1184 2249 anno
1225 2216 1258 2247 x
1294 2208 1407 2264 post
1432 2216 1577 2248 exac-

234 2290 312 2330 tos
352 2298 494 2345 reges
531 2279 644 2329 fuit.
738 2280 940 2329 Catonis
982 2288 1148 2328 autem
1187 2279 1432 2327 orationes
1474 2294 1577 2325 non

234 2361 398 2410 minus
442 2360 626 2408 multae
667 2359 772 2408 fere
810 2367 943 2418 sunt,
980 2375 1127 2424 quam
1170 2358 1333 2406 Attici
1358 2356 1572 2421 Lysiae3

237 2439 378 2505 cujus
403 2440 611 2488 arbitror
633 2439 868 2503 plurimas
889 2455 1009 2487 esse.
1080 2437 1169 2485 Est
1193 2437 1325 2485 enim
1353 2434 1575 2495 Atticus,

238 2519 471 2583 quoniam
511 2526 646 2566 certe
691 2518 907 2566 Athenis
945 2525 1019 2566 est
1059 2524 1203 2563 natus
1240 2522 1291 2562 et
1332 2521 1574 2573 mortuus,

238 2605 291 2646 et
330 2596 533 2646 functus
580 2600 716 2647 omni
764 2600 946 2647 civium
994 2613 1230 2645 munera:
1293 2610 1574 2657 quanquam

234 2679 474 2727 Timaeus
501 2695 634 2737 eum,
686 2679 823 2743 quasi
860 2677 1053 2725 Licinia
1077 2683 1128 2723 et
1166 2673 1341 2721 Mucia
1365 2672 1476 2736 lege
1500 2689 1574 2720 re-

236 2760 365 2823 petit
407 2760 700 2825 Syracusas:
739 2766 790 2807 et
815 2757 1028 2822 quodam
1064 2754 1212 2802 modo
1238 2762 1313 2801 est
1337 2751 1575 2802 nonnulla

237 2838 288 2886 in
316 2839 372 2886 iis
398 2839 546 2887 etiam
588 2839 717 2887 inter
741 2839 870 2903 ipsos
903 2835 1189 2885 similitudo.
1261 2831 1417 2881 Acuti
1441 2839 1575 2891 sunt,

240 2917 512 2982 eleganteS,
547 2917 718 2979 faceti,
753 2919 960 2967 breves:
1010 2915 1098 2965 sed
1137 2913 1220 2963 ille
1252 2911 1477 2963 Graecus
1514 2911 1575 2960 ab

1091 3010 1124 3043 X
1151 3002 1183 3041 4

1610 919 1712 981 16.
