2071 3508
712 422 1084 463 ORATORIBUS.
1483 424 1562 462 375

236 531 320 595 qui
361 532 616 597 separatim
659 530 1176 578 alterum‘admiratus
1219 535 1363 586 esset,
1411 528 1565 587 idem,

238 610 407 658 audito
430 609 598 664 altero,
623 607 870 672 judicium
895 622 1037 654 suum
1064 613 1420 654 contemneret.
1497 606 1567 654 At

238 705 353 736 vero
384 686 664 751 intelligens
699 694 751 734 et
785 686 980 744 doctus,
1022 686 1224 733 audiens
1262 683 1567 743 Scaevolam,

237 766 440 814 sentiret
464 781 567 813 esse
592 765 840 829 quoddam
876 765 1074 813 uberius
1110 764 1309 813 dicendi
1334 779 1491 828 genus
1517 770 1568 812 et

237 844 470 892 ornatius.
544 843 626 892 Ab
664 853 874 909 utroque
912 851 1098 904 autem,
1140 860 1288 892 causa
1323 850 1569 908 perorata,

237 922 276 970 si
301 931 620 987 quaereretur
654 931 765 972 uter
794 931 1067 988 praestaret
1101 931 1282 982 orator,
1317 937 1570 986 nunquam

237 1001 464 1066 profecto
501 1002 734 1067 sapientis
760 1002 1006 1067 judicium
1032 1020 1060 1051 a
1085 1002 1279 1067 judicio
1314 1000 1450 1065 vulgi
1475 999 1571 1048 dis.

237 1090 478 1147 creparet.

308 1160 411 1218 Qui
433 1169 650 1226 praestat
674 1161 825 1227 igitur
851 1162 1130 1228 intelligens
1154 1160 1412 1227 imperito?
1437 1175 1571 1224 mag·
1603 1136 1708 1198 54⁴·

241 1255 305 1286 na
327 1256 379 1286 re
405 1247 456 1287 et
479 1238 697 1288 difficili:
742 1240 781 1288 si
816 1240 1015 1305 quidem
1057 1257 1291 1304 magnum
1328 1247 1403 1288 est
1427 1239 1571 1298 scire,

243 1318 419 1382 quibus
444 1320 587 1367 rebus
607 1317 860 1375 efficiatur,
882 1319 1195 1367 amittaturve
1217 1319 1430 1368 dicendo
1449 1317 1573 1366 illud

242 1397 484 1462 quidquid
522 1405 614 1456 est,
667 1398 800 1461 quod
835 1407 921 1446 aut
961 1398 1086 1446 effici
1123 1399 1336 1447 dicendo
1376 1404 1575 1463 oportet

242 1484 329 1524 aut
353 1476 512 1525 amitti
537 1493 636 1524 non
661 1485 872 1541 oportet.
945 1478 1167 1525 Praestat
1185 1477 1333 1526 etiam
1348 1477 1432 1525 illo
1458 1476 1575 1525 doc-

244 1563 323 1604 tus
358 1555 554 1604 auditor
588 1555 811 1614 indocto,
848 1556 981 1620 quod
1016 1573 1180 1620 saepe,
1219 1572 1333 1604 cum
1358 1563 1576 1604 oratores

244 1635 345 1682 duo
381 1642 467 1682 aut
489 1634 653 1699 plures
688 1634 857 1700 populi
883 1634 1077 1698 judicio
1116 1636 1402 1699 probantur,
1441 1634 1577 1699 quod

244 1714 446 1763 dicendi
468 1731 626 1778 genus
649 1716 892 1779 optimum
929 1716 1006 1772 sit,
1048 1715 1298 1780 intelligit.
1368 1715 1499 1764 Nam
1523 1713 1578 1760 il-

244 1792 350 1852 lud,
387 1794 520 1858 quod
542 1794 727 1859 populo
762 1810 863 1842 non
887 1796 1139 1859 probatur,
1180 1811 1243 1843 ne
1280 1793 1578 1858 intelligenti

246 1872 448 1937 quidem
489 1873 702 1922 auditori
741 1874 936 1938 probari
976 1882 1154 1938 potest.
1240 1873 1312 1922 Ut
1348 1873 1481 1922 enim
1517 1888 1581 1920 ex

247 1967 510 2000 nervorum
537 1968 657 1999 sono
681 1951 730 1998 in
757 1951 952 2011 fidibus,
988 1968 1135 2016 quam
1161 1954 1375 2001 scienter
1406 1952 1451 2000 ei
1474 1950 1582 2015 pul-

248 2030 288 2077 si
313 2029 426 2086 sint,
475 2028 686 2093 intelligi
725 2028 881 2089 solet3
927 2029 997 2078 sic
1033 2047 1095 2078 ex
1131 2031 1407 2078 animorum
1443 2037 1583 2077 motu

249 2108 488 2167 cernitur,
545 2107 666 2172 quid
707 2109 976 2156 tractandis
1023 2108 1097 2156 his
1137 2109 1361 2174 perficiat
1401 2115 1580 2156 orator.

254 2187 429 2251 Itaque
454 2185 736 2251 intelligens
761 2186 961 2235 dicendi
986 2187 1309 2248 existimator,
1344 2204 1445 2236 non
1470 2187 1583 2235 assi-

252 2266 394 2324 dens,
430 2272 481 2313 et
504 2272 694 2314 attente
731 2264 955 2325 audiens,
991 2265 1079 2314 sed
1114 2282 1213 2314 uno
1238 2267 1497 2331 adspectu,
1533 2272 1585 2313 et

251 2343 572 2410 praeteriens,
614 2342 677 2391 de
717 2351 910 2392 oratore
952 2360 1096 2408 saepe
1129 2344 1342 2408 judicat.
1429 2343 1587 2393 Videt

252 2423 544 2473 oscitantem
560 2420 805 2487 judicem,
824 2422 1110 2487 loquentem
1131 2440 1244 2471 cum
1264 2424 1439 2482 altero,
1465 2440 1586 2471 non-

255 2518 509 2566 nunquam
546 2503 695 2550 etiam
731 2502 1073 2563 circulantem,
1108 2503 1391 2551 mittentem
1415 2503 1478 2551 ad
1502 2503 1588 2551 ho-

258 2598 366 2640 ras,
404 2581 750 2646 quaesitorem,
775 2589 832 2629 ut
856 2581 1092 2641 dimittat,
1116 2590 1373 2646 rogantem
1395 2601 1407 2630 z
1445 2581 1589 2630 intel-

259 2661 388 2726 ligit,
440 2668 684 2709 oratorem
731 2661 782 2708 in
820 2677 879 2709 ea
919 2678 1066 2710 causa
1105 2678 1205 2709 non
1243 2662 1456 2720 adessse,
1506 2661 1590 2726 qui

261 2740 416 2805 possit
438 2740 613 2788 animis
628 2738 856 2804 judicum
881 2740 1144 2789 admovere
1169 2741 1460 2799 orationem,
1484 2749 1591 2789 tan-

263 2836 409 2886 quam
445 2818 622 2868 fidibus
646 2835 862 2867 manum.
934 2819 1075 2868 Idem
1112 2821 1150 2867 si
1173 2821 1475 2885 praeteriens
1510 2821 1594 2869 ad-

264 2897 482 2966 spexerit
504 2906 695 2950 erectos
718 2899 968 2950 intuentes
983 2898 1196 2966 judices,
1236 2908 1293 2957 ut
1317 2908 1403 2951 aut
1427 2901 1594 2952 doceri

1153 2991 1288 3032 Aa4¹
