2071 3508
757 399 1134 441 ORATORIBUS.
1538 408 1611 445 421

272 505 389 555 inde
414 508 615 564 multae,
644 524 764 572 quas
790 525 891 556 non
917 508 1081 557 minus
1106 509 1375 574 diligenter
1399 512 1615 562 elabora-

271 593 344 634 tas
370 595 420 635 et
443 595 680 651 tanquam
707 586 1021 635 elucubratas
1046 587 1387 637 afferebamus.

335 666 505 724 Nunc,
543 665 778 729 quoniam
803 673 965 713 totum
992 682 1092 726 me,
1117 683 1218 716 non
1244 684 1403 717 naevo
1429 669 1613 734 aliquo,
1647 666 1755 727 91.

265 750 352 790 aut
376 743 676 808 crepundiis,
721 745 809 793 sed
835 762 1041 809 corpore
1084 747 1219 794 omni
1262 748 1443 796 videris
1486 749 1613 799 velle

264 837 587 885 cognoscere,
635 823 942 888 complectar
983 824 1223 874 nonnulla
1264 826 1434 886 etiam,
1482 845 1610 893 quae

261 903 467 953 fortasse
508 905 776 954 videantur
817 906 980 955 minus
1023 909 1316 957 necessaria.
1389 910 1511 960 Erat
1549 928 1609 961 eo

259 990 484 1048 tempore
509 984 561 1032 in
586 985 728 1033 nobis
754 1001 945 1033 summa
969 986 1219 1050 gracilitas
1258 996 1309 1036 et
1350 988 1608 1040 infirmitas

259 1063 508 1128 corporis:
547 1080 813 1129 procerum
850 1072 901 1113 et
925 1072 1078 1114 tenue
1105 1066 1319 1115 collum:
1360 1068 1444 1132 qui
1470 1068 1607 1118 habi-

257 1150 356 1201 tus,
393 1151 445 1191 et
480 1161 607 1208 quae
643 1143 802 1208 figura
825 1161 926 1193 non
950 1144 1126 1209 procul
1152 1146 1322 1196 abesse
1346 1154 1552 1212 putatur
1577 1167 1605 1198 a

254 1221 387 1270 vitae
411 1222 650 1287 periculo,
691 1223 730 1271 si
755 1224 954 1272 accedit
978 1224 1133 1284 labor,
1161 1233 1212 1273 et
1235 1224 1447 1274 laterum
1468 1243 1604 1293 mag-

255 1317 320 1351 na
361 1302 634 1351 contentio.
724 1302 899 1368 quue
940 1304 1097 1369 magis
1139 1304 1235 1353 hoc
1279 1322 1378 1362 eos,
1424 1306 1604 1370 quibus

255 1398 388 1430 eram
415 1399 575 1442 carus,
613 1386 980 1444 commovebat,
1018 1384 1153 1449 quod
1179 1385 1344 1433 omnia
1382 1385 1486 1434 sine
1528 1404 1602 1436 re-

251 1462 503 1522 missione,
540 1463 645 1512 sine
670 1464 927 1521 varietate,
966 1465 1015 1512 vi
1041 1481 1232 1512 summa
1255 1465 1412 1525 vocis,
1439 1474 1490 1514 et
1527 1474 1600 1515 to-

248 1541 347 1590 tius
373 1544 592 1609 corporis
619 1545 943 1593 contentione
970 1544 1215 1592 dicebam.
1278 1544 1457 1610 Itaque
1484 1563 1600 1594 cum

249 1638 329 1670 ine
367 1630 418 1670 et
453 1623 600 1671 amici
640 1632 692 1671 et
732 1623 915 1672 medici
954 1623 1287 1681 hortarentur,
1326 1632 1385 1673 ut
1427 1642 1599 1675 causas

247 1718 395 1766 agere
422 1701 737 1763 desisterem3
779 1703 988 1767 quodvis
1012 1704 1178 1769 potius
1202 1704 1483 1768 periculum
1509 1706 1598 1753 mi-

246 1782 298 1829 hi
344 1781 650 1840 adeundum,
702 1799 850 1846 quam
889 1801 917 1829 a
957 1792 1153 1847 sperata
1195 1784 1397 1832 dicendi
1439 1784 1598 1849 gloria

247 1862 609 1911 discedendum
641 1862 828 1927 putavi.
903 1862 1018 1921 Sed,
1057 1880 1171 1911 cum
1210 1880 1482 1923 censerem,
1521 1883 1596 1915 re-

245 1941 477 1990 missione
520 1950 571 1989 et
612 1941 955 1990 moderatione
996 1942 1152 2001 vocis,
1195 1951 1246 1991 et
1285 1952 1595 1994 commutato

244 2037 429 2086 genere
455 2019 672 2077 dicendi,
711 2037 791 2069 me
829 2029 880 2069 et
914 2020 1193 2086 periculum
1231 2022 1387 2071 vitare
1428 2041 1589 2089 posse,

244 2109 295 2150 et
335 2101 658 2166 temperatius
699 2101 903 2162 dicere3
955 2110 1012 2150 ut
1054 2103 1469 2152 consuetudinem
1520 2105 1592 2153 di-

243 2179 392 2229 cendi
433 2188 698 2239 mutarem,
736 2197 794 2228 ea
834 2197 985 2228 causa
1022 2180 1143 2228 mihi
1168 2181 1219 2228 in
1247 2181 1421 2230 Asiam
1445 2184 1591 2248 profi-

241 2260 462 2310 ciscendi
486 2259 599 2308 fuit.
672 2260 850 2325 Itaque
875 2277 990 2309 cum
1015 2278 1172 2309 essem
1198 2261 1455 2311 biennium
1483 2282 1590 2313 ver-

241 2351 373 2390 satus
398 2341 449 2388 in
475 2341 654 2400 causis,
681 2349 732 2390 et
746 2341 852 2406 jam
878 2341 928 2388 in
954 2341 1063 2390 foro
1090 2341 1398 2391 celebratum
1418 2360 1585 2394 meum

238 2437 423 2470 nomen
459 2429 606 2480 esset,
646 2422 809 2470 Roma
845 2439 953 2470 sum
991 2421 1263 2487 profectus.
1336 2424 1466 2472 Cum
1504 2442 1586 2474 ve-

236 2502 419 2550 nissem
447 2501 693 2560 Athenas,
730 2519 817 2550 sex
842 2519 1038 2550 menses
1065 2519 1180 2550 cum
1201 2502 1478 2564 Antiocho,
1503 2522 1586 2554 ve-

236 2582 355 2630 teris
405 2581 713 2629 Academiae
755 2581 1061 2630 nobilissimo
1104 2589 1155 2629 et
1195 2582 1582 2646 prudentissimo

234 2659 546 2727 philosopho,
583 2658 676 2719 fui,
713 2660 1034 2725 studiumque
1073 2660 1415 2726 philosophiae
1457 2679 1583 2712 nun-

235 2757 383 2806 quam
408 2741 762 2799 intermissum‚
788 2758 816 2788 a
838 2740 1096 2805 primaque
1121 2740 1460 2791 adolescentia
1479 2742 1582 2791 cul-

233 2828 362 2880 tum,
388 2830 439 2870 et
463 2837 658 2887 semper
682 2827 907 2879 auctum,
933 2819 1029 2868 hoc
1054 2836 1221 2868 rursus
1246 2838 1440 2871 summo
1464 2840 1580 2872 auc-

233 2907 343 2951 tore
379 2909 432 2952 et
467 2901 694 2963 doctore,
719 2900 970 2953 renovavi.
1041 2901 1237 2951 Eodem
1260 2910 1430 2953 tamen
1454 2911 1578 2954 tem-

1080 2999 1114 3032 D
1141 2981 1175 3032 d
1211 2992 1240 3032 3
