2071 3508
301 1394 379 1433 43.

282 1851 381 1910 11.

308 1944 386 1982 44.

404 421 484 460 106
899 416 975 456 DE
1005 413 1273 455 ORATORE

406 527 591 577 Graeci
630 525 852 590 plerique
891 532 1191 590 posuerunt:
1245 538 1406 587 neque
1454 538 1570 571 sane
1611 521 1730 587 quid

404 606 509 671 ipse
534 605 757 663 sentiret,
781 604 868 652 sed
892 604 1010 668 quid
1051 604 1111 652 ab
1148 601 1242 650 illis
1278 602 1544 661 diceretur,
1569 609 1731 650 osten-

405 685 513 744 dit·;
567 683 666 731 duo
710 683 869 747 prima
912 697 1096 745 genera
1133 681 1475 744 quaestionum
1512 696 1636 739 esse,
1677 680 1729 726 in

406 763 583 828 quibus
619 760 900 825 eloquentia
931 766 1239 817 versaretur;
1278 775 1432 806 unum
1467 758 1732 816 infinitum,

364 887 375 899 ,
406 841 618 889 alterum
660 847 865 888 certum.
938 836 1192 884 Infinitum
1234 836 1353 882 mihi
1386 837 1646 884 videbatur
1681 835 1734 884 id

408 920 593 977 dicere,
633 918 685 965 in
724 933 820 980 quo
861 914 1046 978 aliquid
1084 913 1358 978 generatim
1400 923 1737 978 quaereretur,

407 998 503 1045 hoc
527 996 711 1055 modo;
751 993 1109 1058 Expetendane
1146 1000 1274 1040 esset
1298 992 1609 1057 eloquentia3
1654 1008 1739 1039 ex-

407 1074 677 1141 petendine
701 1073 927 1121 honores.
982 1071 1187 1119 Certum
1212 1078 1396 1130 autem,
1420 1071 1472 1117 in
1497 1087 1594 1135 quo
1618 1070 1739 1134 quid

408 1154 459 1200 in
485 1151 722 1216 personis,
748 1158 799 1198 et
821 1149 873 1196 in
899 1148 1168 1197 constituta
1201 1166 1254 1196 re
1291 1157 1342 1196 et
1366 1148 1569 1196 definita
1592 1165 1738 1212 quae-

409 1238 635 1287 reretur3
675 1227 950 1292 cujusmodi
991 1233 1124 1285 sunt,
1161 1243 1286 1290 quae
1327 1227 1378 1273 in
1419 1226 1547 1285 foro,
1588 1234 1737 1290 atque

410 1308 462 1355 in
494 1307 677 1356 civium
703 1305 859 1354 causis
897 1304 1433 1369 disceptationibusque
1465 1312 1738 1352 versantur.

416 1388 487 1434 Ea
511 1386 631 1433 mihi
654 1385 900 1439 videntur,
928 1391 1014 1431 aut
1050 1383 1101 1430 in
1141 1383 1228 1431 lite
1264 1383 1555 1442 ordinanda,
1580 1389 1666 1430 aut
1689 1382 1740 1430 in

417 1464 620 1513 consilio
653 1463 836 1520 dando,
878 1478 981 1509 esse
1006 1462 1198 1525 posita,
1237 1478 1349 1508 nam
1374 1460 1498 1508 illud
1521 1461 1741 1520 tertium,

417 1542 551 1607 quod
592 1549 642 1590 et
682 1557 710 1588 a
746 1540 920 1588 Crasso
954 1547 1143 1587 tactum
1171 1547 1262 1597 est,
1299 1546 1367 1597 et,
1391 1546 1447 1586 ut
1471 1539 1636 1598 audio,
1660 1539 1743 1588 ille

415 1622 520 1685 ipse
542 1618 853 1676 Aristoteles,
871 1617 954 1681 qui
978 1617 1099 1665 haec
1125 1617 1338 1664 maxime
1363 1616 1640 1675 illustravit,
1661 1617 1744 1665 ad-

408 1698 597 1763 junxit,
621 1696 811 1744 etiamsi
836 1711 957 1759 opus
982 1702 1073 1752 est,
1104 1702 1270 1742 tamen
1294 1694 1454 1741 minus
1480 1702 1554 1742 est
1577 1711 1745 1744 neces-

417 1776 612 1824 sarium.
685 1773 972 1830 Quidnam?
1008 1773 1169 1836 inquit
1207 1772 1443 1821 Catulus:
1483 1789 1544 1819 an
1579 1771 1745 1820 lauda-

418 1856 577 1903 tiones
598 1855 614 1902 ?
650 1853 702 1900 id
727 1852 857 1900 enim
881 1851 1028 1899 video
1051 1852 1169 1915 poni
1193 1868 1351 1915 genus
1375 1851 1592 1899 tertium.
1648 1852 1746 1912 Ita,

420 1934 580 1998 inquit
605 1931 874 1989 Antonius,
901 1938 951 1978 et
975 1931 1025 1978 in
1052 1947 1111 1978 eo
1138 1931 1337 1994 quidem
1361 1947 1544 1994 genere
1569 1930 1671 1978 scio
1697 1938 1749 1979 et

421 2032 514 2070 me,
564 2020 615 2061 et
661 2026 850 2068 omnes,
897 2010 981 2073 qui
1027 2009 1290 2068 affuerunt,
1338 2010 1608 2058 delectatos
1644 2026 1749 2058 esse

420 2094 759 2148 vehementer,
796 2106 910 2137 cum
941 2091 1025 2137 abs
1049 2097 1099 2137 te
1126 2097 1200 2137 est
1224 2089 1426 2154 Popilia,
1464 2096 1621 2137 mater
1644 2106 1750 2137 ves-

419 2179 515 2228 tra,
539 2169 768 2227 laudata3
798 2169 878 2215 cui
901 2168 1113 2232 primum
1138 2167 1330 2215 mulieri
1354 2167 1487 2215 hunc
1512 2167 1750 2215 honorem

422 2249 474 2295 in
515 2254 681 2294 nostra
717 2246 917 2294 civitate
953 2245 1192 2294 tributum
1217 2253 1373 2309 puto:
1412 2246 1499 2293 sed
1523 2262 1623 2293 non
1648 2262 1752 2293 om-

424 2326 524 2384 nia,
565 2340 906 2388 quaecumque
947 2322 1210 2386 loquimur,
1252 2322 1370 2369 mihi
1410 2322 1642 2370 videntur
1687 2322 1751 2370 ad

424 2412 599 2461 artem,
619 2410 668 2449 et
693 2401 756 2449 ad
779 2409 1044 2466 praecepta
1063 2418 1166 2449 esse
1191 2401 1483 2449 revocanda.

492 2482 569 2529 Ex
594 2480 667 2527 his
693 2479 824 2528 enim
847 2478 1085 2538 fontibus,
1119 2478 1252 2526 unde
1288 2478 1453 2525 omnia
1487 2486 1657 2527 ornate
1683 2479 1753 2527 di-

427 2559 574 2609 cendi
597 2565 862 2623 praecepta
886 2564 1162 2614 sumuntur,
1200 2555 1370 2603 licebit
1405 2556 1553 2604 etiam
1587 2556 1756 2604 lauda-

426 2640 612 2687 tionem
638 2651 810 2683 ornare
832 2655 845 2694 3
884 2650 1045 2698 neque
1080 2633 1162 2681 illa
1187 2632 1432 2681 elementa
1457 2634 1752 2694 desiderare,

427 2733 552 2782 quae
577 2723 634 2762 ut
658 2731 803 2762 nemo
828 2713 1008 2771 tradat,
1035 2711 1141 2776 quis
1167 2719 1255 2767 est,
1289 2711 1372 2774 qui
1397 2711 1602 2770 nesciat,
1627 2727 1753 2775 quae

429 2796 526 2842 sint
549 2795 599 2840 in
622 2792 821 2840 homine
845 2790 1091 2839 laudanda
1110 2789 1126 2837 ?
1166 2788 1339 2838 Positis
1359 2789 1488 2837 enim
1507 2789 1564 2837 iis
1588 2791 1752 2848 rebus,

429 2889 547 2937 quas
573 2871 774 2920 Crassus
811 2869 863 2917 in
900 2867 1028 2918 illius
1052 2867 1284 2918 orationis
1309 2883 1442 2927 suae,
1467 2884 1613 2932 quam
1638 2882 1754 2929 con.
