2071 3508
230 1372 250 1409 1
261 1370 338 1410 30.

231 1758 340 1798 131.

228 2852 334 2912 33.

231 2945 341 2986 132.

371 468 448 506 268
843 465 920 503 DE
951 465 1219 504 ORATORE

373 575 590 624 Platonis
630 591 774 623 verus
812 582 920 635 est3
960 583 1063 634 aut,
1099 575 1137 623 si
1170 582 1244 623 est
1266 573 1438 629 victus,
1467 570 1698 635 eloquen-

370 654 466 702 tior
489 653 723 702 videlicet
758 653 854 701 fuit
878 662 929 701 et
953 653 1178 701 disertior
1204 653 1446 709 Socrates,
1472 657 1536 705 et,
1563 654 1620 694 ut
1641 653 1701 693 tu

370 732 602 797 appellas,
629 731 870 796 copiosior
906 740 956 780 et
987 731 1159 778 melior
1184 739 1375 779 orator:
1414 727 1501 776 sed
1523 726 1624 782 hic,
1647 724 1701 770 in

369 809 454 858 illo
478 811 583 874 ipso
611 810 827 860 Platonis
851 813 994 869 libro,
1032 811 1094 858 de
1119 813 1251 858 omni
1276 829 1348 871 re,
1375 821 1703 876 quaecunque

370 887 421 934 in
449 888 857 952 disceptationem
884 888 1320 951 quaestionemque
1344 897 1623 946 vocaretur,
1647 905 1701 936 se

373 965 704 1029 copiosissime
758 967 1008 1014 dicturum
1061 983 1164 1013 esse
1209 965 1468 1029 profitetur
1494 986 1507 1025 ;
1562 965 1702 1029 isque

370 1043 600 1107 princeps
636 1060 698 1091 ex
734 1045 959 1092 omnibus
997 1061 1141 1091 ausus
1167 1052 1241 1092 est
1264 1044 1315 1090 in
1342 1051 1593 1092 conventu
1616 1059 1702 1107 po-

373 1134 529 1178 scere,
555 1137 650 1184 qua
675 1121 737 1170 de
762 1138 814 1169 re
839 1123 1045 1186 quisque
1068 1121 1219 1170 vellet
1243 1122 1412 1170 audire
1437 1143 1450 1182 ;
1491 1122 1571 1170 cui
1595 1129 1704 1168 tan-

370 1203 450 1243 tus
474 1197 629 1246 honos
653 1198 848 1247 habitus
874 1207 949 1247 est
973 1216 1000 1247 a
1025 1199 1252 1256 Graecia,
1291 1200 1379 1248 soli
1411 1208 1468 1248 ut
1502 1216 1564 1247 ex
1601 1216 1703 1247 om-

371 1274 529 1332 nibus,
576 1276 784 1341 Delphis
825 1294 926 1326 non
962 1278 1184 1325 inaurata
1221 1285 1400 1337 statua,
1437 1277 1525 1325 sed
1555 1294 1702 1326 aurea

370 1375 686 1417 statueretur.
751 1370 919 1435 Atque
944 1371 997 1429 ii,
1023 1387 1144 1434 quos
1168 1370 1436 1428 nominavi,
1460 1369 1702 1433 multique

369 1456 626 1512 praeterea
649 1449 826 1496 summi
852 1449 1051 1496 dicendi
1078 1449 1320 1505 doctores,
1354 1464 1455 1496 uno
1478 1455 1702 1512 tempore
1755 1492 1758 1500 .

370 1526 606 1574 fuerunt:
645 1543 707 1574 ex
733 1527 908 1590 quibus
932 1525 1142 1590 intelligi
1177 1534 1359 1589 potest,
1401 1527 1471 1574 ita
1511 1542 1562 1573 se
1597 1543 1703 1574 rem

370 1603 571 1662 habere,
595 1612 652 1652 ut
675 1612 746 1661 tu,
775 1604 962 1660 Crasse,
991 1604 1112 1651 dicis
1134 1625 1147 1664 3
1187 1604 1488 1668 oratorisque
1520 1620 1703 1652 nomen

372 1687 505 1752 apud
547 1687 773 1750 antiquos
809 1687 858 1732 in
899 1685 1129 1744 Graecia,
1160 1685 1342 1750 majore
1379 1685 1589 1749 quadam
1623 1685 1704 1733 vel

373 1765 516 1829 copia
555 1765 632 1813 vel
670 1764 842 1828 gloria,
878 1765 1111 1812 floruisse.
1185 1765 1298 1821 Quo
1324 1765 1522 1828 quidem
1548 1764 1704 1829 magis

373 1844 565 1901 dubito,
602 1843 756 1890 tibine
793 1842 904 1906 plus
928 1841 1104 1900 laudis,
1140 1859 1202 1889 an
1228 1842 1434 1890 Graecis
1457 1842 1702 1907 vitupera-

371 1921 519 1969 tionis
544 1938 647 1969 esse
673 1921 990 1968 tribuendum
1016 1929 1258 1980 statuam3
1298 1937 1411 1967 cum
1437 1928 1510 1979 tu,
1535 1922 1586 1968 in
1610 1921 1703 1970 alia

371 1998 542 2063 lingua
578 2016 634 2046 ac
670 2000 886 2046 moribus
922 2007 1084 2058 natus,
1110 1999 1487 2063 occupatissima
1510 1999 1562 2046 in
1587 1999 1703 2048 civi-

371 2084 493 2135 tate,
517 2077 595 2125 vel
619 2078 920 2141 privatorum
945 2077 1158 2141 negotiis
1188 2093 1315 2141 pene
1341 2077 1586 2137 omnibus,
1622 2078 1704 2126 vel

372 2156 502 2203 orbis
526 2164 684 2203 terrae
708 2156 1074 2219 procuratione,
1111 2173 1167 2203 ac
1199 2156 1376 2202 summi
1400 2156 1591 2220 imperii
1614 2173 1703 2220 gu-

371 2235 677 2290 bernatione,
705 2234 974 2293 districtus,
1010 2243 1198 2282 tantam
1222 2235 1322 2281 vim
1346 2251 1509 2282 rerum
1534 2235 1703 2299 cogni-

372 2313 658 2376 tionemque
679 2313 1124 2376 comprehenderis,
1146 2329 1352 2376 eamque
1371 2329 1568 2361 omnem
1588 2330 1704 2361 cum

373 2390 495 2455 ejus,
534 2391 617 2454 qui
654 2390 858 2438 consilio
891 2399 942 2439 et
966 2392 1185 2439 oratione
1210 2392 1260 2438 in
1287 2391 1487 2438 civitate
1523 2390 1702 2452 valeat,

374 2469 580 2517 scientia
603 2477 751 2532 atque
771 2470 1128 2517 exercitatione
1153 2469 1381 2528 sociaris3
1411 2468 1498 2527 illi,
1523 2470 1626 2516 nati
1650 2470 1703 2517 in

369 2545 541 2606 literis,
566 2547 892 2611 ardentesque
930 2548 1005 2595 his
1041 2548 1229 2604 studiis,
1268 2548 1370 2595 otio
1405 2564 1521 2595 vero
1547 2547 1702 2596 difflu-

371 2634 527 2683 entes,
553 2641 651 2672 non
676 2625 824 2672 modo
849 2625 970 2672 nihil
995 2625 1330 2688 acquisierint,
1364 2625 1451 2672 sed
1476 2641 1538 2673 ne
1561 2625 1701 2674 relic-

370 2710 476 2749 tum
502 2703 720 2767 quidem,
757 2712 808 2751 et
842 2703 1096 2762 traditum,
1135 2711 1186 2751 et
1217 2720 1360 2752 suum
1385 2720 1702 2753 conservave-

370 2783 483 2829 rint.
1631 2781 1633 2783 ’

439 2859 568 2907 Tum
609 2862 828 2921 Crassus,
870 2864 986 2911 Non
1022 2864 1073 2910 in
1097 2863 1206 2918 hac,
1243 2862 1418 2926 inquit,
1455 2877 1571 2920 una,
1607 2860 1699 2908 Ca-

373 2937 496 2998 tule,
536 2955 608 2998 re,
645 2941 732 2988 sed
766 2941 818 2987 in
853 2940 956 2989 aliis
982 2942 1130 2990 etiam
1157 2941 1506 3005 compluribus,
1541 2938 1698 2987 distri-
