<?xml version="1.0" encoding="UTF-8"?>
<!DOCTYPE html PUBLIC "-//W3C//DTD XHTML 1.0 Transitional//EN"
    "http://www.w3.org/TR/xhtml1/DTD/xhtml1-transitional.dtd">
<html xmlns="http://www.w3.org/1999/xhtml" xml:lang="en" lang="en">
 <head>
  <title>
</title>
<meta http-equiv="Content-Type" content="text/html;charset=utf-8" />
  <meta name='ocr-system' content='tesseract 3.04.00' />
  <meta name='ocr-capabilities' content='ocr_page ocr_carea ocr_par ocr_line ocrx_word'/>
</head>
<body>
  <div class='ocr_page' id='page_1' title='image "./deoratorelibrit00ciceuoft_0474.png"; bbox 0 0 2071 3508; ppageno 0'>
   <div class='ocr_carea' id='block_1_1' title="bbox 433 435 1268 480">
    <p class='ocr_par' dir='ltr' id='par_1_1' title="bbox 433 435 1268 480">
     <span class='ocr_line' id='line_1_1' title="bbox 433 435 1268 480; baseline -0.005 0"><span class='ocrx_word' id='word_1_1' title='bbox 433 441 514 480; x_wconf 80' lang='lat'>466</span> <span class='ocrx_word' id='word_1_2' title='bbox 935 435 1268 478; x_wconf 89' lang='lat' dir='ltr'><strong>ORATORIAE</strong></span> 
     </span>
    </p>
   </div>
   <div class='ocr_carea' id='block_1_2' title="bbox 433 547 1845 2908">
    <p class='ocr_par' dir='ltr' id='par_1_2' title="bbox 433 547 1845 2908">
     <span class='ocr_line' id='line_1_2' title="bbox 503 547 1774 615; baseline -0.005 -13"><span class='ocrx_word' id='word_1_3' title='bbox 503 550 696 601; x_wconf 77' lang='lat' dir='ltr'><strong>FILIUS.</strong></span> <span class='ocrx_word' id='word_1_4' title='bbox 763 548 989 614; x_wconf 86' lang='lat' dir='ltr'>Cognovi</span> <span class='ocrx_word' id='word_1_5' title='bbox 1032 549 1138 615; x_wconf 87' lang='lat' dir='ltr'>jam</span> <span class='ocrx_word' id='word_1_6' title='bbox 1172 547 1468 598; x_wconf 85' lang='lat' dir='ltr'><strong>laudationis</strong></span> <span class='ocrx_word' id='word_1_7' title='bbox 1506 554 1558 596; x_wconf 89' lang='lat' dir='ltr'>et</span> <span class='ocrx_word' id='word_1_8' title='bbox 1592 548 1774 597; x_wconf 87' lang='lat' dir='ltr'>suasio-</span> 
     </span>
     <span class='ocr_line' id='line_1_3' title="bbox 437 627 1773 694; baseline -0.003 -14"><span class='ocrx_word' id='word_1_9' title='bbox 437 631 514 680; x_wconf 90' lang='lat' dir='ltr'>nis</span> <span class='ocrx_word' id='word_1_10' title='bbox 551 630 704 678; x_wconf 86' lang='lat' dir='ltr'>locos.</span> <span class='ocrx_word' id='word_1_11' title='bbox 774 627 945 688; x_wconf 91' lang='lat' dir='ltr'>Nunc,</span> <span class='ocrx_word' id='word_1_12' title='bbox 993 646 1118 694; x_wconf 89' lang='lat' dir='ltr'>quae</span> <span class='ocrx_word' id='word_1_13' title='bbox 1151 628 1354 694; x_wconf 85' lang='lat' dir='ltr'>judiciis</span> <span class='ocrx_word' id='word_1_14' title='bbox 1396 627 1773 676; x_wconf 84' lang='lat' dir='ltr'>accommodata.</span> 
     </span>
     <span class='ocr_line' id='line_1_4' title="bbox 440 707 1776 774; baseline -0.003 -15"><span class='ocrx_word' id='word_1_15' title='bbox 440 717 570 766; x_wconf 92' lang='lat' dir='ltr'>sunt,</span> <span class='ocrx_word' id='word_1_16' title='bbox 598 714 810 774; x_wconf 83' lang='lat' dir='ltr'>expecto</span> <span class='ocrx_word' id='word_1_17' title='bbox 831 725 843 755; x_wconf 92' lang='lat'>:</span> <span class='ocrx_word' id='word_1_18' title='bbox 887 707 1038 772; x_wconf 89' lang='lat' dir='ltr'>idque</span> <span class='ocrx_word' id='word_1_19' title='bbox 1063 709 1205 758; x_wconf 92' lang='lat' dir='ltr'>nobis</span> <span class='ocrx_word' id='word_1_20' title='bbox 1228 724 1386 772; x_wconf 86' lang='lat' dir='ltr'>genus</span> <span class='ocrx_word' id='word_1_21' title='bbox 1410 715 1594 755; x_wconf 83' lang='lat' dir='ltr'>restare</span> <span class='ocrx_word' id='word_1_22' title='bbox 1617 723 1776 755; x_wconf 91' lang='lat' dir='ltr'>unum</span> 
     </span>
     <span class='ocr_line' id='line_1_5' title="bbox 437 786 1778 855; baseline -0.003 -17"><span class='ocrx_word' id='word_1_23' title='bbox 437 797 577 855; x_wconf 87' lang='lat' dir='ltr'>puto.</span> <span class='ocrx_word' id='word_1_24' title='bbox 671 789 859 837; x_wconf 82' lang='lat' dir='ltr'><strong>PATER.</strong></span> <span class='ocrx_word' id='word_1_25' title='bbox 923 789 1084 837; x_wconf 82' lang='lat' dir='ltr'>Recte</span> <span class='ocrx_word' id='word_1_26' title='bbox 1125 788 1380 852; x_wconf 85' lang='lat' dir='ltr'>intelligis.</span> <span class='ocrx_word' id='word_1_27' title='bbox 1454 788 1625 851; x_wconf 90' lang='lat' dir='ltr'>Atque</span> <span class='ocrx_word' id='word_1_28' title='bbox 1672 786 1778 851; x_wconf 83' lang='lat' dir='ltr'>ejus</span> 
     </span>
     <span class='ocr_line' id='line_1_6' title="bbox 439 867 1778 933; baseline -0.001 -17"><span class='ocrx_word' id='word_1_29' title='bbox 439 869 640 933; x_wconf 90' lang='lat' dir='ltr'>quidem</span> <span class='ocrx_word' id='word_1_30' title='bbox 681 868 876 932; x_wconf 85' lang='lat' dir='ltr'>generis</span> <span class='ocrx_word' id='word_1_31' title='bbox 916 867 1026 915; x_wconf 90' lang='lat' dir='ltr'>finis</span> <span class='ocrx_word' id='word_1_32' title='bbox 1064 875 1137 915; x_wconf 91' lang='lat' dir='ltr'>est</span> <span class='ocrx_word' id='word_1_33' title='bbox 1184 869 1440 931; x_wconf 45' lang='lat' dir='ltr'>aequitas,</span> <span class='ocrx_word' id='word_1_34' title='bbox 1503 884 1628 931; x_wconf 90' lang='lat' dir='ltr'>quae</span> <span class='ocrx_word' id='word_1_35' title='bbox 1675 883 1778 914; x_wconf 91' lang='lat' dir='ltr'>non</span> 
     </span>
     <span class='ocr_line' id='line_1_7' title="bbox 440 946 1779 1011; baseline 0 -18"><span class='ocrx_word' id='word_1_36' title='bbox 440 946 729 1011; x_wconf 88' lang='lat' dir='ltr'>simpliciter</span> <span class='ocrx_word' id='word_1_37' title='bbox 753 955 1023 1011; x_wconf 85' lang='lat' dir='ltr'>spectatur,</span> <span class='ocrx_word' id='word_1_38' title='bbox 1061 946 1148 994; x_wconf 89' lang='lat' dir='ltr'>sed</span> <span class='ocrx_word' id='word_1_39' title='bbox 1173 964 1237 994; x_wconf 86' lang='lat' dir='ltr'>ex</span> <span class='ocrx_word' id='word_1_40' title='bbox 1263 946 1631 1011; x_wconf 86' lang='lat' dir='ltr'>comparatione</span> <span class='ocrx_word' id='word_1_41' title='bbox 1655 962 1779 993; x_wconf 89' lang='lat' dir='ltr'>non-</span> 
     </span>
     <span class='ocr_line' id='line_1_8' title="bbox 439 1025 1780 1089; baseline 0.001 -17"><span class='ocrx_word' id='word_1_42' title='bbox 439 1041 693 1089; x_wconf 87' lang='lat' dir='ltr'>nunquam</span> <span class='ocrx_word' id='word_1_43' title='bbox 714 1043 726 1073; x_wconf 87' lang='lat'>:</span> <span class='ocrx_word' id='word_1_44' title='bbox 765 1033 839 1084; x_wconf 90' lang='lat' dir='ltr'>ut,</span> <span class='ocrx_word' id='word_1_45' title='bbox 866 1042 981 1073; x_wconf 89' lang='lat' dir='ltr'>cum</span> <span class='ocrx_word' id='word_1_46' title='bbox 1007 1025 1068 1073; x_wconf 93' lang='lat' dir='ltr'>de</span> <span class='ocrx_word' id='word_1_47' title='bbox 1092 1025 1345 1072; x_wconf 86' lang='lat' dir='ltr'>verissimo</span> <span class='ocrx_word' id='word_1_48' title='bbox 1371 1032 1658 1072; x_wconf 79' lang='lat' dir='ltr'>accusatore</span> <span class='ocrx_word' id='word_1_49' title='bbox 1684 1025 1780 1073; x_wconf 88' lang='lat' dir='ltr'>dis-</span> 
     </span>
     <span class='ocr_line' id='line_1_9' title="bbox 438 1102 1780 1169; baseline -0.001 -17"><span class='ocrx_word' id='word_1_50' title='bbox 438 1112 658 1169; x_wconf 90' lang='lat' dir='ltr'>putatur,</span> <span class='ocrx_word' id='word_1_51' title='bbox 697 1111 783 1151; x_wconf 87' lang='lat' dir='ltr'>aut</span> <span class='ocrx_word' id='word_1_52' title='bbox 808 1119 923 1151; x_wconf 89' lang='lat' dir='ltr'>cum</span> <span class='ocrx_word' id='word_1_53' title='bbox 946 1103 1236 1151; x_wconf 85' lang='lat' dir='ltr'>hereditatis</span> <span class='ocrx_word' id='word_1_54' title='bbox 1261 1103 1364 1150; x_wconf 89' lang='lat' dir='ltr'>sine</span> <span class='ocrx_word' id='word_1_55' title='bbox 1389 1102 1520 1166; x_wconf 85' lang='lat' dir='ltr'>lege,</span> <span class='ocrx_word' id='word_1_56' title='bbox 1563 1110 1650 1151; x_wconf 89' lang='lat' dir='ltr'>aut</span> <span class='ocrx_word' id='word_1_57' title='bbox 1673 1103 1780 1152; x_wconf 84' lang='lat' dir='ltr'>sine</span> 
     </span>
     <span class='ocr_line' id='line_1_10' title="bbox 439 1181 1782 1247; baseline -0.001 -16"><span class='ocrx_word' id='word_1_58' title='bbox 439 1189 739 1231; x_wconf 90' lang='lat' dir='ltr'>testamento</span> <span class='ocrx_word' id='word_1_59' title='bbox 776 1183 964 1247; x_wconf 89' lang='lat' dir='ltr'>petitur</span> <span class='ocrx_word' id='word_1_60' title='bbox 997 1182 1270 1246; x_wconf 85' lang='lat' dir='ltr'>possessio:</span> <span class='ocrx_word' id='word_1_61' title='bbox 1319 1181 1372 1227; x_wconf 92' lang='lat' dir='ltr'>in</span> <span class='ocrx_word' id='word_1_62' title='bbox 1407 1182 1585 1245; x_wconf 89' lang='lat' dir='ltr'>quibus</span> <span class='ocrx_word' id='word_1_63' title='bbox 1621 1183 1782 1230; x_wconf 88' lang='lat' dir='ltr'>causis</span> 
     </span>
     <span class='ocr_line' id='line_1_11' title="bbox 440 1259 1778 1326; baseline -0.001 -17"><span class='ocrx_word' id='word_1_64' title='bbox 440 1262 561 1326; x_wconf 87' lang='lat' dir='ltr'>quid</span> <span class='ocrx_word' id='word_1_65' title='bbox 606 1261 824 1326; x_wconf 90' lang='lat' dir='ltr'>aequius,</span> <span class='ocrx_word' id='word_1_66' title='bbox 887 1260 1298 1324; x_wconf 87' lang='lat' dir='ltr'>aequissimumve</span> <span class='ocrx_word' id='word_1_67' title='bbox 1352 1259 1432 1319; x_wconf 88' lang='lat' dir='ltr'>sit,</span> <span class='ocrx_word' id='word_1_68' title='bbox 1492 1260 1778 1325; x_wconf 82' lang='lat' dir='ltr'>quaeritur:</span> 
     </span>
     <span class='ocr_line' id='line_1_12' title="bbox 440 1339 1783 1405; baseline -0.001 -16"><span class='ocrx_word' id='word_1_69' title='bbox 440 1339 560 1405; x_wconf 87' lang='lat' dir='ltr'>quas</span> <span class='ocrx_word' id='word_1_70' title='bbox 602 1341 666 1390; x_wconf 89' lang='lat' dir='ltr'>ad</span> <span class='ocrx_word' id='word_1_71' title='bbox 709 1357 880 1389; x_wconf 83' lang='lat' dir='ltr'>causas</span> <span class='ocrx_word' id='word_1_72' title='bbox 920 1339 1131 1388; x_wconf 83' lang='lat' dir='ltr'>facultas</span> <span class='ocrx_word' id='word_1_73' title='bbox 1166 1339 1355 1404; x_wconf 88' lang='lat' dir='ltr'>petitur</span> <span class='ocrx_word' id='word_1_74' title='bbox 1396 1339 1783 1403; x_wconf 85' lang='lat' dir='ltr'>argumentatio-</span> 
     </span>
     <span class='ocr_line' id='line_1_13' title="bbox 439 1419 1782 1484; baseline -0.001 -16"><span class='ocrx_word' id='word_1_75' title='bbox 439 1436 559 1468; x_wconf 88' lang='lat' dir='ltr'>num</span> <span class='ocrx_word' id='word_1_76' title='bbox 602 1436 663 1469; x_wconf 86' lang='lat' dir='ltr'>ex</span> <span class='ocrx_word' id='word_1_77' title='bbox 705 1420 778 1477; x_wconf 86' lang='lat' dir='ltr'>iis,</span> <span class='ocrx_word' id='word_1_78' title='bbox 818 1420 880 1468; x_wconf 91' lang='lat' dir='ltr'>de</span> <span class='ocrx_word' id='word_1_79' title='bbox 923 1420 1100 1483; x_wconf 90' lang='lat' dir='ltr'>quibus</span> <span class='ocrx_word' id='word_1_80' title='bbox 1125 1435 1240 1467; x_wconf 83' lang='lat' dir='ltr'>mox</span> <span class='ocrx_word' id='word_1_81' title='bbox 1268 1419 1481 1478; x_wconf 82' lang='lat' dir='ltr'>dicetur,</span> <span class='ocrx_word' id='word_1_82' title='bbox 1518 1419 1782 1484; x_wconf 83' lang='lat' dir='ltr'>aequitatis</span> 
     </span>
     <span class='ocr_line' id='line_1_14' title="bbox 438 1497 1782 1564; baseline 0 -18"><span class='ocrx_word' id='word_1_83' title='bbox 438 1498 576 1548; x_wconf 90' lang='lat' dir='ltr'>locis.</span> <span class='ocrx_word' id='word_1_84' title='bbox 650 1498 820 1564; x_wconf 83' lang='lat' dir='ltr'>Atque</span> <span class='ocrx_word' id='word_1_85' title='bbox 846 1498 996 1547; x_wconf 88' lang='lat' dir='ltr'>etiam</span> <span class='ocrx_word' id='word_1_86' title='bbox 1022 1506 1136 1546; x_wconf 87' lang='lat' dir='ltr'>ante</span> <span class='ocrx_word' id='word_1_87' title='bbox 1166 1497 1416 1562; x_wconf 83' lang='lat' dir='ltr'>judicium</span> <span class='ocrx_word' id='word_1_88' title='bbox 1454 1497 1516 1547; x_wconf 88' lang='lat' dir='ltr'>de</span> <span class='ocrx_word' id='word_1_89' title='bbox 1542 1498 1782 1547; x_wconf 79' lang='lat' dir='ltr'>constitu-</span> 
     </span>
     <span class='ocr_line' id='line_1_15' title="bbox 441 1576 1780 1642; baseline 0 -16"><span class='ocrx_word' id='word_1_90' title='bbox 441 1577 571 1626; x_wconf 87' lang='lat' dir='ltr'>endo</span> <span class='ocrx_word' id='word_1_91' title='bbox 595 1578 701 1642; x_wconf 87' lang='lat' dir='ltr'>ipso</span> <span class='ocrx_word' id='word_1_92' title='bbox 718 1577 912 1641; x_wconf 86' lang='lat' dir='ltr'>judicio</span> <span class='ocrx_word' id='word_1_93' title='bbox 937 1576 1062 1625; x_wconf 90' lang='lat' dir='ltr'>solet</span> <span class='ocrx_word' id='word_1_94' title='bbox 1088 1593 1192 1624; x_wconf 89' lang='lat' dir='ltr'>esse</span> <span class='ocrx_word' id='word_1_95' title='bbox 1219 1576 1495 1636; x_wconf 89' lang='lat' dir='ltr'>contentio,</span> <span class='ocrx_word' id='word_1_96' title='bbox 1533 1594 1648 1625; x_wconf 90' lang='lat' dir='ltr'>cum</span> <span class='ocrx_word' id='word_1_97' title='bbox 1677 1585 1780 1636; x_wconf 73' lang='lat' dir='ltr'>aut,</span> 
     </span>
     <span class='ocr_line' id='line_1_16' title="bbox 441 1655 1845 1720; baseline 0.003 -16"><span class='ocrx_word' id='word_1_98' title='bbox 441 1657 568 1705; x_wconf 82' lang='lat' dir='ltr'>sitne</span> <span class='ocrx_word' id='word_1_99' title='bbox 593 1657 724 1705; x_wconf 89' lang='lat' dir='ltr'>actio</span> <span class='ocrx_word' id='word_1_100' title='bbox 748 1656 837 1715; x_wconf 89' lang='lat' dir='ltr'>illi,</span> <span class='ocrx_word' id='word_1_101' title='bbox 875 1657 957 1720; x_wconf 92' lang='lat' dir='ltr'>qui</span> <span class='ocrx_word' id='word_1_102' title='bbox 982 1656 1104 1720; x_wconf 81' lang='lat' dir='ltr'>agit,</span> <span class='ocrx_word' id='word_1_103' title='bbox 1131 1664 1216 1704; x_wconf 88' lang='lat' dir='ltr'>aut</span> <span class='ocrx_word' id='word_1_104' title='bbox 1231 1655 1403 1720; x_wconf 86' lang='lat' dir='ltr'>jamne</span> <span class='ocrx_word' id='word_1_105' title='bbox 1429 1657 1510 1715; x_wconf 91' lang='lat' dir='ltr'>sit,</span> <span class='ocrx_word' id='word_1_106' title='bbox 1548 1664 1635 1705; x_wconf 88' lang='lat' dir='ltr'>aut</span> <span class='ocrx_word' id='word_1_107' title='bbox 1657 1673 1781 1705; x_wconf 92' lang='lat' dir='ltr'>num</span> <span class='ocrx_word' id='word_1_108' title='bbox 1838 1702 1845 1709; x_wconf 86' lang='lat'>.</span> 
     </span>
     <span class='ocr_line' id='line_1_17' title="bbox 433 1735 1782 1800; baseline 0.001 -17"><span class='ocrx_word' id='word_1_109' title='bbox 433 1736 538 1800; x_wconf 86' lang='lat' dir='ltr'>jam</span> <span class='ocrx_word' id='word_1_110' title='bbox 575 1753 679 1784; x_wconf 88' lang='lat' dir='ltr'>esse</span> <span class='ocrx_word' id='word_1_111' title='bbox 716 1736 934 1795; x_wconf 81' lang='lat' dir='ltr'>desierit,</span> <span class='ocrx_word' id='word_1_112' title='bbox 973 1744 1059 1783; x_wconf 92' lang='lat' dir='ltr'>aut</span> <span class='ocrx_word' id='word_1_113' title='bbox 1096 1735 1244 1783; x_wconf 89' lang='lat' dir='ltr'>illane</span> <span class='ocrx_word' id='word_1_114' title='bbox 1279 1735 1411 1799; x_wconf 82' lang='lat' dir='ltr'>lege,</span> <span class='ocrx_word' id='word_1_115' title='bbox 1441 1735 1582 1784; x_wconf 87' lang='lat' dir='ltr'>hisne</span> <span class='ocrx_word' id='word_1_116' title='bbox 1619 1735 1782 1784; x_wconf 76' lang='lat' dir='ltr'>verbis</span> 
     </span>
     <span class='ocr_line' id='line_1_18' title="bbox 441 1815 1781 1879; baseline 0 -17"><span class='ocrx_word' id='word_1_117' title='bbox 441 1815 505 1862; x_wconf 81' lang='lat' dir='ltr'>sit</span> <span class='ocrx_word' id='word_1_118' title='bbox 541 1815 689 1874; x_wconf 89' lang='lat' dir='ltr'>actio,</span> <span class='ocrx_word' id='word_1_119' title='bbox 727 1815 992 1879; x_wconf 87' lang='lat' dir='ltr'>quaeritur.</span> <span class='ocrx_word' id='word_1_120' title='bbox 1073 1816 1216 1872; x_wconf 83' lang='lat' dir='ltr'>Quae</span> <span class='ocrx_word' id='word_1_121' title='bbox 1253 1815 1444 1863; x_wconf 89' lang='lat' dir='ltr'>etiamsi</span> <span class='ocrx_word' id='word_1_122' title='bbox 1478 1822 1593 1862; x_wconf 88' lang='lat' dir='ltr'>ante</span> <span class='ocrx_word' id='word_1_123' title='bbox 1632 1830 1781 1879; x_wconf 89' lang='lat' dir='ltr'>quam</span> 
     </span>
     <span class='ocr_line' id='line_1_19' title="bbox 440 1892 1782 1958; baseline 0 -17"><span class='ocrx_word' id='word_1_124' title='bbox 440 1909 518 1942; x_wconf 84' lang='lat' dir='ltr'>res</span> <span class='ocrx_word' id='word_1_125' title='bbox 541 1894 592 1941; x_wconf 90' lang='lat' dir='ltr'>in</span> <span class='ocrx_word' id='word_1_126' title='bbox 609 1893 856 1958; x_wconf 89' lang='lat' dir='ltr'>judicium</span> <span class='ocrx_word' id='word_1_127' title='bbox 892 1893 1048 1952; x_wconf 87' lang='lat' dir='ltr'>venit,</span> <span class='ocrx_word' id='word_1_128' title='bbox 1090 1901 1176 1942; x_wconf 89' lang='lat' dir='ltr'>aut</span> <span class='ocrx_word' id='word_1_129' title='bbox 1201 1901 1503 1949; x_wconf 85' lang='lat' dir='ltr'>concertata,</span> <span class='ocrx_word' id='word_1_130' title='bbox 1547 1900 1634 1941; x_wconf 92' lang='lat' dir='ltr'>aut</span> <span class='ocrx_word' id='word_1_131' title='bbox 1658 1892 1782 1957; x_wconf 88' lang='lat' dir='ltr'>diju-</span> 
     </span>
     <span class='ocr_line' id='line_1_20' title="bbox 442 1971 1784 2037; baseline 0 -17"><span class='ocrx_word' id='word_1_132' title='bbox 442 1973 624 2034; x_wconf 89' lang='lat' dir='ltr'>dicata,</span> <span class='ocrx_word' id='word_1_133' title='bbox 677 1981 764 2022; x_wconf 85' lang='lat' dir='ltr'>aut</span> <span class='ocrx_word' id='word_1_134' title='bbox 799 1972 1030 2023; x_wconf 89' lang='lat' dir='ltr'>confecta</span> <span class='ocrx_word' id='word_1_135' title='bbox 1065 1981 1211 2033; x_wconf 84' lang='lat' dir='ltr'>sunt3</span> <span class='ocrx_word' id='word_1_136' title='bbox 1264 1980 1433 2021; x_wconf 89' lang='lat' dir='ltr'>tamen</span> <span class='ocrx_word' id='word_1_137' title='bbox 1467 1972 1520 2019; x_wconf 90' lang='lat' dir='ltr'>in</span> <span class='ocrx_word' id='word_1_138' title='bbox 1560 1971 1676 2037; x_wconf 88' lang='lat' dir='ltr'>ipsis</span> <span class='ocrx_word' id='word_1_139' title='bbox 1703 1971 1784 2037; x_wconf 84' lang='lat' dir='ltr'>ju·-</span> 
     </span>
     <span class='ocr_line' id='line_1_21' title="bbox 443 2051 1781 2118; baseline 0.001 -20"><span class='ocrx_word' id='word_1_140' title='bbox 443 2051 585 2101; x_wconf 90' lang='lat' dir='ltr'>diciis</span> <span class='ocrx_word' id='word_1_141' title='bbox 633 2069 960 2118; x_wconf 83' lang='lat' dir='ltr'>permagnum</span> <span class='ocrx_word' id='word_1_142' title='bbox 996 2069 1142 2117; x_wconf 90' lang='lat' dir='ltr'>saepe</span> <span class='ocrx_word' id='word_1_143' title='bbox 1189 2052 1376 2101; x_wconf 88' lang='lat' dir='ltr'>habent</span> <span class='ocrx_word' id='word_1_144' title='bbox 1414 2051 1628 2117; x_wconf 91' lang='lat' dir='ltr'>pondus,</span> <span class='ocrx_word' id='word_1_145' title='bbox 1665 2067 1781 2100; x_wconf 90' lang='lat' dir='ltr'>cum</span> 
     </span>
     <span class='ocr_line' id='line_1_22' title="bbox 442 2129 1783 2199; baseline 0.001 -21"><span class='ocrx_word' id='word_1_146' title='bbox 442 2130 513 2179; x_wconf 88' lang='lat' dir='ltr'>ita</span> <span class='ocrx_word' id='word_1_147' title='bbox 547 2131 759 2180; x_wconf 86' lang='lat' dir='ltr'>dicitur:</span> <span class='ocrx_word' id='word_1_148' title='bbox 797 2131 908 2199; x_wconf 89' lang='lat' dir='ltr'>plus</span> <span class='ocrx_word' id='word_1_149' title='bbox 943 2131 1145 2197; x_wconf 89' lang='lat' dir='ltr'>petisti:</span> <span class='ocrx_word' id='word_1_150' title='bbox 1185 2148 1293 2180; x_wconf 88' lang='lat' dir='ltr'>sero</span> <span class='ocrx_word' id='word_1_151' title='bbox 1317 2131 1523 2196; x_wconf 86' lang='lat' dir='ltr'>petisti:</span> <span class='ocrx_word' id='word_1_152' title='bbox 1561 2146 1662 2178; x_wconf 92' lang='lat' dir='ltr'>non</span> <span class='ocrx_word' id='word_1_153' title='bbox 1685 2129 1783 2179; x_wconf 77' lang='lat' dir='ltr'>fuit</span> 
     </span>
     <span class='ocr_line' id='line_1_23' title="bbox 442 2208 1783 2274; baseline 0.001 -17"><span class='ocrx_word' id='word_1_154' title='bbox 442 2217 530 2257; x_wconf 90' lang='lat' dir='ltr'>tua</span> <span class='ocrx_word' id='word_1_155' title='bbox 565 2210 775 2274; x_wconf 86' lang='lat' dir='ltr'>petitio:</span> <span class='ocrx_word' id='word_1_156' title='bbox 812 2227 913 2258; x_wconf 94' lang='lat' dir='ltr'>non</span> <span class='ocrx_word' id='word_1_157' title='bbox 955 2227 984 2258; x_wconf 89' lang='lat' dir='ltr'>a</span> <span class='ocrx_word' id='word_1_158' title='bbox 1018 2226 1118 2269; x_wconf 88' lang='lat' dir='ltr'>me,</span> <span class='ocrx_word' id='word_1_159' title='bbox 1155 2225 1255 2257; x_wconf 92' lang='lat' dir='ltr'>non</span> <span class='ocrx_word' id='word_1_160' title='bbox 1280 2209 1374 2257; x_wconf 89' lang='lat' dir='ltr'>hac</span> <span class='ocrx_word' id='word_1_161' title='bbox 1410 2208 1538 2274; x_wconf 86' lang='lat' dir='ltr'>lege,</span> <span class='ocrx_word' id='word_1_162' title='bbox 1582 2225 1683 2257; x_wconf 92' lang='lat' dir='ltr'>non</span> <span class='ocrx_word' id='word_1_163' title='bbox 1706 2208 1783 2258; x_wconf 84' lang='lat' dir='ltr'>his</span> 
     </span>
     <span class='ocr_line' id='line_1_24' title="bbox 443 2288 1783 2354; baseline 0.001 -18"><span class='ocrx_word' id='word_1_164' title='bbox 443 2288 625 2347; x_wconf 87' lang='lat' dir='ltr'>verbis,</span> <span class='ocrx_word' id='word_1_165' title='bbox 665 2304 766 2336; x_wconf 91' lang='lat' dir='ltr'>non</span> <span class='ocrx_word' id='word_1_166' title='bbox 811 2289 908 2337; x_wconf 93' lang='lat' dir='ltr'>hoc</span> <span class='ocrx_word' id='word_1_167' title='bbox 946 2288 1156 2354; x_wconf 86' lang='lat' dir='ltr'>judicio.</span> <span class='ocrx_word' id='word_1_168' title='bbox 1252 2289 1476 2346; x_wconf 83' lang='lat' dir='ltr'>Quarum</span> <span class='ocrx_word' id='word_1_169' title='bbox 1524 2305 1783 2337; x_wconf 88' lang='lat' dir='ltr'>causarum</span> 
     </span>
     <span class='ocr_line' id='line_1_25' title="bbox 444 2367 1785 2432; baseline 0.001 -18"><span class='ocrx_word' id='word_1_170' title='bbox 444 2383 604 2431; x_wconf 86' lang='lat' dir='ltr'>genus</span> <span class='ocrx_word' id='word_1_171' title='bbox 641 2375 716 2416; x_wconf 87' lang='lat' dir='ltr'>est</span> <span class='ocrx_word' id='word_1_172' title='bbox 751 2368 969 2432; x_wconf 90' lang='lat' dir='ltr'>positum</span> <span class='ocrx_word' id='word_1_173' title='bbox 1004 2369 1055 2415; x_wconf 87' lang='lat' dir='ltr'>in</span> <span class='ocrx_word' id='word_1_174' title='bbox 1088 2367 1202 2432; x_wconf 87' lang='lat' dir='ltr'>jure</span> <span class='ocrx_word' id='word_1_175' title='bbox 1239 2367 1404 2416; x_wconf 87' lang='lat' dir='ltr'>civili:</span> <span class='ocrx_word' id='word_1_176' title='bbox 1454 2369 1588 2432; x_wconf 90' lang='lat' dir='ltr'>quod</span> <span class='ocrx_word' id='word_1_177' title='bbox 1624 2375 1699 2416; x_wconf 88' lang='lat' dir='ltr'>est</span> <span class='ocrx_word' id='word_1_178' title='bbox 1731 2368 1785 2416; x_wconf 89' lang='lat' dir='ltr'>in</span> 
     </span>
     <span class='ocr_line' id='line_1_26' title="bbox 444 2445 1786 2512; baseline 0.002 -19"><span class='ocrx_word' id='word_1_179' title='bbox 444 2445 745 2510; x_wconf 83' lang='lat' dir='ltr'>privatarum</span> <span class='ocrx_word' id='word_1_180' title='bbox 770 2463 828 2494; x_wconf 91' lang='lat' dir='ltr'>ac</span> <span class='ocrx_word' id='word_1_181' title='bbox 851 2446 1162 2512; x_wconf 86' lang='lat' dir='ltr'>publicarum</span> <span class='ocrx_word' id='word_1_182' title='bbox 1186 2462 1350 2494; x_wconf 86' lang='lat' dir='ltr'>rerum</span> <span class='ocrx_word' id='word_1_183' title='bbox 1374 2445 1505 2511; x_wconf 84' lang='lat' dir='ltr'>lege,</span> <span class='ocrx_word' id='word_1_184' title='bbox 1537 2455 1624 2495; x_wconf 88' lang='lat' dir='ltr'>aut</span> <span class='ocrx_word' id='word_1_185' title='bbox 1647 2464 1786 2497; x_wconf 88' lang='lat' dir='ltr'>more</span> 
     </span>
     <span class='ocr_line' id='line_1_27' title="bbox 447 2525 1785 2591; baseline 0.002 -18"><span class='ocrx_word' id='word_1_186' title='bbox 447 2525 693 2589; x_wconf 82' lang='lat' dir='ltr'>positum3</span> <span class='ocrx_word' id='word_1_187' title='bbox 741 2525 880 2590; x_wconf 88' lang='lat' dir='ltr'>cujus</span> <span class='ocrx_word' id='word_1_188' title='bbox 921 2526 1128 2575; x_wconf 85' lang='lat' dir='ltr'>scientia</span> <span class='ocrx_word' id='word_1_189' title='bbox 1169 2526 1400 2591; x_wconf 84' lang='lat' dir='ltr'>neglecta</span> <span class='ocrx_word' id='word_1_190' title='bbox 1423 2528 1484 2575; x_wconf 90' lang='lat' dir='ltr'>ab</span> <span class='ocrx_word' id='word_1_191' title='bbox 1510 2526 1785 2576; x_wconf 86' lang='lat' dir='ltr'>oratoribus</span> 
     </span>
     <span class='ocr_line' id='line_1_28' title="bbox 447 2603 1785 2669; baseline 0.002 -18"><span class='ocrx_word' id='word_1_192' title='bbox 447 2603 709 2669; x_wconf 87' lang='lat' dir='ltr'>plerisque,</span> <span class='ocrx_word' id='word_1_193' title='bbox 747 2605 888 2654; x_wconf 91' lang='lat' dir='ltr'>nobis</span> <span class='ocrx_word' id='word_1_194' title='bbox 926 2606 991 2654; x_wconf 89' lang='lat' dir='ltr'>ad</span> <span class='ocrx_word' id='word_1_195' title='bbox 1028 2606 1298 2654; x_wconf 89' lang='lat' dir='ltr'>dicendum</span> <span class='ocrx_word' id='word_1_196' title='bbox 1339 2606 1616 2654; x_wconf 85' lang='lat' dir='ltr'>necessaria</span> <span class='ocrx_word' id='word_1_197' title='bbox 1649 2605 1785 2654; x_wconf 88' lang='lat' dir='ltr'>vide-</span> 
     </span>
     <span class='ocr_line' id='line_1_29' title="bbox 448 2683 1787 2743; baseline 0.002 -14"><span class='ocrx_word' id='word_1_198' title='bbox 448 2688 546 2730; x_wconf 87' lang='lat' dir='ltr'>tur.</span> <span class='ocrx_word' id='word_1_199' title='bbox 617 2683 784 2740; x_wconf 82' lang='lat' dir='ltr'>Quare</span> <span class='ocrx_word' id='word_1_200' title='bbox 823 2683 885 2732; x_wconf 89' lang='lat' dir='ltr'>de</span> <span class='ocrx_word' id='word_1_201' title='bbox 924 2683 1284 2732; x_wconf 87' lang='lat' dir='ltr'>constituendis</span> <span class='ocrx_word' id='word_1_202' title='bbox 1322 2684 1619 2743; x_wconf 87' lang='lat' dir='ltr'>actionibus,</span> <span class='ocrx_word' id='word_1_203' title='bbox 1656 2683 1787 2732; x_wconf 88' lang='lat' dir='ltr'>acci-</span> 
     </span>
     <span class='ocr_line' id='line_1_30' title="bbox 450 2760 1784 2828; baseline 0.002 -21"><span class='ocrx_word' id='word_1_204' title='bbox 450 2760 644 2824; x_wconf 86' lang='lat' dir='ltr'>piendis</span> <span class='ocrx_word' id='word_1_205' title='bbox 685 2762 1060 2828; x_wconf 87' lang='lat' dir='ltr'>subeundisque</span> <span class='ocrx_word' id='word_1_206' title='bbox 1107 2762 1330 2828; x_wconf 82' lang='lat' dir='ltr'>judiciis,</span> <span class='ocrx_word' id='word_1_207' title='bbox 1384 2762 1446 2811; x_wconf 91' lang='lat' dir='ltr'>de</span> <span class='ocrx_word' id='word_1_208' title='bbox 1489 2761 1784 2827; x_wconf 81' lang='lat' dir='ltr'>excipienda</span> 
     </span>
     <span class='ocr_line' id='line_1_31' title="bbox 450 2839 1782 2908; baseline -0.002 -17"><span class='ocrx_word' id='word_1_209' title='bbox 450 2839 710 2906; x_wconf 83' lang='lat' dir='ltr'>iniquitate</span> <span class='ocrx_word' id='word_1_210' title='bbox 751 2842 978 2904; x_wconf 84' lang='lat' dir='ltr'>actionis,</span> <span class='ocrx_word' id='word_1_211' title='bbox 1036 2842 1098 2893; x_wconf 89' lang='lat' dir='ltr'>de</span> <span class='ocrx_word' id='word_1_212' title='bbox 1139 2842 1471 2908; x_wconf 82' lang='lat' dir='ltr'>comparanda</span> <span class='ocrx_word' id='word_1_213' title='bbox 1516 2841 1782 2907; x_wconf 82' lang='lat' dir='ltr'>aequitate,</span> 
     </span>
    </p>
   </div>
   <div class='ocr_carea' id='block_1_3' title="bbox 1950 166 2071 3508">
    <p class='ocr_par' dir='ltr' id='par_1_3' title="bbox 1950 166 2071 3508">
     <span class='ocr_line' id='line_1_32' title="bbox 1950 166 2071 3508; baseline 0 0"><span class='ocrx_word' id='word_1_214' title='bbox 1950 166 2071 3508; x_wconf 95' lang='lat' dir='ltr'> </span> 
     </span>
    </p>
   </div>
  </div>
 </body>
</html>
