2071 3508
762 399 930 438 LIBER
959 398 1184 437 PRIMUS.
1587 403 1636 440 37

305 511 473 558 donari
515 511 574 557 ab
614 515 718 556 arte
759 523 859 555 non
897 514 1105 571 possunt
1129 506 1324 554 omnia:
1365 514 1479 554 sunt
1505 508 1635 555 eni-in

303 588 384 636 illa
408 588 537 635 dona
560 586 789 647 naturae)
822 586 941 650 quid
965 586 1028 633 de
1053 584 1146 632 illis
1173 585 1322 640 dicet,
1351 602 1476 648 quae
1502 596 1637 634 certe

303 683 415 713 cum
457 667 563 730 ipso
601 665 800 714 homine
841 673 1113 713 nascuntur
1134 664 1150 711 ?
1198 663 1397 727 linguae
1441 664 1637 724 solutio,

301 744 435 792 vocis
459 762 624 804 sonus,
649 745 817 801 latera,
857 744 1004 803 vires,
1041 742 1370 791 conformatio
1395 743 1638 807 quaedam

300 830 351 869 et
385 822 542 887 figura
576 825 729 873 totius
765 823 861 872 oris
897 831 948 871 et
990 822 1240 887 corporis?
1312 821 1489 886 Neque
1514 823 1765 873 haeell5.

295 900 369 948 ita
394 902 525 962 dico,
567 911 624 951 ut
665 919 740 950 ars
776 902 962 966 aliquid
985 901 1155 949 limare
1181 917 1280 948 non
1304 902 1491 965 possit:
1531 906 1639 966 (ne-

301 997 396 1043 que
421 981 552 1029 enim
578 983 768 1047 ignoro,
808 989 877 1040 et,
913 998 1039 1046 quae
1069 982 1200 1029 bona
1225 980 1340 1038 sint,
1377 979 1481 1027 fieri
1505 981 1640 1029 melia

301 1076 386 1108 ora
426 1078 569 1125 posse
609 1061 856 1120 doctrina,
891 1069 941 1109 et
967 1078 1091 1125 quae
1117 1077 1219 1108 non
1245 1060 1451 1124 optima,
1477 1060 1641 1124 aliquo

300 1141 450 1188 modo
475 1141 586 1189 acui
611 1149 779 1189 tamen
811 1149 862 1189 et
886 1141 1067 1205 corrigi
1090 1139 1258 1204 posse)
1285 1139 1373 1187 sed
1398 1149 1512 1187 sunt
1537 1141 1642 1204 qui-

301 1218 414 1267 dam
456 1229 542 1269 aut
576 1222 646 1270 ita
668 1221 839 1285 lingua
863 1221 1181 1278 haesitantes,
1207 1228 1292 1268 aut
1316 1220 1383 1267 ita
1409 1236 1532 1267 voce
1559 1219 1640 1266 ab·

301 1300 427 1358 soni,
452 1309 538 1348 aut
561 1301 630 1348 ita
645 1301 806 1359 vultu,
822 1308 1059 1364 motuque
1080 1301 1317 1363 corporis,
1341 1300 1465 1346 vasti
1491 1307 1640 1362 atque

304 1388 536 1442 agrestes,
564 1388 634 1436 ut,
663 1381 855 1428 etiamsi
881 1380 1093 1444 ingeniis
1119 1387 1267 1442 atque
1294 1386 1398 1425 arte
1424 1377 1640 1435 valeant,

303 1465 470 1506 tamen
507 1460 558 1505 in
597 1467 845 1506 oratorum
889 1474 1150 1505 numerum
1188 1457 1357 1504 venire
1395 1472 1496 1503 non
1532 1472 1641 1519 pos-

303 1537 415 1585 sint.
488 1537 613 1585 Sunt
647 1545 814 1585 autem
847 1537 1047 1601 quidam
1084 1537 1153 1583 ita
1190 1536 1241 1582 in
1283 1535 1458 1583 iisdem
1495 1535 1641 1582 rebus

302 1616 507 1675 habiles,
532 1617 600 1664 ita
625 1624 830 1664 naturae
850 1616 1137 1663 muneribus
1157 1614 1335 1672 ornati,
1351 1622 1407 1661 ut
1433 1630 1532 1661 non
1558 1629 1641 1660 na-

300 1696 354 1752 ti,
382 1695 470 1744 sed
493 1697 553 1743 ab
579 1695 743 1760 aliquo
769 1695 863 1743 deo
886 1693 990 1742 fieti
1016 1710 1120 1741 esse
1145 1693 1423 1741 videantur.
1497 1692 1557 1740 M
1560 1710 1642 1757 ag·
1663 1698 1768 1739 116.

300 1792 419 1823 num
445 1774 695 1840 quoddam
735 1783 809 1823 est
847 1790 971 1822 onus
996 1782 1144 1837 atque
1170 1789 1368 1831 munus,
1393 1773 1641 1837 suscipere

300 1862 449 1919 atque
496 1854 730 1919 profiteri,
792 1871 842 1902 se
898 1871 1021 1912 esse,
1080 1853 1308 1901 omnibus
1367 1851 1639 1909 silentibus,

303 1951 476 1992 unum,
513 1934 738 1981 maximis
781 1934 843 1981 de
879 1935 1044 1991 rebus,
1083 1949 1264 1995 magno
1300 1932 1352 1978 in
1390 1941 1641 1979 conventu

300 2012 577 2071 hominum,
603 2012 922 2060 audiendum.
996 2011 1158 2059 Adest
1183 2011 1314 2059 enim
1346 2009 1450 2057 fere
1475 2027 1641 2070 nemo,

305 2091 423 2154 quin
449 2092 643 2139 acutius
668 2099 816 2155 atque
842 2091 1002 2139 acrius
1026 2091 1147 2138 vitia
1172 2090 1221 2136 in
1248 2090 1467 2148 dicente,
1494 2107 1641 2153 quam

303 2179 439 2218 recta
464 2171 644 2218 videat.
717 2171 795 2218 Ita
820 2170 1059 2235 quicquid
1094 2177 1186 2228 est,
1227 2170 1279 2216 in
1316 2186 1413 2232 quo
1439 2168 1642 2217 offendi-

302 2258 398 2307 tur,
442 2251 493 2297 id
535 2251 684 2298 etiam
720 2250 816 2306 illa,
856 2267 981 2314 quae
1017 2249 1267 2297 laudanda.
1290 2257 1424 2307 sunt,
1460 2248 1639 2296 obruit.

303 2328 482 2394 Neque
516 2330 639 2378 haec
681 2330 731 2377 in
775 2347 883 2377 eam
909 2330 1205 2378 sententiam
1234 2329 1451 2392 disputo,
1477 2336 1532 2375 ut
1557 2327 1638 2375 ho-
1662 2332 1767 2375 117.

302 2410 460 2457 mines
485 2410 841 2465 adolescenteS‚
884 2410 922 2457 si
964 2409 1083 2473 quid
1123 2407 1346 2456 naturale
1375 2406 1502 2454 forte
1539 2423 1641 2454 non

303 2489 532 2545 habeant,
576 2491 778 2537 omnino
820 2507 849 2538 a
895 2489 1095 2537 dicendi
1139 2488 1302 2536 studio
1345 2487 1638 2534 deterream.

307 2570 432 2626 Quis
458 2569 589 2616 enim
614 2585 714 2616 non
751 2569 906 2627 videt,
945 2569 1001 2616 C.
1041 2568 1228 2624 Coelio,
1278 2565 1470 2630 aequali
1510 2582 1640 2623 meo,

305 2664 486 2711 magno
510 2646 683 2694 honori
709 2647 878 2706 fuisse,
915 2647 1101 2694 homini
1127 2663 1270 2702 novo,
1308 2645 1441 2693 illam
1468 2645 1637 2708 ipsam,

305 2741 653 2790 quamcunque
679 2725 870 2789 assequi
894 2725 1127 2789 potuerit,
1171 2724 1221 2770 in
1247 2722 1462 2772 dicendo
1487 2722 1641 2769 medi-

304 2804 565 2852 ocritatem
587 2803 603 2851 ?
653 2804 777 2861 Quis
818 2811 1037 2851 vestrum
1073 2802 1348 2866 aequalem,
1392 2802 1454 2859 Q.
1500 2801 1639 2849 Vari-

305 2899 404 2939 um,
432 2890 624 2932 vastum
651 2881 901 2932 hominem
921 2889 1069 2947 atque
1089 2880 1312 2939 foedum,
1337 2897 1437 2930 non
1462 2878 1640 2929 intelli-

1221 2976 1249 3008 C
1273 2969 1301 3006 3
