2071 3508
748 388 915 429 LIBER
943 387 1168 429 PRIMUS.
1577 395 1628 436 77

296 501 401 550 nios
419 499 681 557 attulisses,
700 514 800 546 non
821 506 1004 557 uterer,
1024 498 1246 562 quamvis
1263 506 1428 547 essent
1443 500 1630 551 habiles

294 590 346 630 et
385 580 486 645 apti
527 577 590 626 ad
626 577 824 642 pedem,
861 577 975 642 quia
1010 593 1110 625 non
1136 585 1300 625 essent
1324 578 1519 639 viriles3
1561 582 1630 628 sie

294 660 425 708 illam
451 657 722 706 orationem
759 657 992 705 disertam
1019 657 1109 705 sibi
1136 665 1185 705 et
1210 657 1472 705 oratoriam
1497 658 1632 706 vide-

294 739 351 798 ri,
375 737 556 785 fortem
581 744 632 785 et
654 736 844 784 virilem
871 753 970 784 non
994 736 1166 785 videri.
1240 737 1374 802 Ergo
1406 737 1487 785 ille
1514 754 1633 802 quo-

293 834 389 881 que
415 817 676 865 damnatus
702 823 810 876 est3
854 832 1016 880 neque
1053 816 1210 864 solum
1242 817 1412 881 primis
1438 825 1633 866 senten-

292 896 392 955 tiis,
434 896 612 960 quibus
648 903 846 944 tantum
877 897 1165 944 statuebant
1180 896 1397 960 judiceS,
1435 896 1636 944 damna-

294 983 405 1024 rent
428 992 490 1024 an
516 974 846 1034 absolverent,
884 975 972 1024 sed
997 975 1145 1023 etiam
1171 975 1283 1034 illis,
1310 992 1429 1039 quas
1454 976 1634 1024 iterum

290 1054 483 1120 legibus
506 1054 635 1102 ferre
661 1055 926 1103 debebant.
987 1055 1108 1101 Erat
1133 1054 1264 1102 enim
1291 1054 1526 1114 Athenis,
1550 1072 1637 1103 reo

294 1133 546 1193 damnato,
571 1133 610 1181 si
633 1133 765 1181 fraus
792 1132 1014 1198 capitalis
1045 1149 1145 1180 non
1172 1141 1320 1192 esset,
1359 1134 1496 1197 quasi
1519 1151 1635 1198 poe·
1692 1141 1708 1175 ἰ
1760 1161 1764 1170 ·

296 1229 386 1261 nae
411 1212 720 1261 aestimatio:
760 1210 827 1258 Et
862 1211 1110 1259 sententia
1141 1228 1254 1259 cum
1270 1211 1526 1276 judicibus
1554 1213 1762 1262 da-232⁹

295 1299 448 1352 retur,
471 1291 870 1355 interrogabatur
889 1306 1018 1349 reus,
1045 1307 1190 1354 quam
1217 1291 1355 1354 quasi
1371 1293 1636 1341 aestimati-

297 1387 443 1419 onem
464 1369 812 1419 commeruisse
829 1386 880 1418 se
897 1370 1112 1417 maxime
1130 1368 1472 1418 confiteretur:
1502 1371 1637 1434 quod

297 1467 411 1498 cum
435 1450 768 1514 interrogatus
793 1449 1020 1497 Socrates
1046 1457 1192 1509 esset,
1218 1449 1492 1514 respondit,
1518 1450 1636 1500 Sese

297 1528 550 1587 meruisse,
586 1536 644 1576 ut
679 1527 990 1591 amplissimis
1015 1527 1283 1577 honoribus
1320 1536 1371 1577 et
1404 1530 1636 1594 praemiis

296 1607 634 1665 decoraretur,
659 1613 710 1654 et
727 1613 785 1654 ut
801 1606 846 1654 ei
870 1606 1031 1656 victus
1052 1607 1369 1672 quotidianus
1393 1609 1445 1656 in
1467 1610 1637 1676 Pryta-

294 1703 390 1735 neo
413 1685 613 1751 publice
637 1686 990 1749 praeberetur:
1031 1688 1114 1751 qui
1139 1687 1296 1736 honos
1322 1689 1455 1753 apud
1479 1690 1636 1740 Grae-

295 1782 378 1814 cos
401 1765 646 1814 maximus
664 1764 891 1814 habetur.
930 1765 1084 1831 Cujus
1102 1783 1337 1832 responso
1356 1768 1425 1817 sic
1436 1768 1636 1834 judices
1652 1778 1767 1819 233.

295 1852 599 1901 exarserunt,
625 1852 684 1892 ut
709 1844 883 1909 capitis
899 1845 1153 1894 hominem
1172 1847 1636 1899 innocentissimum

296 1924 720 1984 condemnarent;
766 1924 850 1988 qui
892 1924 1094 1990 quidem
1136 1927 1174 1974 si
1211 1926 1464 1976 absolutus
1489 1939 1637 1991 esset,

297 2003 457 2069 (quod
493 2001 779 2051 mehercule
820 2002 1011 2051 etiamsi
1047 2003 1170 2052 nihil
1194 2005 1258 2053 ad
1281 2021 1372 2054 nos
1400 2008 1636 2071 pertinet,

295 2090 464 2131 tamen
504 2090 707 2147 propter
748 2080 852 2146 ejus
884 2082 1072 2146 ingenii
1107 2084 1504 2149 magnitudinem
1538 2088 1639 2136 vel-

296 2160 420 2223 lem)
447 2177 662 2225 quonam
693 2160 844 2208 modo
878 2161 997 2209 istos
1032 2162 1351 2228 philosophos
1375 2163 1505 2215 ferre
1528 2184 1639 2231 pos-

298 2257 479 2300 semus,
522 2240 606 2305 qui
642 2256 779 2289 nunc
817 2257 931 2289 cum
955 2240 1039 2290 ille
1065 2241 1326 2292 damnatus
1352 2253 1427 2293 est
1450 2245 1636 2294 nullam

297 2319 442 2368 aliam
467 2321 530 2368 ob
557 2318 770 2384 culpam,
808 2319 902 2368 nisi
932 2328 1136 2386 propter
1161 2322 1363 2372 dicendi
1387 2325 1640 2374 inscienti-

297 2415 392 2456 am,
430 2406 599 2448 tamen
635 2415 664 2446 a
703 2415 755 2447 se
791 2407 1019 2464 oportere
1045 2401 1220 2450 dicunt
1242 2403 1347 2467 peti
1371 2413 1640 2470 praecepta

300 2477 539 2527 dicendi?
578 2477 892 2536 Quibuscum
919 2495 1013 2544 ego
1038 2497 1138 2529 non
1169 2499 1359 2546 pugno,
1384 2491 1552 2531 utrum
1577 2484 1640 2532 sit

300 2557 494 2617 melius,
537 2565 624 2606 aut
657 2558 820 2606 verius
838 2578 851 2619 ;
891 2566 1086 2607 tantum
1112 2560 1246 2620 dico,
1283 2569 1334 2610 et
1358 2561 1492 2610 aliud
1516 2562 1640 2610 illud

302 2653 406 2684 esse
445 2643 593 2700 atque
634 2636 750 2696 hoc,
790 2645 841 2686 et
880 2637 977 2686 hoc
1013 2638 1116 2686 sine
1152 2638 1237 2687 illo
1261 2657 1507 2688 summum
1534 2658 1640 2689 esse

300 2731 460 2780 posse.

371 2796 501 2843 Nam
527 2796 662 2861 quod
678 2796 761 2861 jus
787 2796 950 2856 civile,
977 2797 1165 2854 Crasse,
1193 2805 1295 2846 tam
1319 2800 1642 2851 vehementer
1658 2797 1763 2855 55.

306 2875 563 2940 amplexus
590 2892 660 2935 es,
683 2875 830 2925 video
862 2876 982 2941 quid
1012 2877 1170 2942 egeris
1192 2895 1203 2926 :
1242 2886 1368 2939 tum,
1394 2897 1545 2946 quum
1572 2882 1641 2931 di.
1658 2890 1770 2929 234.
