2071 3508
646 384 814 423 LIBER
844 382 1094 424 TERTIUS.
1463 391 1539 431 271

216 492 340 551 Quis
364 492 556 540 doctior
591 491 763 538 iisdem
804 490 897 538 illis
936 491 1259 554 temporibus,
1296 501 1380 541 aut
1405 496 1543 559 cujus

214 571 493 636 eloquentia
508 569 659 616 literis
675 568 961 616 instructior
980 568 1130 617 fuisse
1151 570 1379 629 traditur,
1399 590 1544 635 qnam

213 650 487 699 Pisistrati?
524 650 607 713 qui
642 649 827 713 primus
867 649 1075 697 Homeri
1111 649 1277 708 libros,
1314 651 1544 701 confusos

211 737 374 786 antea,
398 728 467 776 sic
493 728 786 793 disposuisse
812 728 1007 785 dicitur,
1041 736 1097 776 ut
1133 745 1264 776 nunc
1292 729 1542 780 habemus.

211 807 326 856 Non
351 808 446 857 fuit
470 809 551 857 ille
577 809 777 874 quidem
804 809 992 857 civibus
1029 809 1126 856 suis
1158 809 1290 856 utilis
1312 830 1325 868 ;
1365 810 1451 858 sed
1478 811 1544 859 ita

208 886 491 950 eloquentia
531 888 715 946 floruit,
755 896 811 936 ut
851 887 1005 935 literis
1047 888 1371 952 doctrinaque
1407 907 1542 953 prae-

208 972 376 1014 staret.
448 967 585 1023 Quid
611 966 862 1015 Pericles?
900 967 962 1014 de
1000 966 1138 1031 cujus
1175 968 1375 1016 dicendi
1401 970 1543 1033 copia

207 1045 278 1093 sic
303 1046 604 1110 accepimus,
624 1053 697 1104 ut,
724 1062 836 1094 cum
864 1054 1036 1094 contra
1054 1045 1361 1095 voluntatem
1385 1047 1542 1097 Athe-

207 1123 451 1172 niensium
478 1124 764 1188 loqueretur
799 1142 888 1188 pro
914 1125 1069 1173 salute
1094 1126 1301 1189 patriae,
1327 1127 1543 1175 severius

206 1209 373 1250 ta‘men
412 1203 463 1250 id
501 1203 678 1266 ipsum,
716 1202 848 1266 quod
874 1202 953 1250 ille
980 1211 1152 1250 contra
1175 1203 1434 1267 populares
1458 1205 1544 1253 ho-

207 1281 364 1329 mines
403 1281 610 1340 diceret,
652 1281 888 1346 populare
929 1282 1154 1330 omnibus
1195 1290 1244 1330 et
1259 1282 1542 1346 jucundum

206 1360 488 1421 videretur3
529 1360 667 1425 cujus
703 1361 753 1407 in
779 1360 923 1408 labris
949 1369 1141 1409 veteres
1167 1362 1364 1420 comici,
1391 1363 1539 1410 etiam

206 1455 321 1487 cum
347 1439 415 1486 illi
452 1439 824 1498 maledicerent,
862 1440 1020 1504 (quod
1056 1448 1161 1487 tum
1201 1439 1413 1488 Athenis
1437 1442 1541 1489 fieri

203 1517 412 1579 licebat)
438 1519 656 1583 leporem
682 1519 924 1567 habitasse
951 1519 1213 1579 dixerunt3
1253 1527 1541 1586 tantamque

203 1597 256 1644 in
282 1614 341 1645 eo
366 1598 463 1645 vim
490 1598 659 1658 fuisse,
697 1607 753 1646 ut
788 1599 838 1646 in
865 1615 1034 1647 eorum
1060 1600 1321 1657 mentibus,
1350 1601 1433 1665 qui
1459 1619 1541 1649 au-

203 1675 405 1734 dissent,
433 1678 569 1742 quasi
595 1678 792 1727 aculeos
818 1679 1055 1744 quosdam
1081 1679 1395 1744 relinqueret.
1468 1680 1542 1731 At

201 1753 336 1804 hunc
362 1773 461 1804 non
488 1756 724 1806 clamator
749 1759 922 1823 aliquis
948 1759 1010 1807 ad
1036 1758 1342 1824 clepsydram
1361 1759 1541 1809 latrare

203 1833 442 1883 docuerat
466 1853 478 1883 ι
518 1836 605 1884 sed
631 1840 712 1901 (ut
743 1837 1050 1901 accepimus)
1088 1837 1433 1886 Clazomenius
1457 1838 1539 1888 ille

203 1911 544 1978 Anaxagoras,
572 1915 645 1962 vir
676 1933 893 1964 summus
928 1916 979 1963 in
1016 1917 1340 1965 maximarum
1376 1934 1539 1966 rerum

202 1992 425 2040 scientia.
479 1992 654 2058 Itaque
680 1993 760 2042 hic
788 1994 1032 2052 doctrina,
1059 1995 1277 2051 consilio,
1307 1996 1540 2060 eloquen-

202 2070 271 2118 tia
295 2069 563 2129 excellens,
600 2071 928 2135 quadraginta
963 2088 1116 2119 annos
1141 2073 1355 2136 praefuit
1381 2073 1538 2122 Athe-

201 2149 296 2208 nis,
322 2157 372 2197 et
397 2149 594 2197 urbanis
620 2150 796 2198 eodem
823 2159 1064 2214 tempore,
1085 2159 1135 2199 et
1159 2151 1348 2200 bellicis
1373 2153 1534 2202 rebus.

203 2227 344 2285 Quid
368 2227 580 2277 Critias?
618 2228 738 2292 quid
770 2228 1056 2277 Alcibiades
1078 2230 1094 2277 ?
1133 2230 1413 2279 civitatibus
1439 2232 1536 2280 suis

199 2306 401 2372 quidem
439 2324 540 2356 non
586 2308 719 2364 boni,
765 2308 852 2356 sed
894 2317 1029 2357 certe
1075 2309 1210 2357 docti
1249 2318 1396 2374 atque
1438 2311 1536 2360 elo-

200 2394 429 2449 quentes,
466 2402 631 2434 nonne
669 2385 931 2435 Socraticis
957 2396 1097 2435 erant
1122 2388 1536 2452 disputationibus

201 2464 381 2512 eruditi
400 2465 416 2512 ?
455 2465 580 2521 Quis
600 2464 816 2513 Dionem
838 2466 1151 2530 Syracusium
1173 2467 1410 2515 doctrinis
1434 2485 1536 2515 om-

201 2542 346 2590 nibus
387 2542 662 2606 expolivit?
713 2560 812 2592 non
851 2543 1026 2592 Plato?
1062 2553 1210 2609 atque
1248 2562 1360 2593 eum
1402 2546 1534 2594 idem

201 2620 284 2669 ille
326 2637 426 2669 non
464 2622 664 2686 linguae
707 2623 883 2683 solnm,
921 2641 1090 2672 verum
1129 2625 1276 2672 etiam
1302 2624 1451 2672 animi
1475 2642 1534 2673 ac

200 2700 395 2747 virtutis
420 2700 669 2764 magister,
691 2701 754 2748 ad
772 2701 1074 2750 liberandam
1094 2703 1300 2767 patriam
1321 2703 1531 2768 impulit,

201 2779 454 2839 instruxit,
479 2779 701 2828 armavit.
776 2780 966 2829 Aliisne
1003 2782 1154 2846 igitur
1191 2783 1375 2831 artibus
1400 2783 1533 2831 hunc

203 2858 421 2908 Dionem
462 2859 676 2909 instituit
713 2859 869 2918 Plato,
913 2860 1017 2909 aliis
1055 2861 1297 2911 Isocrates
1330 2861 1533 2911 clarissi-

1580 996 1685 1035 138.

1573 2256 1682 2299 139.
