2071 3508
674 391 1046 433 ORATORIBUS.
1440 402 1521 438 383

202 515 228 547 e
246 499 652 564 percunctatione
670 499 773 558 filii,
794 501 911 564 quid
937 501 983 547 in
1005 508 1178 548 senatu
1196 509 1323 550 esset
1342 513 1524 554 actum.

202 577 263 625 In
288 593 384 642 quo
408 578 572 625 multis
607 578 764 625 verbis
789 594 901 625 curn
938 578 1252 627 inveheretur
1275 580 1325 626 in
1353 581 1526 630 Caesa-

199 673 303 705 rem
330 657 498 715 Curio,
540 656 905 721 disputatioque
932 666 1059 706 esset
1083 650 1212 706 inter
1236 675 1334 715 eos,
1373 668 1428 708 ut
1453 670 1527 709 est

199 733 507 783 consuetudo
532 734 857 799 dialogorum,
896 753 1007 784 cum
1045 753 1204 786 sermo
1240 746 1368 786 esset
1391 739 1527 787 insti-

198 822 334 862 tutus
358 822 533 862 senatu
557 813 719 871 misso,
759 831 904 878 quem
942 825 1165 865 senatum
1209 817 1388 866 Caesar
1412 835 1527 866 con-

197 893 271 940 sul
313 893 581 952 habuisset,
622 893 941 959 reprehendit
978 911 1058 943 eas
1098 912 1193 956 res,
1240 914 1358 961 quas
1395 898 1527 946 idem

198 972 377 1020 Caesar
401 988 532 1020 anno
555 981 683 1037 post,
726 982 777 1021 et
801 973 1036 1039 deinceps
1061 975 1258 1040 reliquis
1282 977 1420 1025 annis
1445 978 1529 1026 ad-

197 1051 569 1099 ministravisset
591 1052 642 1099 in
668 1051 846 1100 Gallia.

265 1130 397 1178 Tum
425 1131 606 1178 Brutus
631 1130 894 1190 admiranS,
931 1131 1210 1182 Tantamne
1234 1134 1383 1184 fuisse
1408 1136 1526 1185 obli·
1559 1117 1667 1179 61·

198 1210 414 1268 vionem‚
450 1210 624 1273 inquit,
663 1211 713 1257 in
739 1211 921 1274 scripto
955 1214 1256 1275 praesertim,
1295 1222 1351 1263 ut
1375 1232 1436 1264 ne
1460 1215 1527 1264 le-

197 1305 320 1353 gens
344 1288 542 1352 quidem
580 1304 796 1353 unquam
833 1291 1054 1349 senserit,
1091 1300 1328 1354 quantum
1353 1294 1527 1358 flagitii

201 1368 552 1416 commisisset!
599 1367 734 1423 Quid
759 1376 943 1427 autem,
968 1369 1184 1433 inquam,
1214 1371 1384 1431 Brute,
1410 1374 1527 1421 stul-

200 1447 315 1507 tius,
352 1463 518 1512 quam,
557 1446 594 1493 si
621 1462 679 1494 ea
701 1447 978 1511 vituperare
1003 1448 1217 1508 volebat,
1253 1459 1378 1513 quae
1402 1452 1529 1500 vitu-

200 1527 407 1592 peravit,
444 1540 542 1572 non
580 1541 639 1572 eo
675 1533 895 1589 tempore
936 1527 1191 1575 instituere
1233 1544 1528 1591 sermonem,

201 1623 315 1654 cum
341 1604 531 1652 illarum
557 1620 718 1651 rerum
747 1603 851 1667 jam
875 1612 1098 1669 tempora
1129 1608 1528 1670 praeteriissent?

203 1684 300 1733 Sed
326 1684 393 1731 ita
418 1690 552 1730 totus
577 1690 723 1741 errat,
759 1692 815 1730 ut
839 1682 889 1730 in
915 1683 1088 1732 eodem
1126 1701 1350 1734 sermone
1377 1687 1527 1747 dicat,

198 1765 250 1812 in
275 1771 499 1812 senatum
525 1779 594 1821 se,
634 1762 842 1810 Caesare
879 1762 1100 1822 consule,
1136 1781 1234 1812 non
1271 1767 1526 1825 accedere,

202 1844 301 1893 Sed
325 1843 376 1890 id
402 1842 534 1890 dicat
559 1842 664 1904 ipso
691 1840 891 1889 consule
929 1842 1098 1890 exiens
1124 1859 1150 1890 e
1175 1853 1365 1892 senatu,
1413 1846 1525 1895 Jam

201 1924 285 1988 qui
310 1923 401 1970 hac
428 1931 565 1987 parte
591 1922 755 1979 animi,
788 1937 912 1985 quae
938 1931 1102 1970 custos
1127 1931 1200 1971 est
1225 1934 1529 1974 caeterarum

202 2002 389 2067 ingenii
436 2003 668 2066 partium,
727 2011 827 2048 tam
876 2001 1048 2050 debilis
1096 2012 1237 2060 esset,
1285 2012 1342 2052 ut
1378 2021 1441 2054 ne
1479 2006 1530 2054 in

205 2082 388 2145 scripto
413 2081 610 2145 quidem
638 2080 958 2139 meminisset,
995 2081 1114 2144 quid
1138 2082 1285 2146 paulo
1309 2091 1423 2132 ante
1447 2101 1532 2149 po-

205 2161 396 2220 suisset,
432 2161 548 2208 huic
587 2161 787 2208 minime
829 2160 1006 2207 mirum
1032 2169 1106 2208 est
1131 2178 1192 2208 ex
1216 2170 1437 2227 tempore
1464 2165 1533 2212 di-

207 2242 338 2289 centi
365 2239 555 2287 solitam
582 2238 778 2288 effluere
815 2246 1049 2287 mentem.
1120 2240 1295 2304 Itaque
1333 2259 1448 2290 cum
1488 2245 1533 2292 ei

205 2336 299 2367 nec
325 2318 539 2366 officium
565 2318 772 2374 deesset,
801 2326 850 2366 et
874 2318 1103 2382 flagraret
1127 2320 1291 2368 studio
1315 2321 1534 2381 dicendi,

204 2414 480 2463 perpaucae
506 2397 569 2445 ad
593 2414 705 2446 eum
727 2414 901 2445 causae
922 2397 1284 2447 deferebantur.
1354 2399 1539 2449 Orator

209 2485 394 2537 autem,
430 2477 551 2526 vivis
587 2476 690 2541 ejus
725 2476 1029 2540 aequalibus,
1064 2479 1315 2541 proximus
1339 2481 1536 2544 optimis

209 2557 579 2613 numerabatur,
613 2563 815 2619 propter
856 2555 1113 2603 verborum
1149 2557 1437 2615 bonitatem,
1482 2567 1538 2606 ut

212 2643 326 2683 ante
353 2634 470 2690 dixi,
509 2642 560 2681 et
584 2634 865 2698 expeditam
891 2650 948 2681 ac
974 2634 1299 2698 profluentem
1325 2636 1539 2700 quodam

211 2714 360 2762 modo
387 2713 706 2761 celeritatem.
780 2711 953 2776 Itaque
986 2711 1088 2776 ejus
1113 2714 1357 2762 orationes
1382 2715 1541 2779 adspi-

211 2791 413 2840 ciendas
439 2801 605 2840 tamen
632 2807 824 2839 censeo.
897 2794 1019 2838 bunt
1056 2790 1166 2840 illae
1203 2791 1403 2856 quidem
1442 2793 1542 2841 lan-

210 2871 461 2936 guidiores
482 2891 496 2933 ;
523 2878 862 2920 verumtamen
886 2877 1091 2934 possunt
1114 2879 1383 2936 augere,et
1406 2872 1542 2937 quasi
