2071 3508
624 409 791 448 LIBER
821 407 1128 448 SECUNDUS.
1488 413 1563 449 155

232 528 331 575 ant,
359 527 443 567 aut
466 518 730 575 laetentur,
773 525 858 564 aut
883 524 1156 573 moereant,
1193 522 1278 563 aut
1304 517 1563 566 miserean-

234 604 330 656 tur,
365 604 450 645 aut
472 596 647 660 punire
683 594 856 653 velint,
893 602 978 641 aut
1014 593 1077 641 ad
1115 610 1198 641 eos
1223 602 1386 642 motus
1412 596 1564 643 dedu-

232 685 424 734 cantur,
466 674 505 722 si
547 674 630 738 qui
655 673 849 721 finitimi
876 680 1009 731 sunt,
1047 680 1097 720 et
1120 674 1382 738 propinqui
1408 674 1481 721 his
1507 691 1564 722 ac

229 753 406 801 talibus
426 753 574 800 animi
597 752 1065 817 perturbationibus.
1139 751 1309 816 Atque
1334 752 1456 800 illud
1481 771 1564 819 op·
1601 764 1708 804 186.

227 831 435 878 tandum
461 839 535 879 est
576 831 772 887 oratori,
813 838 870 878 ut
894 829 1104 894 aliquam
1131 832 1492 894 permotionem
1518 850 1566 881 a·

228 909 472 958 nimorum
511 927 597 958 sua
636 919 811 975 sponte
837 910 928 974 ipsi
955 909 1160 958 afferant
1186 911 1248 958 ad
1274 928 1469 959 causam
1486 911 1566 975 ju-

228 988 379 1046 dices,
408 989 470 1036 ad
495 989 564 1048 id,
604 989 738 1053 quod
763 988 948 1037 utilitas
974 989 1179 1036 oratoris
1203 990 1344 1047 feret,
1373 1008 1565 1039 accom-

226 1069 494 1117 modatam.
578 1069 791 1117 Facilius
818 1076 892 1116 est
918 1068 1048 1116 enim
1076 1079 1357 1118 currentem
1396 1074 1476 1135 (ut
1502 1071 1565 1117 ai-

227 1147 343 1210 unt)
396 1149 624 1207 incitare,
677 1165 823 1212 quam
867 1165 1180 1197 commovere
1226 1149 1564 1213 languentem.

230 1227 315 1275 Sin
339 1227 391 1275 id
416 1235 501 1276 aut
526 1244 625 1275 non
652 1228 758 1283 erit,
787 1235 872 1275 aut
897 1228 990 1274 erit
1015 1228 1289 1286 obscurius,
1315 1229 1443 1276 sicut
1467 1246 1565 1278 me-

231 1305 342 1354 dico
368 1306 611 1371 diligenti,
650 1307 934 1371 priusquam
962 1314 1170 1353 conetur
1193 1324 1343 1370 aegro
1367 1308 1566 1356 adhibe-

229 1401 281 1433 re
307 1385 624 1444 medicinam,
667 1402 765 1433 non
793 1384 950 1432 solum
978 1386 1177 1432 morbus
1203 1385 1321 1448 ejus,
1361 1387 1441 1433 cui
1469 1405 1566 1436 me-

231 1463 335 1512 deri
360 1463 507 1520 volet‚
537 1464 624 1512 sed
648 1464 797 1512 etiam
824 1463 1133 1510 consuetudo
1157 1464 1383 1523 valentis,
1410 1475 1460 1513 et
1485 1483 1566 1514 na-

228 1549 339 1590 tura
364 1544 580 1607 corporis
601 1541 950 1606 cognoscenda
969 1550 1043 1590 est
1064 1560 1075 1589 :
1104 1543 1173 1590 sic
1194 1543 1424 1607 equidem
1451 1556 1565 1594 cum

228 1622 490 1685 aggredior
527 1622 794 1685 ancipitem
822 1637 1039 1680 causam,
1076 1629 1127 1669 et
1149 1638 1352 1685 gravem
1378 1624 1441 1671 ad
1466 1627 1566 1673 ani-

227 1717 333 1748 mos
366 1700 596 1765 judicum
621 1700 1012 1765 pertractandos,
1057 1701 1192 1748 omni
1230 1710 1397 1750 mente
1432 1704 1483 1750 in
1509 1722 1568 1753 ea

229 1781 532 1845 cogitatione
571 1797 787 1844 curaque
822 1796 1006 1838 versor,
1041 1788 1098 1828 ut
1122 1781 1300 1829 odorer
1324 1799 1469 1846 quam
1496 1800 1566 1832 sa-

227 1860 488 1924 gacissime
535 1860 737 1924 possim,
798 1859 917 1923 quid
960 1860 1190 1916 sentiant,
1241 1861 1361 1924 quid
1402 1863 1567 1911 existi-

228 1947 386 1999 ment,
423 1939 542 2003 quid
583 1947 872 2004 expectent,
909 1939 1029 2003 quid
1052 1939 1225 1998 velint,
1262 1957 1361 2003 quo
1385 1940 1567 1990 deduci

230 2019 451 2067 oratione
488 2018 723 2067 facillime
760 2035 902 2082 posse
927 2018 1204 2066 videantur.
1277 2019 1326 2067 Si
1351 2036 1402 2067 se
1428 2020 1566 2080 dant,
1603 2028 1710 2072 187.

231 2106 282 2145 et
307 2101 388 2162 (ut
413 2105 528 2145 ante
554 2097 682 2158 dixi)
709 2114 795 2145 sua
819 2106 1013 2161 sponte,
1034 2115 1130 2161 quo
1155 2097 1471 2162 impellimuS,
1495 2101 1566 2147 in-

232 2176 437 2236 clinant,
463 2185 610 2241 atque
635 2177 950 2241 propendent
972 2197 984 2236 ;
1026 2177 1219 2242 accipio
1244 2178 1378 2241 quod
1403 2178 1567 2239 datur,

233 2263 284 2304 et
308 2256 372 2304 ad
396 2257 465 2315 id,
491 2256 624 2304 unde
650 2255 823 2320 aliquis
849 2256 993 2304 flatus
1018 2257 1315 2315 ostenditur,
1351 2257 1461 2304 vela
1485 2258 1564 2306 do.

233 2335 317 2383 Sin
343 2342 418 2384 est
442 2335 637 2400 integer
661 2335 956 2400 quietusque
973 2335 1147 2400 judex,
1191 2329 1301 2400 plus
1344 2344 1418 2384 est
1455 2354 1569 2401 ope-

229 2414 327 2462 ris:
373 2422 488 2462 sunt
523 2414 655 2462 enim
680 2415 846 2462 omnia
881 2415 1096 2463 dicendo
1122 2416 1403 2471 excitanda,
1447 2416 1568 2463 nihil

232 2491 497 2555 adjuvante
539 2500 730 2539 natura.
820 2492 917 2539 Sed
954 2500 1143 2540 tantam
1168 2493 1268 2540 vim
1293 2494 1443 2542 habet
1468 2495 1566 2553 illa,

232 2586 358 2634 quae
384 2578 519 2618 recte
545 2588 572 2617 a
596 2571 729 2618 bono
752 2575 898 2635 poeta
925 2571 1060 2619 dicta
1085 2581 1158 2619 est
1176 2574 1461 2634 fleoeanima,
1501 2581 1568 2620 at-

233 2666 321 2713 que
362 2650 562 2696 omnium
587 2651 759 2712 regina
783 2667 959 2706 rerum,
1004 2651 1175 2706 oratio,
1215 2659 1270 2698 nt
1295 2668 1393 2697 non
1420 2652 1568 2699 modo

232 2727 556 2776 inclinantem
584 2728 793 2793 erigere,
835 2737 920 2776 aut
945 2736 1156 2776 stantem
1183 2729 1438 2788 inclinare,
1481 2730 1568 2778 sed

233 2807 383 2855 etiam
409 2807 753 2855 adversantem
787 2815 837 2855 et
862 2816 1242 2872 repugnantem,
1283 2818 1338 2857 ut
1362 2809 1567 2874 impera-

234 2894 312 2935 tor
334 2888 494 2936 bonus
519 2904 577 2936 ac
601 2886 761 2948 fortiS,
788 2903 963 2954 capere
987 2888 1154 2952 possit.
