2071 3508
282 955 390 1017 21.

421 475 502 513 456
917 473 1250 514 ORATORIAE

421 581 599 630 titione
617 580 711 629 tria
728 598 912 646 genera
931 600 1187 632 causarum
1207 583 1504 632 exstiterunt
1521 595 1538 631 z·
1571 595 1749 642 unum,

424 660 560 725 quod
577 677 605 707 a
622 659 813 708 meliori
830 668 988 725 parte,
1012 661 1307 710 laudationis
1327 669 1402 710 est
1420 661 1745 726 appell-atum3

425 738 792 788 deliberationis
850 739 1057 788 alterum
1079 760 1093 800 3
1164 740 1366 788 tertium
1425 739 1746 804 judiciorum.

428 817 765 875 Quamobrem
791 818 852 867 de
875 819 1034 883 primo
1057 819 1288 883 primum,
1313 820 1352 867 si
1375 819 1560 884 placet,
1586 818 1749 881 dispu-

425 904 603 945 temus,
673 896 867 945 FILIUS.
925 897 1055 944 Mihi
1078 914 1196 945 vero
1218 897 1399 962 placet.

495 975 684 1022 PATER.
734 975 814 1022 Ac
832 975 1067 1023 laudandi
1084 976 1495 1040 vituperandique
1519 975 1752 1032 rationes,

430 1070 555 1118 quae
579 1068 681 1100 non
705 1052 768 1099 ad
782 1053 910 1100 bene
931 1053 1199 1100 dicendum
1223 1053 1395 1110 solum,
1417 1053 1504 1102 sed
1522 1052 1670 1101 etiam
1689 1051 1755 1099 ad

427 1132 637 1181 honeste
657 1130 927 1178 vivendum
951 1130 1131 1186 valent,
1160 1147 1405 1195 exponam
1425 1132 1660 1189 breviter,
1684 1136 1754 1178 at-

429 1228 526 1276 que
551 1227 579 1259 a
600 1209 854 1275 principiis
885 1209 1112 1257 exordiar
1147 1218 1198 1257 et
1231 1209 1466 1257 laudandi
1491 1217 1541 1258 et
1563 1210 1754 1272 vitupe-

428 1289 587 1338 randi.
635 1287 820 1337 Omnia
839 1287 970 1336 enim
987 1296 1101 1336 sunt
1115 1287 1341 1352 profecto
1355 1287 1622 1346 laudanda,
1631 1297 1757 1352 quae

430 1369 699 1434 conjuncta
724 1384 838 1416 cum
861 1367 1046 1415 virtute
1071 1375 1214 1416 sunt:
1255 1375 1305 1415 et
1330 1384 1455 1431 quae
1475 1383 1588 1414 cum
1606 1365 1758 1424 vitiis,

428 1446 769 1513 vituperanda.
842 1446 1175 1503 Quamobrem
1201 1446 1309 1493 finis
1333 1445 1532 1494 alterius
1568 1452 1643 1493 est
1672 1443 1757 1492 ho-

430 1536 612 1586 nes-tas,
631 1526 830 1574 alterius
848 1526 1120 1590 turpitudo.
1193 1525 1466 1574 Conficitur
1485 1531 1651 1573 autem
1673 1539 1758 1588 ge—

430 1622 523 1654 nus
537 1606 634 1654 hoc
651 1604 896 1660 dictionis,
907 1605 1160 1652 narrandis
1176 1603 1582 1668 exponendisque
1594 1602 1759 1663 factis,

431 1686 537 1734 sine
551 1683 663 1732 ullis
679 1683 1205 1747 argumentationibus,
1215 1682 1277 1730 ad
1294 1681 1443 1730 animi
1459 1689 1622 1730 motus
1637 1681 1758 1730 leni-

433 1773 510 1814 ter
532 1760 819 1811 tractandos
844 1761 1015 1824 magis,
1048 1777 1194 1825 quam
1219 1760 1282 1807 ad
1305 1759 1452 1808 fidem
1476 1759 1758 1808 faciendam

433 1851 520 1892 aut
560 1840 943 1891 confirmandam
992 1839 1382 1888 accommodate.
1469 1839 1586 1887 Non
1627 1839 1760 1887 enim

435 1922 585 1971 dubia
620 1919 894 1977 firmantur,
944 1919 1031 1966 sed
1072 1935 1147 1977 ea,
1189 1934 1315 1981 quae
1357 1925 1510 1976 certa,
1546 1925 1632 1966 aut
1668 1935 1759 1983 pro

435 2000 583 2051 certis
622 1998 783 2064 'posita
819 2004 951 2055 sunt,
987 2004 1248 2061 augentur.
1321 1996 1656 2053 Quamobrem
1697 2012 1761 2044 ex

433 2081 511 2140 iis,
547 2095 673 2144 quae
714 2085 829 2126 ante
871 2077 1006 2125 dicta
1047 2084 1180 2135 sunt,
1217 2083 1268 2124 et
1308 2076 1556 2134 narrandi,
1592 2084 1644 2124 et
1678 2093 1761 2124 au-

435 2159 588 2224 gendi
628 2163 894 2222 praecepta
933 2163 1235 2220 repetentur.
1319 2154 1403 2213 Et,
1440 2155 1672 2219 quoniam
1708 2155 1761 2202 in

434 2238 511 2286 his
537 2236 694 2285 causis
725 2234 882 2282 omnis
920 2235 1044 2282 ratio
1081 2234 1186 2282 fere
1211 2233 1275 2281 ad
1297 2233 1602 2297 voluptatem
1627 2233 1763 2282 audi-

435 2317 556 2365 toris
581 2322 631 2362 et
655 2313 717 2361 ad
743 2312 1126 2360 delectationem
1150 2310 1376 2367 refertur,
1402 2311 1651 2359 utendum:
1671 2312 1765 2360 erit

435 2395 495 2442 iis
518 2394 570 2441 in
594 2392 815 2440 oratio-ne
854 2390 1159 2454 singulorum
1186 2390 1447 2437 verborum
1470 2389 1743 2453 insignibus
1760 2426 1772 2446 ,

438 2489 566 2537 quae
610 2471 797 2518 habent
835 2467 1102 2531 plurimum
1145 2467 1426 2515 suavitatis:
1482 2466 1534 2514 id
1576 2474 1664 2524 est,
1707 2475 1765 2516 ut

437 2551 583 2601 factis
602 2547 777 2603 verbis,
805 2554 891 2594 aut
913 2545 1139 2604 vetustis,
1164 2553 1249 2593 aut
1272 2544 1519 2593 translatis
1535 2545 1764 2610 frequen-

438 2639 516 2681 ter
539 2637 766 2686 utamur3
807 2634 858 2673 et
881 2625 932 2671 in
957 2624 1060 2688 ipsa
1091 2624 1460 2672 constructione
1483 2625 1764 2685 verborum,

440 2716 498 2758 ut
520 2707 655 2772 paria
677 2705 890 2770 paribus,
931 2711 983 2751 et
1007 2702 1181 2750 similia
1204 2702 1440 2750 similibus
1466 2719 1611 2767 saepe
1639 2702 1765 2752 refe-

441 2795 640 2835 rantur:
678 2792 735 2832 ut
760 2782 1024 2840 contraria,
1063 2789 1120 2829 ut
1153 2781 1422 2846 geminata,
1463 2789 1520 2830 ut
1557 2781 1766 2830 circum-

444 2866 625 2929 scripta
665 2878 944 2920 numerose,
996 2877 1097 2908 non
1138 2860 1202 2908 ad
1248 2859 1621 2910 similitudinem
1659 2875 1765 2909 ver-

433 2958 605 3002 ·suum,
640 2941 727 2991 sed
752 2941 814 2990 ad
838 2939 1140 3004 explendum
1164 2939 1356 2989 aurium
1394 2955 1610 2999 sensum,
1650 2945 1766 3002 apto
