2071 3508
694 423 862 463 LIBER
893 423 1144 463 TERTIUS.
1517 432 1595 468 253

257 533 315 581 lis
340 542 391 583 et
431 538 614 598 quanta
654 532 734 591 sit,
770 531 983 596 intelligi
1019 548 1119 580 non
1143 537 1325 596 potest.
1398 533 1488 582 Me
1514 553 1596 584 au-

255 621 376 672 tem,
413 609 608 669 Catule,
642 609 821 669 fateor,
858 626 1020 674 neque
1051 610 1199 658 hodie
1237 610 1288 657 in
1313 610 1417 659 istis
1442 611 1596 673 libris,

256 700 307 740 et
347 707 460 739 cum
501 690 606 737 istis
646 689 929 738 hominibus
967 690 1163 750 vivere,
1222 706 1316 738 nec
1358 707 1476 739 vero
1519 693 1595 757 (id

253 770 387 834 quod
427 776 484 817 tu
529 777 667 817 recte
710 768 1117 829 commeministi)
1176 768 1332 816 ullum
1375 786 1593 834 unquam

251 848 478 896 habuisse
520 848 789 913 sepositum
830 854 1027 912 tempus
1069 847 1133 895 ad
1175 847 1486 908 discendum,
1533 867 1592 898 ac

250 935 446 976 tantum
484 926 713 975 tribuisse
752 926 1009 975 doctrinae
1050 927 1307 991 temporis,
1349 937 1591 992 quantum

248 1006 368 1054 mihi
414 1005 616 1071 puerilis
657 1013 810 1065 aetas,
867 1004 1088 1055 forenses
1133 1005 1286 1055 feriae
1335 1024 1591 1056 concesse-

246 1087 361 1135 rint.

315 1166 404 1224 At,
443 1167 481 1214 si
507 1166 718 1232 quaeris,
755 1166 952 1226 Catule,
989 1167 1051 1216 de
1078 1167 1306 1216 doctrina
1330 1168 1441 1227 ista,
1467 1168 1585 1233 quid
1622 1147 1728 1207 23·

249 1263 342 1310 ego
367 1247 599 1307 sentiam3
628 1263 728 1294 non
757 1254 950 1294 tantum
988 1246 1247 1310 ingenioso
1284 1247 1488 1304 homini,
1534 1256 1584 1296 et
1618 1240 1696 1281 86·

246 1327 311 1385 ei,
328 1326 411 1391 qui
429 1325 609 1386 forum,
627 1326 710 1390 qui
727 1326 933 1384 curiam,
949 1327 1035 1389 qui
1053 1343 1241 1385 causas,
1258 1327 1340 1390 qui
1357 1328 1587 1391 rempub-

245 1404 390 1452 licam
412 1413 619 1469 spectet,
647 1422 771 1469 opus
796 1421 900 1452 esse
920 1404 1129 1452 arbitror
1147 1405 1399 1468 temporis,
1435 1422 1586 1468 quan-

245 1494 352 1532 tum
378 1484 468 1532 sibi
483 1485 517 1531 ii
534 1491 832 1542 sumserunt,
859 1499 981 1547 quos
998 1482 1246 1531 discentes
1263 1483 1364 1530 vita
1379 1483 1583 1532 defecit.

245 1563 434 1612 Omnes
477 1564 609 1611 enim
651 1571 779 1611 artes
818 1562 959 1610 aliter
1000 1562 1060 1610 ab
1086 1561 1144 1609 iis
1168 1569 1461 1619 tractantur,
1500 1564 1584 1627 qui

242 1660 323 1692 eas
348 1643 412 1691 ad
436 1660 578 1691 usum
597 1642 935 1701 transferunt;
975 1640 1117 1692 aliter
1142 1641 1202 1689 ab
1227 1642 1303 1701 iis,
1341 1642 1425 1706 qui
1460 1642 1584 1706 ipsa-

240 1739 349 1770 rum
375 1722 555 1771 artium
578 1729 796 1770 tractatu
822 1720 1076 1779 delectati,
1118 1720 1241 1768 nihil
1265 1721 1316 1768 in
1341 1721 1442 1769 vita
1467 1730 1583 1770 sunt

238 1801 374 1851 aliud
412 1802 586 1851 acturi.
672 1801 918 1866 Magister
958 1800 1040 1850 hic
1067 1801 1360 1849 Samnitium
1391 1818 1583 1853 summa

232 1881 337 1947 jam
376 1889 636 1931 senectute
675 1889 768 1940 est,
819 1889 870 1929 et
917 1881 1139 1945 quotidie
1182 1888 1577 1930 commentatur:

238 1961 361 2010 nihil
387 1962 519 2009 enim
546 1969 687 2009 curat
710 1960 846 2010 aliud
867 1979 878 2008 :
918 1968 970 2008 at
996 1960 1059 2017 Q.
1088 1959 1325 2008 Velocius
1348 1976 1472 2025 puer
1496 1960 1580 2008 ad-

240 2040 484 2089 didicerat
505 2059 516 2088 z
556 2041 644 2089 sed
669 2040 803 2104 quod
828 2048 932 2088 erat
957 2048 1100 2105 aptus
1125 2039 1189 2086 ad
1212 2038 1354 2098 illud,
1396 2047 1579 2090 totum-

239 2137 335 2185 que
362 2128 619 2185 cognorat,
654 2120 770 2179 fuit,
806 2127 863 2167 ut
887 2128 962 2168 est
987 2118 1120 2184 apud
1144 2117 1412 2175 Lucilium,

781 2210 951 2262 quamvis
972 2210 1088 2247 bonus
1104 2209 1182 2262 ipse

402 2290 552 2328 Samnis
571 2290 611 2327 in
632 2288 735 2334 ludo,
754 2302 798 2326 ac
818 2287 977 2326 rudibus
995 2288 1112 2326 cuivis
1128 2288 1221 2325 satis
1241 2301 1353 2340 asper
1370 2303 1384 2325 .-

237 2358 336 2408 Sed
358 2358 469 2423 plus
494 2374 673 2422 operae
696 2356 805 2405 foro
830 2357 1100 2415 tribuebat,
1126 2356 1315 2414 amicis,
1340 2355 1411 2403 rei
1435 2353 1575 2403 fami-

234 2438 357 2486 liari.
443 2438 672 2487 Valerius
713 2437 936 2501 quotidie
980 2437 1214 2485 cantabat
1235 2454 1247 2483 ε
1300 2443 1406 2483 erat
1441 2436 1572 2483 enim
1608 2428 1686 2474 87·

235 2517 461 2566 scenicus
484 2535 495 2565 ε
535 2517 655 2581 quid
678 2516 866 2564 faceret
902 2515 1036 2563 aliud
1057 2516 1073 2564 ?
1110 2523 1161 2562 at
1185 2515 1455 2563 Numerius
1480 2514 1574 2562 Fu-

235 2598 353 2656 rius,
408 2604 576 2644 noster
616 2595 888 2654 familiaris,
947 2611 1063 2642 cum
1113 2603 1187 2642 est
1235 2594 1572 2653 commodum,

235 2685 434 2725 cantat:
474 2684 548 2724 cst
587 2675 718 2723 enirn
756 2674 1126 2739 paterfamilias,
1164 2682 1237 2721 est
1280 2689 1430 2736 eques
1474 2672 1576 2720 Ro*

235 2773 410 2805 manus
433 2774 444 2803 :
482 2772 607 2820 puer
633 2754 827 2813 didicit,
848 2752 982 2818 quod
1001 2752 1294 2800 discendum
1319 2751 1429 2799 fuit.
1480 2751 1573 2799 Ea-

237 2837 350 2886 dem
376 2835 501 2884 ratio
544 2843 619 2883 est
642 2834 817 2882 harum
860 2832 1040 2880 artium
1065 2831 1420 2880 maximarum:
1467 2831 1571 2885 dies

236 2927 287 2968 et
311 2925 485 2966 noctes
509 2916 669 2965 virum
695 2930 887 2964 summa
921 2913 1104 2961 virtute
1141 2919 1190 2961 et
1214 2911 1480 2978 prudentia
1503 2911 1570 2959 vi-
