2071 3508
366 1895 472 1958 39.

502 453 584 490 480
1001 446 1333 488 ORATORIAE

502 575 629 625 quae
668 557 813 624 plane
852 556 1034 623 scripta
1074 558 1187 616 sint,
1224 555 1520 622 neglexerit,
1559 571 1683 620 quae
1707 571 1833 603 nun·

501 654 650 702 quam
675 637 857 701 scripta
871 636 986 696 sint,
1010 637 1264 702 proferat?
1301 636 1402 684 Cur
1426 634 1833 699 prudentissimos

501 717 555 764 in
579 716 840 764 scribendo
864 716 993 764 viros
1017 732 1236 763 summae
1275 713 1510 762 stultitiae
1548 721 1691 778 putet
1729 728 1836 762 esse

502 794 846 844 damnandos?
898 793 1036 850 Quid
1073 792 1356 857 impedierit
1394 791 1698 856 scriptorem,
1737 807 1836 855 quo

502 874 665 922 minus
707 873 962 937 exciperet
1000 871 1138 927 illud,
1190 870 1325 935 quod
1360 870 1682 926 adversarius,
1729 877 1838 917 tan-

502 968 651 1016 quam
693 951 733 998 si
771 957 1038 1014 exceptum
1075 956 1217 1005 esset,
1255 949 1326 996 ita
1351 949 1472 996 dicit
1495 966 1546 996 se
1571 947 1835 997 secutum?

502 1030 690 1079 Utetur
714 1028 952 1091 exemplis
987 1028 1063 1086 iis,
1099 1027 1275 1090 quibus
1299 1026 1431 1075 idem
1457 1028 1694 1091 scriptor:
1733 1034 1835 1084 aut,
1906 1054 1908 1057 v

502 1108 544 1157 si
568 1108 620 1156 id
644 1124 744 1156 non
767 1106 966 1172 poterit,
994 1105 1170 1170 quibus
1195 1105 1295 1165 alii,
1328 1106 1461 1169 quod
1486 1106 1836 1169 excipiendum

501 1187 743 1252 putarint,
786 1185 1091 1250 exceperint.
1186 1184 1484 1242 Quaerenda
1525 1184 1673 1232 etiam
1713 1184 1838 1232 ratio

503 1273 599 1326 est,
635 1266 674 1314 si
699 1282 795 1330 qua
817 1264 1001 1330 poterit
1024 1263 1248 1320 inveniri,
1276 1280 1425 1327 quare
1451 1279 1550 1311 non
1575 1263 1638 1310 sit
1662 1279 1843 1327 excep-

504 1351 614 1393 tum
635 1363 648 1393 :
687 1352 774 1393 aut
797 1343 967 1408 iniqua
989 1342 1091 1401 lex,
1116 1349 1202 1390 aut
1225 1341 1414 1390 inutilis
1436 1340 1603 1389 futura
1627 1341 1842 1401 dicetur,

505 1431 594 1472 aut
639 1423 735 1471 alia
780 1440 928 1471 causa
968 1421 1359 1486 obtemperandi,
1399 1420 1493 1468 alia
1533 1420 1802 1485 abrogandi
1823 1437 1837 1469 :

507 1503 768 1552 dissentire
809 1502 1073 1551 adversarii
1096 1518 1271 1550 vocem
1304 1508 1452 1565 atque
1476 1500 1615 1566 legis.
1685 1499 1842 1548 Dein-

508 1582 571 1631 de
596 1582 927 1647 amplificandi
964 1596 1127 1638 causa,
1171 1581 1232 1629 de
1258 1581 1606 1629 conservandis
1627 1579 1841 1644 legibus,

507 1661 571 1710 de
608 1659 831 1725 periculo
877 1676 1040 1706 rerum
1091 1658 1400 1723 publicarum
1442 1667 1590 1723 atque
1630 1659 1841 1723 privata-

506 1755 637 1798 rum,
673 1755 787 1787 cum
812 1738 916 1786 aliis
940 1737 1080 1796 locis,
1120 1745 1227 1785 tum
1251 1737 1302 1784 in
1326 1737 1604 1801 perorando
1627 1736 1841 1784 maxime

506 1817 724 1882 graviter
749 1816 843 1864 erit
877 1816 1298 1879 vehementerque
1323 1815 1609 1863 dicendum.

576 1895 668 1944 Ille
693 1904 880 1955 autem,
917 1895 1001 1959 qui
1043 1912 1093 1943 se
1132 1894 1380 1942 sententia
1419 1893 1544 1958 legis
1567 1893 1843 1941 voluntate-

508 1993 606 2041 que
632 1974 889 2034 defendet,
924 1975 976 2021 in
1001 1973 1205 2022 consilio
1243 1981 1392 2037 atque
1416 1973 1466 2020 in
1502 1981 1670 2021 mente
1695 1974 1845 2038 scrip-

507 2055 647 2114 toris,
683 2070 784 2102 non
808 2053 860 2101 in
883 2053 1046 2102 verbis
1071 2069 1129 2101 ac
1152 2052 1326 2111 literis,
1360 2052 1460 2100 vim
1484 2052 1608 2116 legis
1632 2053 1842 2116 positam

509 2151 615 2183 esse
640 2132 909 2182 defendet:
948 2132 1180 2196 quodque
1204 2132 1327 2179 nihil
1351 2132 1604 2196 exceperit
1638 2132 1690 2178 in
1714 2131 1844 2195 lege,
1878 2190 1881 2192 .

506 2212 744 2268 laudabit,
770 2228 834 2259 ne
859 2210 1152 2260 diverticula
1174 2211 1393 2276 peccatis
1418 2211 1666 2267 darentur,
1694 2218 1844 2274 atque

506 2299 565 2340 ut
589 2308 651 2340 ex
674 2290 810 2339 facto
846 2289 1083 2354 cujusque
1099 2288 1259 2353 judex
1282 2288 1406 2353 legis
1441 2298 1659 2337 mentem
1695 2289 1844 2337 inter-

507 2378 802 2436 pretaretur.
872 2369 1073 2417 Deinde
1116 2368 1209 2416 erit
1232 2368 1475 2415 utendum
1501 2368 1753 2432 exemplis,
1791 2368 1843 2416 in

509 2451 687 2515 quibus
723 2448 882 2497 omnis
919 2447 1139 2512 aequitas
1162 2447 1496 2512 perturbetur,
1532 2448 1570 2494 si
1594 2448 1754 2495 verbis
1777 2447 1846 2496 le-

509 2545 651 2594 gum,
686 2546 745 2577 ac
786 2544 888 2576 non
925 2527 1181 2575 sententiis
1212 2535 1457 2591 pareatur.
1526 2526 1727 2575 Deinde
1761 2544 1846 2592 ge-

510 2624 604 2656 nus
629 2607 871 2672 ejusmodi
895 2605 1175 2655 calliditatis
1195 2614 1245 2655 et
1270 2606 1544 2655 calumniae
1568 2600 1846 2654 retrahatur

511 2686 565 2733 in
589 2687 757 2735 odium
774 2685 978 2750 judiciS,
997 2702 1112 2733 cum
1131 2685 1342 2750 quadam
1365 2685 1604 2733 invidiosa
1628 2685 1842 2750 querela.

513 2765 600 2825 Et,
637 2766 677 2813 si
700 2765 890 2813 incidet
913 2764 1275 2830 imprudentiae
1301 2782 1462 2821 causa,
1506 2782 1630 2829 quae
1656 2781 1754 2813 non
1781 2763 1845 2812 ad

515 2843 770 2901 delictum,
823 2843 912 2892 sed
948 2843 1012 2891 ad
1051 2860 1219 2892 casum
1254 2844 1660 2892 necessitatemve
1694 2842 1843 2907 perti-

518 2929 649 2979 neat,
682 2922 817 2987 quod
838 2938 996 2987 genus
1019 2922 1167 2990 paulo
1191 2931 1305 2973 ante
1330 2923 1611 2989 attigimus:
1650 2921 1741 2971 erit
1764 2919 1843 2967 iis-
