2071 3508
294 2825 396 2886 12.

415 426 495 464 498
620 406 622 408 ’
973 414 1191 462 ΤοΡΙσΑ.

415 534 603 582 istunt:
643 531 693 580 Si
717 530 977 580 stultitiam
1001 531 1236 597 fugimus,
1264 530 1555 596 sapientiam
1580 539 1755 594 sequa*

417 629 561 673 mur,
600 619 651 660 et
689 610 983 670 bonitatem,
1020 611 1059 658 si
1094 611 1346 659 malitiam.
1421 609 1584 668 Haec,
1625 620 1754 672 quae

419 709 484 744 ex
525 692 702 741 eodem
743 709 929 756 genere
978 693 1224 740 contraria
1265 700 1397 752 sunt,
1442 689 1754 756 appellantur

420 774 640 823 adversa.
713 773 838 821 Sunt
877 772 1009 820 enim
1051 771 1145 820 alia
1186 773 1448 830 contraria,
1491 785 1616 835 quae
1656 765 1755 832 pri·
1798 767 1809 776 ⁹

419 853 588 902 vantia
605 851 726 900 lieet
744 850 1047 916 appellemus
1066 851 1263 910 Latine,
1284 851 1480 899 Graece
1506 846 1757 914 appellan-

421 939 504 981 tur
527 929 713 1000 529nm2'3
786 928 1091 992 Praepositio
1117 929 1249 976 enim
1274 934 1328 976 m
1352 929 1515 993 privat
1548 926 1756 975 verbum

421 1028 481 1060 ea
518 1010 583 1066 vi,
630 1025 777 1073 quam
823 1008 1045 1064 haberet,
1095 1008 1134 1054 si
1175 1024 1230 1055 IN
1277 1008 1622 1072 praepositum·
1652 1018 1756 1052 non

419 1089 625 1138 fuisset:
680 1095 741 1136 ut
779 1088 1002 1150 dignitas,
1045 1088 1320 1150 indignitas,
1365 1088 1644 1142 humanitas,
1686 1085 1758 1132 in-

422 1170 707 1224 humanitas,
757 1175 808 1215 et
856 1174 1053 1215 caetera
1092 1166 1289 1231 generis
1331 1165 1584 1231 ejusdem:
1639 1180 1759 1228 quo-

420 1265 532 1297 rum
555 1247 797 1296 tractatio
815 1256 890 1295 est
915 1247 1106 1304 eadem,
1134 1263 1259 1311 quae
1280 1246 1603 1311 superiorum,
1631 1260 1762 1309 quae

421 1329 628 1377 adversa
652 1327 770 1375 dixi.
842 1326 976 1374 Nam
1002 1326 1096 1374 alia
1121 1342 1319 1391 quoque
1350 1334 1466 1373 sunt
1490 1323 1763 1374 contrario-

420 1423 531 1456 rum
555 1422 756 1471 genera,
794 1405 932 1453 velut
974 1422 1032 1452 ea
1070 1421 1196 1468 quae
1240 1421 1353 1452 cum
1396 1403 1561 1469 aliquo
1592 1401 1762 1452 confe-

420 1493 632 1535 runtur:
675 1492 732 1533 ut
774 1482 996 1548 duplum,
1035 1482 1301 1547 simplum3
1346 1482 1521 1543 multa,
1562 1498 1759 1548 pauca;

420 1564 649 1631 longum,
670 1564 854 1623 breve3
894 1561 1069 1627 majus,
1098 1563 1276 1611 minus.
1338 1563 1464 1612 Sunt
1489 1563 1637 1612 etiam
1660 1560 1766 1610 val-

423 1643 487 1692 de
514 1642 760 1691 contraria
783 1641 866 1689 illa
891 1658 1017 1706 quae
1043 1640 1353 1706 appellantur
1375 1642 1625 1707 negantia.
1685 1640 1768 1689 Ea

423 1721 651 1779 οἷποφατικοί
671 1720 871 1776 Graeci,
901 1720 1147 1768 contraria
1171 1721 1446 1769 aientibus:
1486 1728 1560 1779 ut,
1589 1719 1638 1768 Si
1662 1720 1767 1769 hoc

423 1809 518 1861 est,
554 1800 678 1848 illud
714 1815 814 1847 non
846 1808 934 1846 est.
1009 1799 1147 1855 Quid
1189 1799 1321 1847 enim
1364 1817 1487 1864 opus
1529 1798 1766 1864 exemplo·

423 1881 532 1930 est?
582 1880 803 1927 Tantum
841 1877 1163 1943 intelligatur,
1203 1887 1498 1944 argumento
1523 1895 1760 1944 quaeren-

423 1961 503 2017 do,
543 1958 802 2008 contrariis
827 1958 1056 2006 omnibus
1077 1959 1325 2006 contraria
1349 1975 1449 2006 non
1475 1959 1767 2008 convenire..

425 2038 508 2087 Ab
534 2036 781 2101 adjunctis
820 2043 988 2083 autem
1026 2036 1168 2101 posui
1209 2037 1439 2101 equidem
1477 2037 1763 2102 exemplum

423 2118 573 2184 paulo
598 2126 729 2173 ante,
768 2116 925 2164 multa
967 2117 1159 2165 scilicet
1200 2117 1425 2183 adjungi,
1461 2135 1589 2183 quae
1615 2117 1765 2167 susci-

422 2197 609 2263 pienda
633 2204 817 2255 essent,
854 2197 892 2244 si
918 2197 1276 2256 statuissemUS,
1309 2215 1371 2246 ex
1397 2198 1565 2248 edicto
1589 2213 1765 2247 secun-

426 2277 546 2326 dum
572 2292 653 2324 eas
694 2274 886 2323 tabulas
928 2277 1286 2340 possess10nem
1324 2278 1447 2338 dari,
1485 2295 1605 2343 quas
1628 2278 1669 2326 is
1691 2277 1767 2326 in-

411 2356 686 2413 ,stituisset,
713 2355 793 2402 cui
818 2356 1105 2404 testamenti
1129 2354 1282 2404 factio
1308 2356 1444 2404 nulla
1469 2365 1614 2406 esset.
1666 2357 1770 2406 Sed

426 2435 568 2484 locus
604 2434 686 2482 hic
723 2434 879 2498 magis
916 2435 978 2482 ad
1017 2434 1376 2500 conjecturales
1413 2453 1602 2496 causas,
1638 2453 1768 2502 quae

429 2520 688 2565 versantur
707 2513 757 2560 in
773 2512 996 2578 judiciis,
1017 2513 1178 2562 valet:
1219 2532 1332 2563 cum
1353 2516 1626 2580 quaer-itur,
1645 2517 1770 2582 quid

430 2603 517 2644 aut
541 2595 622 2653 sit,
659 2601 745 2641 aut
769 2594 1012 2653 evenerit,
1047 2603 1133 2642 aut
1167 2593 1392 2643 futurum
1421 2596 1497 2653 sit,
1536 2604 1622 2645 aut
1647 2598 1767 2662 quid

430 2674 634 2723 omnino
658 2672 762 2721 fieri
787 2673 959 2738 possit.
1033 2674 1113 2722 Ae
1138 2674 1241 2724 loci·
1262 2676 1461 2740 quidem
1495 2676 1647 2741 ipsius
1669 2676 1769 2726 for-

431 2771 514 2803 ma
536 2753 647 2802 talis
672 2760 762 2801 est.

503 2833 762 2882 Admonet
785 2841 957 2882 autem
977 2834 1060 2882 hic
1084 2834 1240 2891 locus,
1267 2843 1324 2884 ut
1343 2844 1629 2901 quaeratur,
1647 2837 1769 2902 quid

436 2922 550 2962 ante
574 2929 696 2972 rem,
733 2913 855 2980 quid
879 2931 992 2963 cum
1018 2931 1090 2975 re,
1120 2915 1241 2981 quid
1262 2925 1376 2982 post
1399 2933 1504 2967 rem
1529 2917 1767 2968 evenerit.
