2138 3528
1036 314 1122 370 viii

493 440 677 487 catione
707 455 869 488 rerum
907 442 1216 504 locorumque,
1255 456 1346 504 qua
1380 441 1594 506 inprimis
1615 442 1750 495 'valu-

494 519 584 566 isse
606 520 898 575 credebatur,
923 534 967 567 v.
986 521 1078 568 Cic.
1101 523 1158 568 de
1176 520 1301 568 Clar.
1326 512 1461 568 Orat.
1486 538 1526 569 c.
1545 529 1623 575 37.
1647 540 1751 573 cum

491 604 656 644 contra
679 614 773 645 non
797 599 1138 661 elegantissimo
1158 614 1367 646 sermone
1386 606 1597 649 uteretur
1611 610 1751 666 atque

493 676 746 739 diligenter
781 678 999 740 loquendi
1035 679 1172 724 laude
1205 685 1403 726 careret.
1472 680 1556 727 Ad
1593 680 1753 728 inven-

494 754 662 801 tionem
686 771 846 803 rerum
869 763 1022 803 autem
1056 757 1275 819 quoniam
1300 758 1513 820 pertinet
1532 758 1672 806 etiam
1694 761 1753 808 de

474 832 607 893 jocis
629 840 677 880 et
689 834 889 895 jacetiis
913 835 1056 892 locus,
1092 842 1141 882 et
1161 835 1336 883 Caesar
1356 837 1636 883 credebatur
1659 852 1754 884 om-

490 912 618 958 nium
624 912 946 973 facetissimus
964 920 1013 959 et
1026 913 1074 959 in
1074 913 1290 974 jocando
1310 914 1618 976 lepidissimus
1635 930 1749 973 esse,

490 989 535 1036 ei
558 991 615 1036 de
639 990 712 1037 leis
735 990 1007 1053 disputandi
1022 999 1189 1054 partes
1213 994 1482 1040 traduntur.

425 1067 576 1115 Redit
594 1069 661 1115 ad
682 1068 900 1116 Crassum
922 1070 973 1117 in
998 1070 1116 1117 libro
1137 1072 1272 1118 tertio
1291 1071 1553 1119 disserendi
1567 1087 1754 1132 munus,

491 1146 820 1209 induciturque
844 1149 902 1194 de
926 1149 1211 1196 ornamentis
1230 1150 1458 1197 orationis
1480 1157 1530 1196 et
1549 1157 1644 1198 tota
1661 1151 1755 1199 elo-

431 1244 433 1246 ·
488 1226 673 1272 cutione
693 1226 1010 1287 praecipiens,
1042 1227 1092 1273 in
1115 1244 1209 1290 qua
1229 1228 1396 1276 ceteris
1421 1230 1632 1276 omnibus
1645 1231 1754 1293 pal-

487 1319 609 1349 mam
625 1302 912 1366 praeripere
927 1305 1206 1366 putabatur.
1254 1307 1349 1353 Cic.
1367 1309 1424 1354 de
1439 1308 1592 1355 Claris
1606 1309 1694 1356 Or.
1708 1325 1751 1357 c.

489 1389 569 1428 38.
595 1381 757 1428 Docet
775 1388 928 1428 autem
943 1382 1188 1429 dicendum
1208 1398 1307 1431 esse
1323 1383 1481 1440 latine,
1495 1385 1658 1446 plane,
1677 1401 1754 1434 or-

488 1466 617 1515 nate,
652 1466 702 1505 et
726 1466 849 1521 apte,
885 1459 933 1506 in
958 1475 1156 1521 quorum
1187 1460 1323 1508 tertio
1347 1461 1562 1524 inprimis
1584 1464 1754 1513 multus

489 1544 572 1584 est.
644 1537 877 1584 Ornatam
916 1544 1070 1584 autem
1109 1538 1310 1586 existere
1350 1539 1555 1586 ostendit
1587 1555 1692 1587 cum
1726 1557 1755 1590 e

488 1615 741 1662 verborum
775 1615 968 1671 delectu,
1008 1622 1104 1662 tum
1127 1631 1152 1662 e
1178 1616 1341 1678 tropis,
1358 1617 1564 1680 figuris,
1601 1625 1651 1666 et
1667 1634 1755 1667 nu-

488 1709 633 1740 mero.
704 1694 968 1741 Adduntur
1006 1700 1158 1741 tamen
1194 1696 1423 1756 quaedam
1459 1697 1517 1743 de
1553 1697 1753 1745 actione.

488 1772 785 1835 Digreditur
808 1773 874 1818 ad
895 1772 1056 1820 laudes
1078 1773 1383 1835 eloquentiae,
1421 1773 1554 1836 eique
1583 1775 1753 1836 adjun-

486 1853 694 1914 gendam
733 1865 831 1898 esse
872 1851 1010 1898 docet
1036 1851 1400 1914 philosophiam,
1441 1867 1536 1899 non
1571 1853 1754 1917 Epicu-

489 1944 621 1976 ream
651 1928 834 1990 quidem
862 1935 950 1975 aut
979 1929 1199 1985 Stoicam,
1240 1931 1326 1977 sed
1351 1930 1679 1979 Academicam
1707 1940 1757 1981 et

488 2006 612 2055 Peri
606 2006 874 2069 pateticam.
957 2007 1027 2054 In
1071 2008 1268 2054 eoeordio
1311 2008 1474 2056 Cicero
1502 2008 1754 2068 funestam

491 2092 686 2132 mortem
707 2101 869 2132 eorum
893 2086 1124 2148 deplorat,
1160 2086 1242 2149 qui
1270 2087 1321 2134 in
1343 2086 1416 2135 his
1439 2086 1571 2136 libris
1594 2087 1753 2152 dispu-

495 2169 644 2211 tantes
665 2163 968 2212 inducuntur.
1037 2162 1320 2213 Ennzsrus.
