2071 3508
619 397 786 436 LIBER
816 396 1123 437 SECUNDUS.
1471 404 1547 442 145

215 526 310 574 que
335 508 447 564 feci,
485 505 676 561 Catule,
717 512 768 553 et
791 504 994 553 istorum
1015 505 1234 553 omnium
1261 509 1541 557 summatim

214 605 397 643 causas,
424 594 474 634 et
496 600 681 649 genera
705 584 808 648 ipsa
831 584 1043 648 gustavi.

278 666 438 715 Valde
478 664 698 723 hercule,
739 664 900 728 inquit
941 663 1166 723 Catulus,
1207 665 1400 724 timide,
1436 674 1540 714 tan-
1579 659 1617 716 3

211 761 355 810 quam
397 744 461 792 ad
497 742 709 807 aliquem
747 742 962 790 libidinis
1001 743 1277 808 scopulum,
1308 744 1377 791 sic
1403 752 1540 793 tuam

208 831 427 870 mentem
463 821 527 870 ad
555 821 913 886 philosophiam
938 821 1204 887 appulisti3
1244 839 1390 886 quam
1416 822 1540 871 haec

208 900 380 948 civitas
405 908 663 965 aspernata
686 916 938 964 nunquam
964 908 1051 948 est.
1124 900 1254 948 Nam
1285 909 1336 949 et
1360 901 1542 950 referta

208 978 456 1042 quondam
500 977 644 1026 Italia
681 976 1103 1042 Pythagoreorum
1128 977 1242 1038 fuit,
1272 987 1398 1039 tum,
1425 997 1539 1029 cum

207 1064 313 1103 erat
346 1055 396 1102 in
432 1056 526 1104 hac
561 1064 713 1120 gente
749 1072 929 1120 magna
951 1055 1034 1103 illa
1058 1056 1305 1106 Graecia:
1345 1075 1406 1106 ex
1443 1077 1541 1124 quo

208 1134 356 1182 etiam
395 1134 595 1199 quidam
619 1134 837 1183 Numam
864 1134 1179 1199 Pompilium,
1220 1152 1390 1200 regem
1432 1154 1542 1187 nos-

207 1220 358 1271 trum,
395 1212 545 1260 fuisse
596 1212 963 1277 Pythagoreum
1011 1212 1213 1273 ferunt;
1269 1214 1353 1278 qui
1399 1218 1541 1266 annis

205 1291 461 1356 permultis
487 1299 601 1339 ante
625 1290 739 1351 fuit,
765 1307 910 1355 quam
936 1291 1039 1355 ipse
1067 1292 1369 1357 Pythagoras
1391 1311 1402 1341 ε
1442 1312 1540 1359 quo

208 1370 356 1418 etiam
377 1369 531 1435 major
555 1369 628 1418 vir
651 1369 910 1418 habendus
936 1378 1028 1428 est,
1054 1386 1167 1418 cum
1191 1370 1324 1418 illam
1350 1374 1539 1437 sapien-

206 1450 326 1497 tiam
369 1449 745 1498 constituendae
783 1448 995 1496 civitatis
1031 1447 1223 1497 duobus
1258 1465 1413 1515 prope
1438 1467 1541 1500 sae-

206 1529 328 1577 culis
368 1536 482 1576 ante
525 1527 779 1592 cognovit,
817 1544 965 1591 quam
1007 1544 1115 1576 eam
1151 1529 1336 1578 Graeci
1372 1539 1539 1578 natam

205 1624 310 1656 esse
336 1614 607 1655 senserunt.
658 1606 725 1654 Et
749 1615 884 1654 certe
910 1622 1010 1654 non
1035 1606 1150 1655 tulit
1173 1607 1298 1656 ullos
1323 1609 1447 1658 haec
1473 1611 1539 1658 ci-

203 1687 328 1736 vitas
352 1694 438 1734 aut
459 1685 616 1751 gloria
640 1685 888 1745 clariores,
926 1694 1012 1734 aut
1047 1687 1342 1736 auctoritate
1380 1690 1541 1753 gravi-

203 1783 330 1825 ores,
355 1773 441 1814 aut
463 1765 772 1814 humanitate
797 1765 1069 1831 politiores,
1107 1766 1161 1814 P.
1191 1767 1452 1828 Africano,
1479 1769 1537 1818 C.

203 1845 394 1905 Laelio,
414 1846 472 1894 L.
499 1846 667 1906 Furio,
703 1847 787 1911 qui
812 1863 981 1895 secum
1006 1847 1359 1897 eruditissimos
1383 1848 1539 1898 homi-

202 1942 289 1975 nes
314 1942 377 1974 ex
401 1925 617 1974 Graecia
650 1925 812 1989 palam
848 1942 1040 1990 semper
1077 1926 1373 1975 habuerunt.
1446 1928 1538 1978 At-

202 2021 299 2070 que
325 2021 419 2069 ego
445 2021 507 2053 ex
531 2004 635 2052 istis
660 2021 805 2069 saepe
831 2005 1014 2064 audivi,
1035 2023 1148 2054 cum
1168 2006 1412 2067 dicerent,
1430 2025 1538 2073 per-

201 2092 398 2149 gratum
443 2083 777 2132 Athenienses
815 2092 867 2132 et
903 2085 993 2132 sibi
1030 2084 1224 2144 fecisse,
1273 2094 1322 2134 et
1370 2087 1537 2137 multis

200 2163 506 2228 principibus
531 2162 762 2221 civitatis,
805 2163 956 2228 quod,
994 2180 1107 2212 cum
1132 2165 1195 2212 ad
1220 2174 1446 2214 senatum
1470 2167 1537 2216 le-

200 2249 344 2306 gatos
364 2242 425 2290 de
447 2242 545 2289 suis
570 2242 796 2290 maximis
815 2243 959 2290 rebus
985 2243 1259 2303 mitterent,
1284 2252 1383 2293 tres
1408 2245 1537 2295 illius

201 2323 376 2370 aetatis
413 2321 738 2371 nobilissimos
761 2322 1078 2387 philosophos
1113 2324 1377 2384 misissent,
1420 2324 1536 2373 Car-

200 2400 428 2459 neadem,
453 2407 505 2448 et
529 2399 822 2459 Critolaum,
842 2408 893 2447 et
917 2401 1200 2465 Diogenem
1220 2420 1231 2449 :
1259 2403 1426 2467 itaque
1453 2421 1537 2452 eos

200 2479 320 2527 dum
348 2480 538 2527 Romae
564 2487 746 2537 essent,
786 2486 837 2527 et
860 2496 887 2526 a
913 2496 982 2538 se,
1019 2488 1070 2527 et
1094 2482 1153 2529 ab
1179 2481 1283 2529 aliis
1307 2481 1537 2547 frequen-

199 2567 276 2607 ter
300 2557 524 2605 auditos:
563 2573 684 2620 quos
708 2564 764 2604 tu
790 2573 903 2605 cum
929 2557 1133 2606 haberes
1158 2568 1403 2619 auctores,
1432 2561 1536 2609 An-

200 2637 326 2694 toni,
368 2636 535 2694 miror,
577 2651 665 2682 cur
697 2634 1055 2700 philosophiae,
1087 2637 1215 2685 sicut
1241 2639 1426 2687 Zethus
1452 2639 1534 2689 ille

1575 1942 1682 1983 155.

201 2714 529 2772 Pacuvianus,
576 2729 729 2778 prope
763 2713 947 2761 bellum
979 2714 1229 2763 indixeris.
1302 2717 1533 2779 Minime,
1570 2725 1678 2767 156.

198 2793 362 2858 inquit
388 2792 667 2841 Antonius:
695 2809 753 2841 ac
777 2792 847 2840 sic
873 2792 1071 2841 decrevi
1094 2793 1425 2861 philosophari
1448 2814 1534 2863 po-

199 2872 317 2933 tius,
340 2879 398 2921 ut
421 2870 779 2937 Neoptolemus
803 2870 935 2940 apud
957 2871 1192 2932 Ennium,
1204 2875 1398 2940 paucis:
1423 2893 1530 2927 nam

1164 2967 1199 3001 K
