2071 3508
268 500 374 560 61.

266 591 379 637 227.

257 1711 370 1751 228.

412 409 490 446 304
902 406 979 446 DE
1009 406 1278 446 ORATORE

479 515 539 563 In
585 515 718 563 ornni
754 533 896 575 voce,
932 512 1092 581 inq'uit
1134 516 1352 574 Crassus,
1389 521 1463 562 est
1498 514 1732 579 quiddam

410 594 648 653 medium,
683 595 770 643 sed
805 612 946 643 suum
971 595 1149 659 cuique
1169 594 1312 642 voci:
1350 593 1465 641 hinc
1490 593 1734 657 gradatim

411 674 677 722 ascendere
700 691 876 723 vocem
891 674 1012 722 utile
1033 682 1083 722 et
1102 690 1248 722 suave
1269 680 1343 721 est
1363 691 1374 720 ε
1414 690 1526 720 nam
1551 690 1579 720 a
1602 671 1733 736 prin-

410 754 539 817 cipio
564 753 792 813 clamare,
809 762 1003 818 agreste
1022 754 1255 817 quiddam
1273 760 1364 811 est,
1384 761 1434 800 et
1453 752 1575 799 illud
1598 751 1732 799 idem

408 832 471 879 ad
510 832 797 880 firmandam
836 840 910 880 est
946 848 1121 879 vocem
1157 831 1401 879 salutare:
1441 830 1621 878 deinde
1657 835 1734 878 θεῖ

408 910 641 975 quiddam
683 911 1013 974 contentionis
1053 918 1348 969 extremum,
1391 910 1524 974 quod
1563 917 1732 957 tamen

406 989 610 1038 interius
652 999 745 1048 θεῖ,
782 1006 929 1054 quam
971 989 1280 1038 acutissimus
1320 988 1520 1047 clamor,
1557 1005 1654 1053 quo
1677 995 1730 1036 te

404 1068 565 1117 fistula
586 1069 818 1133 progredi
842 1085 941 1116 non
968 1069 1113 1127 sinet,
1139 1077 1189 1116 et
1211 1076 1379 1116 tamen
1403 1069 1463 1116 ab
1488 1069 1593 1133 ipsa
1617 1083 1734 1115 con-

404 1147 627 1194 tentione
651 1148 918 1195 revocabit.
990 1146 1079 1193 Est
1115 1147 1235 1194 item
1266 1150 1445 1194 'contra
1483 1145 1733 1209 quoddam

403 1224 455 1270 in
479 1225 762 1273 remissione
786 1225 1141 1289 gravissimum,
1175 1241 1370 1288 quoque
1399 1231 1633 1286 tanquam
1659 1239 1734 1270 so-

403 1319 578 1349 norum
601 1302 835 1366 gradibus
860 1302 1192 1350 descenditur.
1265 1301 1407 1349 Haec
1431 1301 1655 1357 varietas,
1682 1308 1735 1349 et

403 1381 485 1427 hic
507 1397 596 1444 per
619 1397 789 1429 omnes
814 1398 957 1429 sonos
982 1381 1117 1429 vocis
1137 1397 1321 1436 cursus,
1343 1387 1394 1427 et
1417 1396 1468 1427 se
1491 1379 1732 1438 tuebitur,

404 1466 455 1506 et
479 1459 662 1507 actioni
698 1460 867 1508 afferet
903 1461 1210 1508 suavitatem.
1283 1459 1381 1507 Sed
1408 1457 1730 1505 fistulatorem

405 1536 538 1584 domi
578 1536 883 1600 relinquetis,
923 1555 1117 1584 sensum
1165 1536 1309 1600 hujus
1358 1536 1729 1585 consuetudinis

402 1616 655 1663 vobiscum
681 1615 744 1662 ad
767 1614 928 1662 forum
951 1615 1198 1663 deferetis.

470 1694 617 1741 Edidi
638 1711 761 1758 quae
780 1695 938 1758 potui,
958 1711 1056 1742 non
1076 1703 1132 1742 ut
1151 1694 1298 1750 volui,
1321 1695 1407 1742 sed
1431 1702 1487 1742 ut
1502 1712 1581 1743 me
1605 1703 1729 1743 tem-

397 1773 528 1838 poris
563 1774 818 1837 angustiae
855 1777 1141 1837 coegerunt.
1229 1774 1417 1821 Scitum
1464 1782 1537 1821 est
1579 1774 1726 1830 enim,

399 1869 595 1899 causam
634 1851 858 1900 conferre
895 1853 945 1899 in
983 1861 1195 1917 tempus,
1233 1869 1345 1900 cum
1372 1852 1542 1900 efferre
1566 1853 1725 1916 plura,

398 1931 435 1977 si
462 1932 648 1995 cupias,
673 1948 773 1979 non
799 1948 961 1994 queas.
1033 1931 1114 1978 Tu
1137 1948 1273 1990 vero,
1309 1932 1469 1995 inquit
1500 1931 1721 1988 Catulus,

397 2005 638 2073 collegisti
663 2009 844 2067 omnia,
881 2018 1120 2073 quantum
1146 2026 1238 2073 ego
1263 2027 1459 2073 possum
1476 2009 1722 2074 judicare,

395 2088 464 2135 ita
489 2088 740 2147 divinitus,
766 2098 821 2136 ut
845 2105 944 2136 non
970 2107 997 2136 a
1022 2089 1229 2137 Graecis
1256 2089 1499 2145 didicisse,
1527 2090 1614 2137 sed
1639 2107 1723 2138 eos

394 2166 523 2230 ipsos
564 2167 687 2215 haec
723 2168 901 2215 docere
939 2185 1080 2232 posse
1119 2168 1332 2215 videare.
1405 2168 1493 2216 Me
1519 2169 1721 2232 quidem

392 2245 531 2292 istius
557 2246 791 2292 sermonis
815 2247 1107 2310 participem
1131 2247 1319 2294 factum
1356 2263 1460 2294 esse
1485 2247 1680 2311 gaudeo
1701 2269 1716 2308 ;

391 2340 449 2370 ac
473 2323 670 2381 vellem,
695 2333 751 2370 ut
775 2341 912 2371 meus
935 2341 1108 2388 gener,
1134 2325 1310 2372 sodalis
1342 2334 1473 2383 tuus,
1502 2325 1720 2375 Horten-

391 2402 506 2460 sius,
531 2402 745 2450 affuisset
766 2423 777 2461 3
818 2420 964 2466 quem
1001 2403 1199 2466 quidem
1227 2420 1320 2467 ego
1346 2403 1540 2451 confido
1565 2405 1720 2452 omni-

389 2481 481 2528 bus
521 2481 624 2528 istis
661 2481 906 2540 laudibus,
946 2499 1064 2545 quas
1089 2491 1144 2530 tu
1169 2483 1389 2530 oratione
1429 2483 1718 2547 complexus

347 2597 357 2608 .
391 2576 460 2618 es,
501 2559 829 2607 excellentem
869 2560 990 2608 fore.
1063 2561 1129 2608 Et
1153 2561 1372 2620 CraSSUS,
1409 2561 1533 2610 Fore
1559 2562 1716 2611 dicis?

388 2639 582 2702 inquit3
622 2655 716 2703 ego
755 2656 872 2686 vero
908 2656 1012 2686 esse
1028 2638 1132 2703 jam
1155 2639 1347 2703 judico,
1385 2649 1435 2688 et
1458 2649 1565 2688 tum
1579 2641 1713 2706 judi-

390 2717 512 2776 cavi,
538 2734 671 2776 cum,
696 2734 774 2766 me
801 2718 1021 2777 consule,
1046 2719 1096 2765 in
1122 2728 1294 2767 senatu
1321 2736 1516 2767 causam
1542 2719 1711 2769 defen-

388 2795 460 2843 dit
502 2795 722 2857 Africae,
765 2813 1019 2864 nuperque
1062 2798 1209 2848 etiam
1250 2799 1423 2864 magis,
1466 2816 1579 2849 cum
1619 2815 1710 2865 pro
