2071 3508
432 471 510 511 3516
925 470 1002 508 DE
1034 469 1234 509 CLARIS

432 587 547 628 ante
573 578 834 638 Periclem,
870 578 1008 643 cujus
1044 579 1225 643 scripta
1250 577 1489 642 quaedam
1513 575 1757 636 feruntur,

433 666 485 707 et
525 657 893 724 Thucydidem,
930 658 1013 721 qui
1048 674 1148 705 non
1188 655 1503 705 nascentibus
1528 654 1760 713 Athenis,

433 739 520 786 sed
552 736 657 801 jam
700 736 878 784 adultis
918 736 1139 795 fuerunt,
1179 736 1321 784 litera
1344 734 1479 783 nulla
1502 742 1594 792 est,
1636 749 1762 797 quae

434 815 633 879 quidem
681 822 908 863 ornatum
954 814 1166 878 aliquem
1213 813 1410 872 habeat,
1463 820 1512 861 et
1559 811 1763 859 oratoris

436 911 539 942 esse
575 894 816 942 videatur.
906 894 1201 957 Quanquam
1239 893 1405 956 opinio
1447 900 1521 940 est
1556 899 1607 940 et
1631 907 1767 950 eum,

436 972 520 1034 qui
546 971 712 1018 multis
738 971 876 1017 annis
902 978 1015 1018 ante
1035 970 1123 1017 hos
1147 971 1316 1030 fuerit,
1354 970 1678 1028 Pisistratum,
1714 975 1766 1016 et

435 1049 583 1113 paulo
609 1048 849 1095 seniorem
876 1048 1024 1095 etiam
1051 1048 1297 1109 Solonem,
1326 1056 1596 1112 posteaque
1622 1046 1766 1095 Clist-

438 1125 635 1186 henem,
661 1126 891 1184 multum,
916 1134 974 1173 ut
996 1127 1302 1190 temporibus
1327 1127 1439 1185 illis,
1464 1127 1671 1174 valuisse
1695 1125 1767 1172 di-

439 1205 615 1253 cendo.
686 1204 804 1251 Post
826 1204 954 1251 hanc
980 1211 1194 1251 aetatem
1220 1203 1405 1267 aliquot
1429 1204 1588 1261 annis,
1623 1212 1680 1250 ut
1704 1220 1768 1251 ex

441 1283 626 1331 Atticis
661 1282 994 1330 monumentis
1018 1289 1183 1346 potest
1217 1282 1448 1346 perspici,
1490 1281 1770 1329 Themisto-

441 1361 541 1408 cles
577 1360 703 1420 fuit3
761 1377 907 1425 quem
947 1369 1140 1409 constat
1178 1377 1292 1408 cum
1331 1360 1614 1424 prudentia,
1662 1367 1770 1408 tum

441 1440 587 1487 ctiam
615 1440 896 1503 eloquentia
918 1440 1250 1504 praestitisse:
1287 1447 1399 1503 post
1418 1438 1650 1497 Pericles,
1686 1438 1771 1502 qui

443 1534 556 1565 cum
594 1518 791 1564 floreret
831 1517 964 1564 omni
995 1534 1178 1581 genere
1218 1517 1431 1575 virtutis,
1473 1517 1566 1564 hac
1603 1524 1770 1564 tamen

442 1595 537 1643 fuit
574 1595 720 1642 laude
759 1595 1067 1643 clarissimus.
1138 1595 1375 1643 Cleonem
1412 1595 1559 1642 etiam
1583 1603 1772 1659 tempo-

443 1673 575 1721 ribus
600 1673 711 1731 illis,
730 1673 1070 1721 turbulentum
1094 1673 1231 1720 illum
1257 1673 1455 1737 quidem
1482 1674 1659 1731 civem,
1685 1672 1772 1720 sed

443 1761 611 1799 tamen
653 1751 966 1816 eloquentem
1009 1760 1202 1800 constat
1225 1752 1389 1799 fuisse.
1461 1752 1597 1799 Huic
1622 1751 1773 1799 aetati

443 1845 675 1894 suppares
703 1830 1007 1888 Alcibiades,
1045 1831 1239 1888 Critias,
1276 1830 1640 1878 Theramenes:
1669 1831 1772 1894 qui-

443 1910 533 1957 bus
558 1910 861 1973 temporibus
886 1909 1019 1972 quod
1044 1908 1241 1956 dicendi
1266 1925 1422 1972 genus
1445 1909 1677 1972 viguerit,
1710 1926 1773 1957 ex

443 1987 753 2051 Thucydidis
792 1987 1002 2050 scriptis,
1045 1987 1127 2050 qui
1152 1987 1254 2051 ipse
1279 1995 1384 2034 tum
1409 1986 1521 2046 fuit,
1562 1987 1773 2052 intelligi

443 2067 656 2114 maxime
693 2075 871 2131 potest.
944 2067 1173 2114 Grandes
1215 2074 1354 2113 erant
1393 2066 1573 2125 verbis,
1615 2067 1773 2115 crebri

444 2145 715 2200 sententiis,
768 2144 1130 2208 compressione
1172 2161 1334 2192 rerum
1373 2146 1566 2202 breveS‚
1619 2152 1670 2192 et
1709 2145 1772 2192 ob

446 2238 553 2268 eam
578 2222 732 2285 ipsam
758 2238 955 2269 causam
981 2223 1230 2270 interdum
1257 2223 1559 2271 subobscuri.

513 2300 609 2347 Sed
634 2308 690 2347 ut
712 2300 1020 2348 intellectum
1058 2311 1149 2359 est,
1181 2310 1412 2365 quantam
1447 2301 1545 2348 vim
1570 2301 1775 2350 haberet

445 2387 696 2436 accurata,
734 2386 783 2425 et
824 2378 958 2426 facta
998 2380 1211 2442 quodam
1253 2379 1402 2426 modo
1443 2379 1627 2439 orati03
1666 2387 1773 2427 tum

448 2457 595 2503 etiam
622 2457 841 2520 magistri
868 2458 1067 2506 dicendi
1091 2458 1233 2505 multi
1259 2458 1419 2505 subito
1444 2458 1772 2507 exstiterunt:

449 2543 555 2581 tum
582 2535 855 2583 Leontinus
882 2536 1112 2600 Gorgias,
1149 2535 1544 2601 Thrasymachus
1570 2536 1776 2585 Chalce-

449 2614 641 2671 donius,
687 2615 977 2678 Protagoras
1021 2615 1305 2673 Abderites,
1351 2615 1588 2662 Prodicus
1624 2616 1774 2676 Ceus,

455 2691 660 2756 Hippias
699 2692 847 2740 Eleus
884 2694 935 2740 in
977 2693 1162 2742 honore
1204 2710 1385 2758 magno
1419 2692 1552 2753 fuit3
1597 2693 1776 2758 aliique

449 2770 588 2818 multi
630 2772 931 2835 temporibus
974 2772 1158 2820 eisdem
1195 2773 1373 2820 docere
1399 2788 1450 2819 se
1484 2772 1775 2837 profiteban-

450 2855 546 2905 tur,
595 2851 932 2912 arrogantibus
975 2868 1089 2899 sane
1130 2851 1308 2909 verbiS,
1356 2851 1772 2914 quemadmodum

451 2941 594 2974 causa
637 2927 837 2976 inferior
874 2930 968 2993 (ita
1009 2930 1139 2978 enim
1173 2928 1524 2994 loquebantur)
1561 2928 1776 2978 dicendo
