2071 3508
369 390 448 429 ,536
776 383 1212 424 ANNOTATIONES
1241 383 1301 422 IN

369 491 494 543 Igitur
511 490 577 528 lib.
597 488 685 528 xvii.
707 502 789 540 cap.
809 493 847 528 5.
910 489 1033 534 Certe,
1064 487 1200 538 inquit,
1234 487 1376 532 Cicero,
1405 484 1471 522 lux
1497 483 1685 523 doctrinm

368 571 452 596 rum
471 555 607 602 altera,
629 556 798 602 meliora,
818 555 953 607 inquit,
975 561 1172 605 unguenta
1184 561 1272 591 sunt
1288 565 1384 604 quae
1400 559 1552 598 terram,
1572 564 1687 603 quam

373 636 471 674 quae
501 636 659 662 crocum
679 624 842 675 sapiunt.
901 624 987 661 Hoc
1008 622 1104 659 enim
1124 621 1255 659 maluit
1274 621 1424 666 dixisse,
1454 632 1562 671 qnam
1581 620 1689 656 redo-

371 688 461 727 lent.
517 691 581 728 Ita
600 697 654 728 est
665 691 857 743 profecto.-
887 688 953 726 illa
974 689 1046 726 erit
1065 688 1201 741 optima
1222 701 1317 739 qnae
1342 692 1532 739 unguenta
1550 686 1688 738 sapiat.

377 755 488 800 Quod
503 757 537 794 si
555 758 778 795 admonendi
796 770 920 794 sumus
939 755 1060 807 qualis
1081 756 1128 793 sit
1147 762 1272 793 terrae
1291 755 1382 793 odor
1406 752 1470 792 ille
1495 753 1560 804 qui
1578 765 1691 803 quae-

375 822 489 870 ritur,
508 824 690 876 contingit
708 837 816 875 saepe
836 823 947 861 etiam
967 822 1172 874 quiescente
1194 836 1238 860 ea
1260 821 1326 859 sab
1345 834 1509 859 occasum
1529 818 1630 865 solis,
1650 818 1691 856 in

376 903 448 941 quo
477 888 554 928 loco
583 903 692 928 arcus
711 889 852 927 celestis
871 888 1047 940 dejecerit
1065 888 1190 940 capita
1209 901 1291 933 sua,
1322 893 1356 925 et
1385 900 1465 924 cum
1486 900 1509 923 a
1529 885 1694 923 siccitate

375 956 552 993 continua
573 956 768 993 immaduit
788 955 903 993 imbre
917 971 930 993 .·
961 962 1049 992 tnnc
1068 954 1201 992 emittit
1216 954 1320 992 illum
1339 967 1445 991 suum
1459 952 1616 990 halitum
1636 952 1694 990 di-

378 1021 503 1058 vinum
524 1035 568 1059 ea:
587 1021 662 1060 sole
681 1028 907 1074 conceptum,
936 1021 996 1059 cui
1013 1021 1224 1073 comparari
1247 1020 1414 1058 suavitas
1438 1018 1541 1057 nulla
1563 1019 1697 1070 possit.

379 1085 612 1125 PssrAvms.

434 1153 529 1204 Pag.
549 1156 641 1194 271.
668 1153 733 1190 lin.
757 1155 816 1193 17.
874 1153 925 1190 ad
944 1151 1177 1204 clepsydram
1195 1151 1353 1197 latrare,
1371 1153 1466 1202 &c.]
1529 1150 1700 1188 Oratori-

381 1220 453 1257 bus
481 1219 530 1256 ad
546 1232 683 1257 causas
708 1219 876 1270 agendas
897 1226 1046 1256 certum
1066 1226 1217 1269 tempus
1237 1218 1490 1256 definiebatur
1508 1230 1578 1269 per
1598 1217 1702 1268 clep-

382 1285 548 1336 sydram,
582 1299 659 1337 quo
689 1286 818 1337 elapso
849 1285 960 1323 silere
993 1297 1151 1323 necesse
1171 1291 1265 1322 erat.
1323 1283 1535 1336 Clepsydra
1559 1296 1626 1320 vas
1644 1290 1704 1321 est

383 1351 528 1390 habens
548 1352 732 1403 exiguum
760 1351 933 1389 foramen
963 1351 1002 1388 in
1019 1351 1154 1397 fundo,
1189 1351 1293 1402 quod
1319 1351 1359 1388 in
1381 1350 1529 1402 judicio
1548 1350 1705 1402 plenum

385 1430 485 1469 aqua
503 1419 732 1470 ponebatur,
758 1418 807 1456 ad
827 1432 940 1469 quam
961 1426 1131 1456 oratores
1151 1418 1343 1456 dicebant.
1399 1417 1509 1456 Falso
1529 1417 1599 1456 sibi
1618 1430 1706 1469 per-

385 1485 566 1523 suaderet
585 1485 734 1536 aliquis,
748 1485 987 1536 clepsydram
1006 1484 1144 1523 nostris
1161 1484 1279 1523 fuisse
1298 1484 1591 1536 clepsammidiis
1605 1484 1707 1522 simi-

386 1551 477 1597 lem,
497 1551 572 1589 hoc
592 1558 663 1598 est,
692 1550 913 1602 horologiis,
944 1559 986 1589 ut
1006 1551 1160 1602 quidam
1181 1558 1332 1597 vocant,
1360 1550 1596 1603 pulverariis‚
1625 1551 1708 1602 qui-

389 1618 461 1655 bus
476 1617 624 1655 scilicet
643 1618 823 1656 horarum
838 1618 1036 1656 intervalla
1049 1618 1235 1669 partimur
1255 1618 1396 1656 effluxu
1410 1631 1560 1658 arenae.
1608 1618 1710 1656 Nam

390 1696 516 1734 neque
536 1683 685 1721 duobus
705 1697 756 1721 ex
774 1684 937 1721 vasculis
955 1691 1129 1722 veterum
1150 1684 1353 1735 clepsydra
1381 1686 1595 1731 constabat,
1616 1698 1710 1736 quo-

390 1763 475 1786 rum
496 1763 546 1787 ex
576 1751 696 1788 altera
715 1763 814 1801 aqua
840 1751 879 1787 in
908 1751 1070 1788 alterum
1091 1763 1161 1801 per
1179 1750 1282 1788 vices
1301 1751 1512 1796 deflueret3
1540 1751 1609 1789 sed
1633 1764 1712 1789 uno

392 1823 556 1854 tantum.
615 1817 751 1867 Neque
780 1816 818 1853 in
840 1830 886 1854 eo
906 1829 1006 1867 aqua
1034 1824 1117 1854 erat
1145 1824 1355 1868 perpetua;
1383 1816 1452 1855 sed
1477 1830 1575 1868 quae
1595 1817 1715 1856 effusa

392 1882 605 1920 identidem
625 1883 962 1930 transmitteretur,
981 1883 1169 1934 subjecto,
1190 1891 1233 1921 ut
1249 1882 1397 1934 opinor,
1426 1896 1515 1921 vase
1534 1892 1715 1936 recepta:

394 1956 461 1986 aut
481 1956 587 1986 certe
608 1961 706 2000 quae
734 1949 893 2000 singulis
927 1950 1051 1987 causis
1080 1962 1179 1987 nova
1203 1957 1322 2000 atque
1340 1962 1508 2001 appensa
1526 1951 1718 1989 transfun-

396 2015 564 2053 deretur.
622 2015 720 2052 Eam
749 2015 928 2066 publicus
955 2015 1069 2053 lictor
1098 2015 1363 2066 appendebat3
1392 2029 1492 2068 quae
1510 2017 1575 2054 ubi
1595 2018 1717 2056 omnis

397 2081 609 2127 effluxerat,
631 2075 860 2119 monebatur
879 2090 1008 2120 orator
1027 2095 1109 2120 esse
1129 2081 1394 2120 desinendum.
1451 2083 1566 2126 Quod
1590 2084 1622 2122 si
1640 2097 1725 2123 ser-·

398 2161 552 2185 monem
582 2148 882 2199 interrumperet
908 2161 998 2186 casu
1028 2148 1222 2199 quopiam,
1259 2156 1326 2186 aut
1344 2149 1488 2200 aliquid
1507 2149 1555 2187 de
1575 2150 1718 2202 scripto

400 2215 594 2260 recitaret,
619 2215 781 2264 jubebat
800 2227 1044 2266 praeconem,
1074 2228 1212 2266 aquam
1232 2216 1378 2253 sistere.
1433 2216 1557 2255 IDEM.

456 2280 549 2331 Pag.
571 2282 661 2321 276.
691 2280 757 2318 lin.
778 2283 840 2318 20.
896 2281 961 2319 sed
980 2287 1102 2319 tamen
1124 2283 1249 2330 rara]
1312 2282 1400 2319 Vox
1420 2296 1524 2329 raro,
1546 2295 1634 2321 cum
1653 2284 1719 2322 ad-

397 2349 516 2398 jecta,
547 2354 589 2384 ut
608 2347 685 2393 hic,
704 2360 799 2385 voce
819 2347 944 2394 etiam,
977 2347 1168 2399 significat
1185 2347 1403 2400 aliquando,
1429 2363 1691 2402 nonnunquam
1705 2368 1718 2389 .-

404 2427 481 2464 quo
511 2427 624 2452 sensu
653 2414 791 2453 iterum
823 2423 952 2452 noster
982 2415 1083 2452 idem
1112 2414 1335 2453 adverqum
1354 2423 1525 2467 usurpat,
1553 2430 1636 2469 cap.
1656 2421 1719 2458 5⁶2.

408 2483 447 2521 T
444 2481 623 2521 ranslatz's
642 2485 1045 2536 utorzarfirwenter,
1065 2484 1324 2535 interdumque
1325 2484 1466 2535 βατίς,
1495 2496 1580 2522 raro
1599 2490 1720 2524 autem

404 2549 533 2595 etiam,
558 2551 809 2601 pervetustis:
841 2559 881 2588 et
908 2551 946 2588 in
966 2551 1030 2589 lib.
1049 2556 1087 2589 2.
1118 2563 1152 2589 c,
1173 2553 1235 2589 25.
1257 2550 1478 2603 plerumque
1509 2564 1554 2589 ex
1569 2551 1721 2603 futuri,

404 2628 488 2652 raro
509 2616 624 2653 etlam
644 2630 687 2654 es
707 2616 895 2662 instantis,
919 2621 988 2655 ἃς.
1045 2617 1273 2655 PEARcms.

462 2682 554 2732 Pag.
574 2684 664 2722 ⁶278.
693 2683 758 2720 lin.
779 2684 842 2721 22.
900 2690 939 2721 nt
952 2697 1020 2736 pes
1041 2684 1079 2720 in
1097 2684 1221 2734 navi]
1270 2684 1315 2721 In
1335 2684 1493 2722 navibus
1504 2684 1621 2736 pedes
1634 2693 1722 2723 sunt

405 2748 530 2793 funes,
551 2748 687 2798 quibus
708 2749 911 2788 interiores
941 2750 1014 2788 veli
1034 2750 1163 2802 anguli
1183 2763 1314 2793 versus
1333 2751 1490 2803 puppim
1509 2751 1722 2790 trahuntur⁴

407 2813 630 2853 Essxsssws
649 2815 688 2853 in
713 2814 818 2854 Clav-
