2071 3508
325 535 388 596 4.

424 443 504 480 312
929 439 1006 479 DE
1036 436 1240 479 CLARIS

492 550 624 598 Tum
650 549 869 609 Atticm,
905 549 1282 615 Optatissimum
1306 544 1425 592 mihi
1450 544 1650 617 quidem
1673 551 1747 592 est

426 629 559 694 quod
584 629 739 677 dicis:
778 629 863 676 sed
901 628 1019 692 quid
1055 626 1257 674 tandem
1294 624 1467 672 habuit
1488 622 1612 671 liber
1634 622 1747 681 iste,

427 709 562 772 quod
583 709 672 756 tibi
698 716 783 756 aut
807 724 1007 766 novum,
1026 714 1112 754 aut
1134 713 1274 754 tanto
1297 705 1406 753 usui
1429 711 1594 769 posset
1617 701 1749 752 esse?

428 787 520 837 Ille
544 803 661 835 vero
686 795 736 835 et
771 803 916 845 nova,
950 786 1169 849 inquam,
1204 784 1324 831 mihi
1354 783 1553 847 quidem
1578 781 1751 839 multa,

427 875 478 914 et
503 883 611 914 eam
636 865 918 923 utilitatem,
955 879 1100 928 quam
1133 862 1455 926 requirebam,
1492 868 1564 918 ut,
1603 859 1754 924 expli-

428 946 550 994 catis
596 944 848 992 ordinibus
893 951 1190 1005 temporum,
1248 956 1347 988 uno
1384 940 1435 987 in
1483 945 1755 1003 conspectu

429 1024 594 1071 omnia
639 1022 890 1069 viderem:
950 1037 1075 1084 quae
1124 1035 1238 1067 cum
1285 1018 1499 1066 studiose
1544 1024 1757 1065 tractare

430 1101 720 1164 coepissem,
745 1100 851 1162 ipsa
873 1098 993 1145 mihi
1012 1097 1243 1145 tractatio
1260 1097 1513 1144 literarum
1537 1094 1757 1143 salutaris

428 1178 542 1237 fuit,
579 1178 952 1239 admonuitque,
983 1175 1242 1238 Pomponi,
1264 1183 1322 1221 ut
1345 1191 1374 1221 a
1397 1181 1448 1221 te
1471 1175 1577 1237 ipso
1602 1188 1759 1221 sume-

432 1273 535 1304 rem
563 1256 747 1320 aliquid
788 1255 851 1302 ad
886 1270 965 1301 me
990 1253 1330 1310 reficiendum,
1364 1260 1512 1315 teque
1536 1266 1761 1298 remune-

433 1335 661 1393 randum,
699 1334 737 1382 si
778 1349 878 1381 non
916 1332 1040 1397 pari,
1076 1340 1127 1379 at
1166 1338 1307 1395 grato
1332 1338 1499 1378 tamen
1523 1345 1758 1378 munere:

435 1430 715 1478 quanquam
753 1411 876 1460 illud
916 1410 1211 1459 Hesiodium
1247 1409 1477 1457 laudatur
1515 1425 1544 1456 a
1584 1407 1763 1467 doctis,

435 1492 570 1556 quod
606 1491 778 1538 eadem
814 1506 1042 1537 mensura
1066 1488 1273 1536 reddere
1305 1487 1466 1551 jubet,
1504 1502 1601 1550 qua
1624 1502 1763 1535 acce-

435 1571 584 1636 peris,
629 1577 714 1617 aut
752 1569 899 1616 etiam
943 1567 1284 1624 cumulatiore,
1326 1566 1366 1614 si
1399 1566 1568 1629 possis.
1655 1565 1765 1630 Ego

437 1658 604 1697 autem
641 1647 947 1695 voluntatem
989 1646 1078 1693 tibi
1118 1645 1344 1709 profecto
1386 1645 1619 1692 emetiar:
1679 1645 1766 1693 sed

436 1745 541 1776 rem
565 1729 720 1793 ipsam
745 1726 964 1775 nondum
1007 1740 1148 1788 posse
1189 1723 1393 1782 videor-3
1431 1723 1581 1787 idque
1615 1730 1672 1770 ut
1694 1722 1766 1788 ig-

437 1823 629 1865 noscas,
649 1824 676 1853 a
700 1814 750 1853 te
768 1813 901 1869 peto,
950 1804 1061 1852 Nec
1088 1802 1218 1850 enim
1237 1819 1298 1849 ex
1323 1801 1461 1849 novis
1480 1804 1561 1865 (ut
1579 1802 1766 1865 agrico-

437 1885 513 1933 lae
539 1884 721 1945 solent)
747 1883 989 1931 fructibus
1015 1889 1106 1940 est,
1131 1881 1265 1928 unde
1290 1880 1380 1927 tibi
1404 1879 1607 1928 reddam
1634 1881 1766 1944 quod

439 1965 644 2029 accepi:
683 1964 752 2011 sic
778 1963 935 2011 omnis
969 1960 1131 2010 foetus
1166 1975 1428 2024 repressus,
1467 1965 1766 2023 exustusque

440 2043 518 2090 siti
545 2043 632 2090 flos
656 2041 835 2089 veteris
860 2039 1097 2087 ubertatis
1122 2038 1315 2085 exaruit
1340 2055 1352 2085 :
1395 2053 1488 2085 nec
1514 2053 1576 2085 ex
1602 2036 1770 2085 condi-

439 2120 521 2178 tis,
558 2120 639 2184 qui
655 2119 829 2183 jacent
851 2119 902 2165 in
926 2117 1160 2175 tenebriS,
1196 2123 1247 2163 et
1271 2116 1334 2163 ad
1358 2132 1479 2179 quos
1503 2115 1660 2163 omnis
1683 2131 1768 2163 no-

440 2199 516 2246 bis
541 2198 720 2254 aditus,
747 2197 828 2260 qui
852 2203 1009 2260 paene
1036 2194 1147 2241 solis
1170 2194 1349 2257 patuit,
1375 2194 1654 2241 obstructus
1679 2202 1768 2242 est.

445 2275 672 2322 Seremus
710 2275 862 2338 igitur
901 2272 1086 2336 aliquid
1127 2279 1359 2334 tanquam
1399 2270 1450 2316 in
1485 2270 1675 2318 inculto
1720 2279 1771 2320 et

445 2351 683 2400 derelicto
708 2352 841 2410 solo;
880 2351 1013 2414 quod
1049 2351 1118 2397 ita
1141 2348 1404 2412 diligenter
1440 2347 1672 2404 colemus,
1714 2356 1770 2396 ut

442 2430 705 2495 impendiis
736 2430 883 2477 etiam
908 2444 1088 2492 augere
1123 2426 1362 2491 possimus
1385 2425 1662 2490 largitatem
1697 2427 1770 2474 tui

442 2507 694 2555 muneris:
755 2506 904 2553 modo
951 2505 1082 2552 idem
1129 2510 1295 2551 noster
1342 2503 1531 2550 animus
1578 2502 1770 2553 efficere

442 2586 615 2650 possit,
652 2585 785 2649 quod
823 2600 958 2648 ager,
994 2583 1077 2646 qui
1102 2598 1215 2629 cum
1257 2581 1437 2629 multos
1461 2598 1614 2630 annos
1638 2583 1771 2647 quie-

444 2664 530 2720 vit,
583 2664 830 2711 uberiores
873 2662 1041 2710 efferre
1082 2660 1248 2724 fruges
1290 2660 1428 2708 solet.
1499 2660 1631 2708 Tum
1671 2660 1771 2719 ille,

446 2741 555 2806 Ego
579 2759 696 2790 vero
716 2751 766 2789 et
791 2741 1064 2806 expectabo
1090 2756 1160 2795 ea,
1184 2755 1307 2803 quae
1327 2738 1589 2803 polliceris,
1612 2754 1772 2803 neque

445 2821 656 2883 exigam,
684 2820 776 2867 nisi
818 2829 905 2867 tuo
931 2817 1223 2878 commod03
1268 2825 1318 2865 et
1343 2824 1489 2864 erunt
1522 2816 1642 2864 mihi
1664 2832 1771 2880 per-

444 2904 603 2960 grata,
627 2898 666 2945 si
692 2898 906 2946 solveris.
976 2896 1107 2945 Mihi
1142 2912 1354 2962 quoque,
1389 2894 1553 2959 inquit-
1573 2894 1771 2949 Brutus,
