2071 3508
716 438 1087 478 ORATORIBUS.
1486 447 1563 483 313

236 554 288 595 et
323 545 654 612 exspectanda
679 553 794 594 sunt
818 563 893 604 ea,
930 561 1055 609 quae
1084 545 1259 594 Attico
1299 547 1564 611 polliceris,

235 626 329 674 etsi
352 625 556 674 fortasse
581 641 674 690 ego
699 642 728 673 a
751 633 801 673 te
827 624 971 690 hujus
995 624 1300 673 voluntarius
1334 643 1565 690 procura-

236 711 314 752 tor
335 711 519 769 petam,
545 703 679 767 quod
702 703 826 768 ipse,
863 704 944 751 cui
969 702 1135 761 debes,
1174 720 1224 751 se
1248 703 1568 754 incommodo

235 788 525 830 exacturum
551 790 718 847 negat.

302 859 376 908 At
399 876 533 918 vero,
555 862 776 925 inquam,
801 861 891 911 tibi
916 879 1029 928 ego,
1050 862 1219 918 Brute,
1241 879 1341 911 non
1365 862 1568 923 solvam,
1603 855 1663 913 5.

234 937 326 985 nisi
350 939 485 1003 prius
510 957 538 987 a
562 947 613 988 te
640 957 834 1001 cavero,
876 941 1085 1006 amplius
1111 959 1170 989 eo
1194 942 1394 990 nomine
1418 942 1571 990 nemi-

233 1031 369 1076 nem,
405 1017 546 1083 cujus
569 1019 746 1083 pet-itio
772 1019 851 1079 sit,
881 1020 1170 1084 petiturum.
1241 1021 1357 1070 Non
1382 1021 1571 1070 meher-

234 1093 364 1155 cule,
399 1096 580 1161 inquit,
621 1098 712 1147 tibi
738 1099 1080 1165 repromittere
1104 1099 1238 1148 istud
1263 1099 1463 1164 quidem
1488 1117 1571 1148 au-

232 1189 314 1221 sus
339 1173 445 1222 sim.
515 1175 647 1223 Nam
672 1175 826 1235 hunc,
851 1176 934 1241 qui
954 1185 1122 1241 negat,
1159 1178 1305 1225 video
1330 1177 1571 1243 flagitato-

234 1270 358 1314 rem,
393 1271 494 1303 non
518 1254 655 1304 illum
683 1257 883 1321 quidem
908 1258 998 1307 tibi
1024 1257 1306 1317 molestum,
1348 1260 1435 1307 sed
1459 1259 1573 1308 assi-

235 1333 390 1381 duum
431 1342 599 1383 tamen
625 1343 677 1384 et
699 1352 864 1384 acrem
900 1335 1021 1384 fore.
1093 1335 1225 1384 Tum
1253 1337 1572 1402 Pomponius,

237 1411 346 1477 Ego
387 1430 524 1471 vero,
559 1414 740 1475 inquit,
778 1414 987 1460 Brutum
1029 1404 1169 1461 nihil'
1193 1415 1391 1462 mentiri
1432 1425 1572 1480 puto.

238 1489 426 1539 Videor
445 1490 576 1538 enim
586 1490 692 1555 jam
717 1498 768 1538 te
794 1506 998 1538 ausurus
1018 1508 1121 1539 esse
1147 1492 1393 1557 appellare
1415 1512 1426 1541 :
1454 1511 1575 1558 quo-

235 1573 368 1622 niam
393 1572 546 1637 longo
570 1571 830 1621 intervallo
845 1572 994 1621 modo
1008 1574 1222 1638 primum
1247 1576 1574 1625 animadverti

233 1651 381 1716 paulo
405 1660 456 1700 te
481 1651 778 1700 hilariorem.
850 1651 1045 1717 Itaque,
1064 1653 1297 1718 quoniam
1317 1654 1416 1714 hic,
1441 1657 1576 1720 quod

234 1730 355 1778 mihi
398 1730 681 1790 deberetur,
744 1746 795 1778 se
838 1738 1129 1778 exacturum
1170 1731 1419 1796 professus
1467 1743 1572 1796 est3

235 1809 372 1875 quod
394 1808 513 1858 huic
539 1808 707 1868 debes,
744 1825 840 1874 ego
876 1826 905 1857 a
928 1817 978 1858 te
1002 1817 1136 1873 peto.
1209 1810 1460 1866 Quidnam
1487 1814 1538 1862 id
1559 1815 1575 1863 ?

237 1888 454 1953 inquam.
532 1887 605 1936 Ut
643 1888 844 1947 scribas,
885 1888 1066 1952 inquit,
1108 1887 1327 1953 aliquid:
1374 1890 1576 1956 jampri-

238 1966 354 2015 dem
395 1966 526 2014 enim
566 1966 919 2014 conticuerunt
954 1974 1070 2014 tuae
1104 1965 1293 2015 literae.
1364 1968 1495 2016 Nam
1520 1978 1577 2018 ut

237 2046 346 2095 illos
372 2046 434 2094 de
475 2045 730 2110 republica
752 2044 901 2094 libros
927 2045 1143 2104 edidisti,
1179 2045 1301 2093 nihil
1334 2064 1361 2095 a
1385 2056 1436 2095 te
1461 2065 1577 2097 sane

237 2134 412 2194 postea
451 2125 768 2189 accepimus:
810 2124 979 2189 eisque
1018 2125 1306 2190 nosmetipsi
1345 2127 1405 2174 ad
1444 2135 1579 2176 vete-

237 2223 349 2256 rum
374 2204 624 2254 annalium
644 2204 931 2252 memoriam
953 2204 1471 2269 comprehendendam
1490 2207 1579 2254 ima

238 2286 366 2354 pulsi
404 2292 552 2349 atque
590 2283 780 2332 incensi
806 2299 989 2332 sumus.
1062 2284 1161 2332 Sed
1195 2284 1276 2332 illa
1302 2302 1416 2333 cum
1440 2294 1580 2350 pote-

240 2366 322 2426 ris,
358 2373 507 2429 atque
545 2369 602 2411 ut
635 2363 809 2428 possis,
844 2379 982 2428 rogo.
1053 2363 1204 2411 Nunc
1227 2380 1364 2422 vero,
1400 2364 1581 2429 inquit,

241 2444 281 2492 si
319 2460 371 2492 es
409 2442 574 2491 animo
611 2458 789 2502 vacuo,
824 2458 1019 2506 expone
1056 2443 1197 2490 nobis
1234 2442 1367 2506 quod
1392 2445 1580 2507 quaeri-

242 2538 367 2570 mus.
439 2519 693 2577 Quidnam
733 2526 807 2567 est
848 2519 933 2567 id?
976 2520 1192 2584 inquam.
1272 2520 1423 2576 Quod
1461 2522 1581 2569 mihi

243 2616 401 2666 nuper
447 2599 498 2646 in
545 2597 833 2646 Tusculano
880 2598 1122 2646 inchoasti
1171 2598 1232 2646 de
1288 2599 1582 2660 oratoribus,

243 2679 443 2745 quando
497 2694 601 2726 esse
643 2679 940 2742 coepissent,
991 2678 1073 2742 qui
1116 2678 1283 2736 etiam,
1327 2685 1376 2725 et
1415 2679 1583 2742 quales

242 2758 467 2807 fuissent.
540 2757 705 2814 Quem
723 2773 816 2821 ego
842 2773 1119 2804 sermonem
1145 2772 1258 2804 cum
1285 2757 1348 2804 ad
1374 2758 1583 2806 Brutum

245 2847 408 2895 tuum,
444 2835 521 2884 vel
559 2843 781 2883 nostrum
820 2835 1003 2900 potius,
1040 2834 1346 2895 detulissem,
1382 2853 1588 2902 magno-

244 2933 363 2982 pere
387 2916 469 2965 hic
493 2916 663 2965 audire
687 2933 740 2965 se
758 2915 885 2967 velle
911 2915 1051 2965 dixit.
1126 2915 1302 2981 Itaque
1327 2916 1461 2966 hunc
1486 2916 1584 2967 ele—
