2071 3508
482 416 534 454 68
958 413 1034 453 DE
1063 405 1330 454 ORATORE

481 520 583 567 lum
623 528 696 569 est
733 522 863 570 enim
898 523 1187 588 periculum,
1225 539 1288 571 ne
1323 522 1441 587 quid
1475 531 1531 571 tu
1555 522 1806 588 eloquare,

482 600 576 648 nisi
598 600 668 649 ita
697 602 984 665 prudenter,
1018 610 1075 650 ut
1109 602 1358 650 neminem
1392 610 1612 650 nostrum
1636 603 1806 668 poeni-

485 687 589 728 teat
612 680 675 727 ad
697 680 830 729 hunc
855 689 904 729 te
925 698 1199 729 sermonem
1223 680 1487 745 impulisse.

553 761 663 825 Ego
685 778 820 820 vero,
845 761 1021 823 inquit,
1039 776 1241 824 pergam
1264 780 1277 818 3
1318 766 1368 807 et
1385 760 1436 806 id
1453 759 1650 820 faciam,
1675 760 1810 824 quod

486 839 537 886 in
577 840 819 904 principio
865 839 969 887 fieri
1015 839 1065 885 in
1118 838 1344 886 omnibus
1398 838 1810 902 disputationibus

487 929 713 986 oportere
739 936 916 968 censeo
938 939 950 977 3
988 925 1062 976 ut,
1104 916 1224 980 quid
1247 916 1369 964 illud
1393 917 1472 974 sit,
1509 916 1570 964 de
1596 933 1694 981 quo
1719 917 1815 965 dis-

480 1008 707 1065 putetur,
733 998 1040 1063 explanetur,
1064 1012 1126 1043 ne
1150 995 1315 1059 vagari
1347 1004 1398 1043 et
1422 1012 1581 1043 errare
1608 1003 1813 1058 cogatur

489 1080 662 1136 oratio,
688 1079 726 1125 si
750 1078 802 1136 ii,
828 1077 911 1141 qui
945 1075 1074 1122 inter
1109 1091 1159 1122 se
1195 1075 1530 1133 dissenserint,
1555 1090 1655 1122 non
1678 1074 1812 1122 idem

345 1156 456 1196 210·
491 1174 593 1205 esse
618 1156 759 1214 illud,
802 1155 863 1202 de
896 1170 995 1217 quo
1020 1153 1199 1216 agitur,
1222 1152 1516 1217 intelligant.
1588 1153 1738 1211 Nam,
1775 1152 1814 1200 si

488 1234 617 1282 forte
665 1240 999 1297 quaereretur,
1046 1247 1171 1294 quae
1213 1239 1340 1278 esset
1374 1248 1449 1278 ars
1489 1231 1815 1295 imperatoris,

490 1311 892 1362 constituendum
916 1317 1140 1374 putarem
1164 1309 1426 1373 principio,
1442 1309 1551 1373 quis
1576 1317 1704 1358 esset
1726 1310 1815 1356 im-

488 1400 684 1456 perator
705 1412 718 1450 3
758 1390 841 1454 qui
867 1405 980 1436 cum
1005 1395 1133 1436 esset
1157 1387 1473 1447 constitutus,
1511 1376 1818 1436 administra-

489 1477 567 1518 tor
592 1470 792 1534 quidam
815 1467 931 1517 belli
954 1466 1160 1531 gerendi
1181 1487 1194 1526 ;
1221 1475 1328 1514 tum
1348 1465 1728 1531 adjungeremus
1753 1467 1816 1516 de

491 1550 731 1607 exercitu,
763 1548 825 1595 de
851 1545 1037 1604 castris,
1063 1545 1125 1593 de
1150 1545 1445 1609 agminibus,
1478 1546 1540 1593 de
1565 1546 1816 1609 signorum

491 1628 852 1685 collationibus,
877 1625 938 1672 de
959 1624 1250 1688 oppidorum
1269 1625 1738 1689 oppugnationibus,
1755 1624 1819 1673 de

491 1713 790 1764 commeatU,
832 1705 894 1751 de
928 1702 1115 1750 insidiis
1149 1702 1390 1750 faciendis
1414 1710 1563 1766 atque
1587 1701 1819 1762 vitandis,
2066 1711 2071 1763 ς

492 1786 554 1834 de
595 1785 793 1848 reliquis
830 1783 974 1831 rebus
1012 1797 1137 1843 quae
1163 1786 1326 1827 essent
1347 1781 1572 1843 propriae
1595 1780 1713 1828 belli
1737 1781 1819 1830 ad·
2063 1766 2071 1777 α

491 1863 799 1912 ministrandi
820 1882 833 1921 3
873 1875 1079 1923 quarum
1105 1859 1188 1921 qui
1214 1865 1377 1905 essent
1401 1858 1564 1905 animo
1590 1866 1641 1906 et
1665 1858 1820 1907 scien-

492 1943 561 1989 tia
587 1949 858 2006 compotes,
883 1955 965 1986 eos
997 1953 1100 1984 esse
1136 1937 1454 2000 imperatores
1480 1936 1728 1997 dicerem3
1766 1954 1820 1985 u-

493 2028 722 2085 tererque
743 2016 978 2081 exemplis
997 2015 1347 2063 Africanorum
1373 2022 1423 2063 et
1449 2014 1784 2064 Maximorum
1804 2038 1819 2077 3
2057 1987 2065 2123 ἶ

493 2097 906 2162 Epaminondam,
948 2101 1095 2159 atque
1139 2093 1491 2153 Hannibalem,
1533 2102 1681 2159 atque
1718 2094 1821 2160 ejus
2056 2122 2065 2154 ρ

351 2179 463 2220 211.
495 2177 688 2241 generis
725 2176 948 2223 homines
983 2173 1303 2220 nominarem.
1375 2173 1459 2220 Sin
1485 2181 1650 2222 autem
1675 2191 1822 2239 quae·
2056 2181 2058 2186 ⁴

496 2272 731 2313 reremus,
757 2254 864 2316 quis
890 2259 1017 2299 esset
1052 2252 1109 2309 is,
1145 2251 1229 2313 qui
1254 2250 1317 2297 ad
1340 2251 1694 2314 rempublicam
1719 2269 1822 2301 mo-

499 2332 765 2382 derandam
790 2347 951 2388 usum,
977 2338 1027 2377 et
1051 2329 1325 2386 scientiam,
1356 2335 1406 2376 et
1437 2329 1654 2376 studium
1679 2346 1822 2379 suum

499 2411 804 2467 contulisset,
847 2408 1098 2455 definirem
1140 2406 1234 2453 hoc
1270 2406 1452 2453 modo:
1493 2407 1611 2466 Qui,
1643 2408 1821 2471 quibus

496 2493 642 2540 rebus
689 2489 873 2537 utilitas
910 2486 1207 2550 reipublicae
1248 2493 1501 2549 pararetur
1537 2494 1821 2550 augeretur-

498 2587 613 2634 que,
650 2574 862 2624 teneret,
902 2566 1055 2629 iisque
1085 2572 1326 2623 uteretur,
1364 2564 1496 2612 hunc
1522 2565 1824 2630 reipublicae

497 2656 759 2705 rectorem,
799 2653 850 2693 et
890 2644 1078 2692 consilii
1111 2643 1297 2708 publici
1333 2652 1585 2692 auctorem
1611 2661 1715 2693 esse
1739 2644 1822 2692 ha-

498 2727 747 2775 bendum:
784 2723 1218 2790 praedicaremque
1252 2723 1304 2770 P.
1331 2723 1619 2783 Lentulum,
1642 2724 1822 2789 princi-

499 2821 612 2869 pem
636 2804 792 2863 illum,
827 2811 876 2851 et
901 2803 961 2850 T.
989 2802 1274 2850 Gracchum
1298 2809 1506 2865 patrem,
1543 2810 1594 2850 et
1620 2801 1682 2858 Q.
1710 2801 1820 2849 Me-

500 2882 691 2943 tellum,
727 2890 777 2932 et
802 2882 856 2931 P.
884 2880 1195 2940 Africanum,
1232 2889 1283 2929 et
1313 2881 1371 2930 C.
1397 2879 1639 2940 Laelium,
1675 2887 1726 2929 et
1748 2880 1820 2928 in-
