2071 3508
502 451 584 490 500
1055 441 1274 486 TOPICA.

505 555 752 606 tractandi
775 555 973 621 triplex.
1044 556 1175 604 Nam
1200 555 1319 620 quid
1350 555 1574 615 interest,
1599 572 1713 604 cum
1731 554 1838 603 hoo

508 635 787 702 sumpseris,
811 635 1073 700 pecuniam
1094 643 1402 683 numeratam
1425 635 1618 683 mulieri
1643 633 1829 689 deberi,

509 716 591 764 cui
615 715 677 763 sit
700 731 847 763 omne
871 722 1131 779 argentum
1155 715 1394 779 legatum,
1421 723 1588 763 utrum
1610 715 1706 762 hoc
1730 729 1833 760 mo-

511 794 575 842 do
614 793 880 842 concludas
919 794 1302 858 argumentum?
1356 799 1370 821 ‘
1409 793 1458 842 Si
1491 794 1704 859 pecunia
1739 792 1836 855 sig-

510 878 525 900 ‘
562 882 678 921 nata
718 882 977 939 argentum
1016 881 1107 933 est,
1155 873 1319 937 legata
1354 882 1430 922 est
1462 873 1688 921 mulieri:
1760 878 1835 918 est

511 957 526 979 ‘
563 961 729 1000 autem
752 953 965 1017 pecunia
988 952 1180 1016 signata
1220 961 1513 1016 argentum:
1552 952 1717 1016 legata
1745 950 1835 1013 igi„

514 1038 528 1059 ‘
562 1039 643 1078 tur
664 1033 697 1079 ε’
745 1048 808 1078 an
842 1032 930 1079 illo
965 1032 1146 1079 modo?
1194 1036 1210 1058 ⁶
1248 1032 1298 1080 Si
1328 1038 1584 1080 numerata
1623 1029 1836 1095 pecunia

515 1117 528 1137 ‘
563 1125 663 1157 non
689 1118 763 1158 θεῖ
786 1110 951 1175 legata
973 1131 1001 1170 3-
1026 1127 1127 1157 non
1152 1118 1227 1158 est
1249 1118 1507 1157 numerata
1528 1109 1741 1174 pecunia
1764 1124 1835 1155 ar-

513 1192 528 1214 ‘
565 1196 803 1252 gentum:
869 1196 944 1237 est
990 1196 1157 1237 autem
1202 1196 1460 1236 numerata
1504 1186 1720 1252 pecunia
1764 1202 1838 1232 ar-

517 1274 529 1294 ‘
563 1275 802 1331 gentum:
851 1267 1017 1331 legata
1061 1267 1213 1332 igitur
1260 1269 1382 1315 estz’
1433 1283 1494 1315 an
1535 1265 1620 1313 illo
1654 1263 1838 1312 modo?

516 1354 529 1373 ‘
565 1346 681 1394 Non
708 1355 758 1394 θῖ
781 1347 1001 1411 legatum
1027 1355 1287 1411 argentum
1313 1354 1405 1405 est,
1442 1354 1492 1394 et
1525 1361 1626 1393 non
1665 1350 1739 1392 est
1771 1342 1840 1391 le-

513 1430 528 1451 ‘
564 1433 681 1490 gata
727 1434 985 1474 numerata
1020 1426 1265 1490 pecunia:
1314 1426 1534 1489 legatum
1571 1430 1737 1471 autem
1767 1438 1841 1469 ar-

514 1509 528 1532 ‘
564 1512 772 1568 gentum
812 1512 920 1552 est:
989 1504 1157 1567 legata
1196 1503 1348 1566 igitur
1394 1509 1650 1550 numerata
1687 1516 1839 1565 pecu-

513 1588 527 1609 ‘
563 1584 646 1630 nia
665 1585 773 1631 est.'
836 1582 1109 1646 Appellant
1130 1589 1295 1629 autem
1322 1581 1569 1632 dialectici
1594 1596 1703 1628 eam
1723 1594 1839 1628 con-

513 1660 785 1709 clusionem
817 1659 1116 1722 argumenti,
1151 1659 1203 1705 in
1233 1676 1346 1723 qua,
1383 1675 1496 1706 cum
1528 1659 1742 1723 primum
1767 1673 1839 1705 as-

512 1726 795 1802 sumpseris,¹
831 1737 1148 1801 consequitur
1182 1737 1251 1796 id,
1291 1737 1424 1802 quod
1460 1753 1708 1785 annexum
1745 1743 1837 1792 est,

509 1818 723 1882 primum
761 1816 1090 1864 conclusionis
1133 1817 1351 1864 modum.
1423 1817 1550 1864 Cum
1591 1816 1660 1874 id,
1703 1814 1839 1880 quod

511 1911 757 1943 annexum
787 1902 877 1952 est,
919 1894 1132 1958 negaris,
1167 1901 1225 1941 ut
1253 1894 1305 1941 id
1329 1910 1542 1957 quoque,
1582 1894 1663 1942 cui
1685 1893 1837 1942 fuerit

510 1989 778 2031 annexum,
819 1972 1106 2036 negandum
1149 1973 1240 2020 sit:
1280 1971 1526 2019 secundus
1564 1971 1841 2036 appellatur

511 2051 844 2101 concludendi
883 2051 1075 2099 modus.
1152 2052 1280 2099 Cum
1319 2060 1485 2098 autem
1523 2050 1685 2115 aliqua
1721 2066 1838 2099 con-

504 2131 682 2195 juncta
704 2130 914 2194 negaris,
954 2139 1005 2178 et
1028 2131 1103 2178 his
1139 2130 1232 2178 alia
1256 2131 1455 2195 negatio
1479 2146 1644 2178 rursus
1667 2129 1839 2194 adjun-

511 2212 664 2276 gitur,
702 2218 753 2257 et
777 2227 838 2257 ex
862 2210 936 2257 his
960 2211 1173 2274 primum
1199 2210 1479 2274 sumpseris,
1507 2217 1582 2268 nt,
1607 2210 1740 2274 quod
1763 2226 1837 2257 re-

513 2289 768 2353 linquitur,
809 2287 1083 2336 tollendum
1127 2289 1218 2337 sit:
1269 2288 1311 2336 is
1349 2289 1522 2336 tertius
1563 2287 1838 2352 appellatur

515 2367 843 2416 conclusionis
869 2367 1060 2414 modus.
1121 2367 1198 2413 Ex
1222 2367 1319 2414 hoc
1343 2366 1426 2414 illa
1449 2367 1700 2414 rhetorum
1721 2372 1836 2413 sunt

513 2463 575 2494 ex
601 2444 856 2494 contrariis
888 2445 1138 2504 conclusa,
1181 2462 1305 2509 quae
1340 2445 1433 2509 ipsi
1469 2444 1838 2510 enthymemata

512 2524 791 2590 appellant:
830 2540 929 2571 non
966 2525 1099 2588 quod
1139 2541 1238 2572 non
1278 2525 1436 2572 omnis
1459 2523 1706 2572 sententia
1725 2539 1839 2588 pro-

510 2605 618 2669 prio
659 2603 860 2651 nomine
902 2603 1219 2668 enthymema
1255 2604 1466 2662 dicatur,
1502 2604 1607 2662 sed,
1641 2611 1699 2651 ut
1730 2602 1835 2650 Ho-

510 2699 689 2740 merus,
727 2691 929 2748 propter
965 2683 1329 2742 excellentiam,
1373 2699 1635 2731 commune
1669 2684 1838 2746 poeta-

510 2778 621 2810 rum
639 2779 820 2811 nomen
839 2762 989 2810 efficit
1008 2763 1140 2827 apud
1159 2762 1380 2810 Graecos
1400 2778 1540 2810 suum
1559 2782 1573 2822 3
1613 2762 1701 2820 sic,
1716 2777 1835 2809 ‘cum

511 2840 669 2888 omnis
693 2841 939 2889 sententia
963 2839 1281 2905 enthymema
1317 2840 1528 2900 dicatur,
1559 2840 1679 2905 *quia
1699 2838 1834 2887 vide-

511 2924 591 2965 tur
615 2935 687 2977 ea,
725 2936 851 2984 quae
884 2936 946 2969 ex
982 2919 1239 2969 contrariis
1275 2919 1579 2978 conficiatur,
1615 2916 1833 2968 acutissi-
