2071 3508
529 412 609 449 484
1085 412 1302 451 TOPICA‚

530 534 672 567 suum
714 520 930 568 studium
967 519 1171 577 libellos,
1216 538 1337 585 quos
1377 520 1545 581 vellet,
1588 522 1858 582 evolveret,

529 597 747 646 incidisti
784 598 835 645 in
878 598 1158 646 Aristotelis
1201 599 1391 663 Topica
1427 599 1682 663 quaedam,
1731 617 1858 664 quae

531 684 648 725 sunt
688 678 747 724 ab
788 677 871 724 illo
906 677 1126 741 pluribus
1160 678 1293 726 libris
1319 678 1577 743 explicata.
1648 678 1762 734 Qua
1784 678 1857 725 in-

532 757 799 822 scriptione
840 764 1133 815 commotus‚
1176 758 1413 805 continuo
1454 776 1482 805 a
1505 775 1583 806 me
1610 773 1777 805 eorum
1801 756 1858 803 li-

533 836 733 884 brorum
758 835 1052 882 sententiam
1088 834 1347 899 requisisti.
1421 836 1582 892 Quam
1618 836 1708 883 tibi
1744 851 1862 882 cum-

534 913 882 978 exposuissem‚
922 912 1228 977 disciplinam
1265 913 1674 962 inveniendorum
1716 930 1859 977 argu-
1923 914 1929 918 ’

534 999 833 1050 mentorum,
868 999 924 1039 ut
948 993 1052 1039 sine
1088 991 1188 1039 ullo
1213 1007 1374 1040 errore
1400 992 1463 1039 ad
1487 1008 1595 1039 eam
1619 993 1862 1039 rationem

532 1071 612 1118 via
650 1071 1016 1135 perveniremus
1058 1072 1117 1117 ab
1158 1070 1427 1118 Aristotele
1468 1070 1687 1129 inventa,
1727 1069 1863 1117 libris

531 1148 626 1196 illis
652 1149 894 1197 contineri
915 1168 927 1198 :
964 1148 1247 1197 verecunde
1270 1157 1326 1196 tu
1352 1149 1569 1213 quidem,
1598 1156 1655 1196 ut
1679 1148 1864 1206 omnia,

533 1229 621 1276 sed
643 1237 811 1276 tamen
848 1237 903 1277 ut
926 1228 1071 1276 facile
1114 1245 1366 1276 cernerem
1408 1236 1458 1276 te
1483 1227 1654 1275 ardere
1679 1226 1863 1285 studio,

532 1324 745 1365 mecum,
785 1316 841 1355 ut
865 1308 955 1356 tibi
979 1307 1059 1355 illa
1084 1307 1348 1366 traderem,
1385 1306 1544 1370 egisti.
1617 1306 1743 1354 Cum
1779 1322 1862 1353 au-

531 1395 634 1436 tem
660 1404 753 1452 ego
790 1394 841 1435 te
879 1403 980 1434 non
1021 1395 1122 1434 tam
1160 1386 1348 1434 vitandi
1372 1386 1551 1434 laboris
1573 1386 1670 1433 mei
1697 1402 1861 1444 cansa,

532 1484 680 1533 quam
705 1467 838 1532 quod
861 1468 913 1515 id
930 1475 1017 1515 tua
1034 1468 1270 1515 interesse
1295 1468 1568 1524 arbitrarer,
1595 1467 1675 1515 vel
1697 1474 1755 1514 ut
1779 1480 1869 1514 eos

530 1562 620 1612 per
641 1554 693 1595 te
718 1547 821 1611 ipse
845 1545 1053 1610 legeres,
1072 1545 1151 1593 vel
1174 1554 1230 1594 ut
1248 1554 1404 1594 totam
1429 1546 1674 1593 rationem
1694 1562 1722 1592 a
1747 1544 1863 1592 doc-

531 1624 719 1672 tissimo
755 1624 969 1688 quodam
1008 1624 1204 1672 rhetore
1242 1624 1506 1688 acciperes,
1544 1622 1767 1671 hortatus
1791 1638 1867 1670 es-·

533 1717 637 1749 sem
658 1723 672 1762 3
710 1710 989 1766 utrumque,
1027 1710 1084 1750 ut
1108 1719 1134 1749 a
1159 1710 1207 1750 te
1232 1703 1511 1760 audiebam,
1537 1718 1587 1749 es
1613 1708 1869 1765 expertus.¹

533 1779 632 1828 Sed
656 1797 684 1827 a
706 1780 840 1828 libris
859 1787 908 1827 te
927 1780 1197 1827 obscuritas
1221 1778 1408 1843 rejecit.
1480 1778 1672 1826 Rhetor
1696 1785 1865 1826 autem

532 1857 615 1906 ille
656 1874 878 1922 magnus,
922 1857 1061 1913 haec,
1115 1865 1172 1905 ut
1213 1859 1404 1922 opinor,
1455 1855 1775 1904 Aristotelica
1811 1872 1862 1904 se

532 1937 760 2002 ignorare
785 1936 1053 2000 resp-ondit.
1128 1936 1278 1992 Quod
1303 1935 1502 2000 quidem
1527 1934 1728 1982 minime
1754 1949 1862 1981 sum

533 2015 818 2074 admiratus,
855 2031 968 2063 eum
1007 2014 1354 2079 philosophum
1395 2014 1579 2062 rhetori
1619 2029 1723 2061 non·
1758 2029 1862 2061 esse

535 2094 811 2160 cognitum,
847 2093 931 2158 qui
971 2095 1031 2141 ab
1072 2094 1188 2158 ipsis
1212 2092 1530 2158 philosophis,
1561 2100 1756 2157 praeter
1779 2091 1862 2140 ad-

533 2173 736 2221 modum
776 2189 978 2237 paucos,
1026 2172 1297 2236 ignoretur.
1369 2172 1562 2229 Quibus
1601 2187 1659 2218 eo
1700 2171 1866 2219 minus*

532 2251 893 2316 ignoscendum
919 2259 1010 2310 est,
1027 2252 1160 2315 quod
1184 2267 1283 2299 non
1300 2251 1448 2298 modo
1473 2251 1618 2298 rebus
1636 2250 1711 2309 iis,
1737 2267 1861 2314 quae

533 2332 593 2378 ab
618 2330 701 2378 illo
727 2329 890 2378 dictae
915 2337 965 2377 et
989 2329 1219 2377 inventae
1245 2335 1373 2384 sunt,
1402 2327 1531 2375 allici
1556 2328 1858 2390 debuerunt3

534 2408 622 2456 sed
647 2408 846 2456 dicendi
872 2424 1066 2471 quoque
1104 2405 1382 2455 incredibili
1406 2406 1616 2470 quadam
1642 2423 1755 2454 cum
1782 2424 1862 2456 co-

532 2489 631 2554 pia,
646 2496 754 2537 tum
780 2488 927 2537 etiam
952 2488 1207 2536 suavitate.
1279 2487 1395 2535 Non
1418 2487 1558 2551 potui
1576 2487 1728 2552 igitur
1751 2488 1864 2547 tibi,

534 2569 725 2633 saepius
760 2567 856 2614 hoc
893 2567 1102 2631 roganti,
1141 2574 1191 2614 et
1213 2573 1381 2614 tamen
1405 2566 1612 2625 verenti,
1653 2583 1715 2614 ne
1740 2567 1859 2614 mihi

532 2647 694 2713 gravis
719 2661 866 2705 esses,
903 2643 1072 2710 (facile
1108 2644 1240 2692 enim
1276 2644 1328 2692 id
1353 2644 1640 2706 cernebam)
1677 2645 1859 2695 debere

535 2726 734 2781 diutius,
777 2740 841 2772 ne
881 2722 973 2788 ipsi
1004 2722 1130 2788 juris
1170 2723 1429 2787 interpreti
1468 2723 1572 2771 fieri
1608 2723 1860 2772 videretur

535 2804 727 2869 injuria.
803 2802 1002 2852 Etenim
1043 2818 1158 2851 cum
1198 2809 1255 2851 tu
1290 2801 1410 2849 mihi
1448 2802 1666 2866 meisque
1707 2800 1862 2850 multa

536 2900 680 2949 saepe
706 2883 991 2949 scripsisseS,
1022 2881 1205 2933 veritus
1229 2898 1357 2942 sum,
1391 2897 1474 2942 ne,
1509 2881 1549 2930 si
1573 2897 1666 2946 ego
1689 2897 1857 2946 grava-
