<?xml version="1.0" encoding="UTF-8"?>
<!DOCTYPE html PUBLIC "-//W3C//DTD XHTML 1.0 Transitional//EN"
    "http://www.w3.org/TR/xhtml1/DTD/xhtml1-transitional.dtd">
<html xmlns="http://www.w3.org/1999/xhtml" xml:lang="en" lang="en">
 <head>
  <title>
</title>
<meta http-equiv="Content-Type" content="text/html;charset=utf-8" />
  <meta name='ocr-system' content='tesseract 3.04.00' />
  <meta name='ocr-capabilities' content='ocr_page ocr_carea ocr_par ocr_line ocrx_word'/>
</head>
<body>
  <div class='ocr_page' id='page_1' title='image "./deoratorelibrit00ciceuoft_0130.png"; bbox 0 0 2071 3508; ppageno 0'>
   <div class='ocr_carea' id='block_1_1' title="bbox 356 1125 464 1264">
    <p class='ocr_par' dir='ltr' id='par_1_1' title="bbox 356 1125 464 1264">
     <span class='ocr_line' id='line_1_1' title="bbox 356 1125 462 1185; baseline -0.038 0"><span class='ocrx_word' id='word_1_1' title='bbox 356 1125 462 1185; x_wconf 68' lang='lat' dir='ltr'>Ql.</span> 
     </span>
     <span class='ocr_line' id='line_1_2' title="bbox 388 1225 464 1264; baseline 0 0"><span class='ocrx_word' id='word_1_2' title='bbox 388 1225 464 1264; x_wconf 85' lang='lat'>88.</span> 
     </span>
    </p>
   </div>
   <div class='ocr_carea' id='block_1_2' title="bbox 383 2305 460 2347">
    <p class='ocr_par' dir='ltr' id='par_1_2' title="bbox 383 2305 460 2347">
     <span class='ocr_line' id='line_1_3' title="bbox 383 2305 460 2347; baseline 0 0"><span class='ocrx_word' id='word_1_3' title='bbox 383 2305 460 2347; x_wconf 88' lang='lat'>89.</span> 
     </span>
    </p>
   </div>
   <div class='ocr_carea' id='block_1_3' title="bbox 507 406 1360 447">
    <p class='ocr_par' dir='ltr' id='par_1_3' title="bbox 507 406 1360 447">
     <span class='ocr_line' id='line_1_4' title="bbox 507 406 1360 447; baseline 0.002 -2"><span class='ocrx_word' id='word_1_4' title='bbox 507 408 582 445; x_wconf 71' lang='lat'>12¹2</span> <span class='ocrx_word' id='word_1_5' title='bbox 987 406 1065 445; x_wconf 93' lang='lat' dir='ltr'>DE</span> <span class='ocrx_word' id='word_1_6' title='bbox 1093 408 1205 446; x_wconf 90' lang='lat' dir='ltr'>ORA</span> <span class='ocrx_word' id='word_1_7' title='bbox 1213 407 1360 447; x_wconf 90' lang='lat' dir='ltr'>TORE</span> 
     </span>
    </p>
   </div>
   <div class='ocr_carea' id='block_1_4' title="bbox 505 515 1822 661">
    <p class='ocr_par' dir='ltr' id='par_1_4' title="bbox 505 515 1822 661">
     <span class='ocr_line' id='line_1_5' title="bbox 505 515 1819 581; baseline 0.002 -19"><span class='ocrx_word' id='word_1_8' title='bbox 505 515 677 579; x_wconf 78' lang='lat' dir='ltr'>possis,</span> <span class='ocrx_word' id='word_1_9' title='bbox 712 515 920 563; x_wconf 85' lang='lat' dir='ltr'>hominis</span> <span class='ocrx_word' id='word_1_10' title='bbox 958 526 1043 573; x_wconf 89' lang='lat' dir='ltr'>est,</span> <span class='ocrx_word' id='word_1_11' title='bbox 1082 527 1138 566; x_wconf 88' lang='lat' dir='ltr'>ut</span> <span class='ocrx_word' id='word_1_12' title='bbox 1177 526 1250 576; x_wconf 77' lang='lat' dir='ltr'>tn,</span> <span class='ocrx_word' id='word_1_13' title='bbox 1288 517 1481 575; x_wconf 82' lang='lat' dir='ltr'>Catule,</span> <span class='ocrx_word' id='word_1_14' title='bbox 1523 517 1583 564; x_wconf 92' lang='lat' dir='ltr'>de</span> <span class='ocrx_word' id='word_1_15' title='bbox 1609 516 1819 581; x_wconf 88' lang='lat' dir='ltr'>quodam</span> 
     </span>
     <span class='ocr_line' id='line_1_6' title="bbox 505 594 1822 661; baseline 0.002 -21"><span class='ocrx_word' id='word_1_16' title='bbox 505 594 833 642; x_wconf 83' lang='lat' dir='ltr'>declamatore</span> <span class='ocrx_word' id='word_1_17' title='bbox 875 594 1054 652; x_wconf 79' lang='lat' dir='ltr'>dixisti,</span> <span class='ocrx_word' id='word_1_18' title='bbox 1104 596 1337 644; x_wconf 76' lang='lat' dir='ltr'>stultitiae</span> <span class='ocrx_word' id='word_1_19' title='bbox 1376 613 1489 644; x_wconf 87' lang='lat' dir='ltr'>suae</span> <span class='ocrx_word' id='word_1_20' title='bbox 1529 595 1822 661; x_wconf 89' lang='lat' dir='ltr'>quampluri-</span> 
     </span>
    </p>
   </div>
   <div class='ocr_carea' id='block_1_5' title="bbox 462 673 1820 739">
    <p class='ocr_par' dir='ltr' id='par_1_5' title="bbox 462 673 1820 739">
     <span class='ocr_line' id='line_1_7' title="bbox 462 673 1820 739; baseline 0.004 -23"><span class='ocrx_word' id='word_1_21' title='bbox 462 705 472 716; x_wconf 93' lang='lat'><strong>.</strong></span> <span class='ocrx_word' id='word_1_22' title='bbox 506 689 608 720; x_wconf 89' lang='lat' dir='ltr'>mos</span> <span class='ocrx_word' id='word_1_23' title='bbox 633 681 782 721; x_wconf 86' lang='lat' dir='ltr'>testes</span> <span class='ocrx_word' id='word_1_24' title='bbox 808 673 1077 722; x_wconf 87' lang='lat' dir='ltr'>domestico</span> <span class='ocrx_word' id='word_1_25' title='bbox 1101 674 1363 737; x_wconf 81' lang='lat' dir='ltr'>praeconio</span> <span class='ocrx_word' id='word_1_26' title='bbox 1380 674 1669 739; x_wconf 86' lang='lat' dir='ltr'>colligentis.</span> <span class='ocrx_word' id='word_1_27' title='bbox 1740 675 1820 721; x_wconf 88' lang='lat' dir='ltr'>De</span> 
     </span>
    </p>
   </div>
   <div class='ocr_carea' id='block_1_6' title="bbox 488 750 1875 2910">
    <p class='ocr_par' dir='ltr' id='par_1_6' title="bbox 498 750 1823 1126">
     <span class='ocr_line' id='line_1_8' title="bbox 502 750 1822 815; baseline 0.002 -18"><span class='ocrx_word' id='word_1_28' title='bbox 502 751 596 798; x_wconf 92' lang='lat' dir='ltr'>hoc</span> <span class='ocrx_word' id='word_1_29' title='bbox 622 751 789 815; x_wconf 80' lang='lat' dir='ltr'>igitur,</span> <span class='ocrx_word' id='word_1_30' title='bbox 825 750 907 814; x_wconf 92' lang='lat' dir='ltr'>qui</span> <span class='ocrx_word' id='word_1_31' title='bbox 944 751 1035 797; x_wconf 88' lang='lat' dir='ltr'>erit</span> <span class='ocrx_word' id='word_1_32' title='bbox 1070 750 1192 806; x_wconf 87' lang='lat' dir='ltr'>talis,</span> <span class='ocrx_word' id='word_1_33' title='bbox 1237 760 1292 797; x_wconf 90' lang='lat' dir='ltr'>ut</span> <span class='ocrx_word' id='word_1_34' title='bbox 1324 751 1652 799; x_wconf 83' lang='lat' dir='ltr'>cohortandus</span> <span class='ocrx_word' id='word_1_35' title='bbox 1687 751 1822 815; x_wconf 83' lang='lat' dir='ltr'>adju-</span> 
     </span>
     <span class='ocr_line' id='line_1_9' title="bbox 501 826 1823 892; baseline 0.002 -18"><span class='ocrx_word' id='word_1_36' title='bbox 501 829 786 892; x_wconf 79' lang='lat' dir='ltr'>vandusque</span> <span class='ocrx_word' id='word_1_37' title='bbox 829 828 904 884; x_wconf 89' lang='lat' dir='ltr'>sit,</span> <span class='ocrx_word' id='word_1_38' title='bbox 945 829 1013 874; x_wconf 91' lang='lat' dir='ltr'>ita</span> <span class='ocrx_word' id='word_1_39' title='bbox 1036 826 1307 890; x_wconf 82' lang='lat' dir='ltr'>loquamur,</span> <span class='ocrx_word' id='word_1_40' title='bbox 1345 835 1400 874; x_wconf 91' lang='lat' dir='ltr'>ut</span> <span class='ocrx_word' id='word_1_41' title='bbox 1425 827 1469 874; x_wconf 91' lang='lat' dir='ltr'>ei</span> <span class='ocrx_word' id='word_1_42' title='bbox 1492 829 1740 876; x_wconf 89' lang='lat' dir='ltr'>tradamus</span> <span class='ocrx_word' id='word_1_43' title='bbox 1765 845 1823 877; x_wconf 84' lang='lat' dir='ltr'>ea</span> 
     </span>
     <span class='ocr_line' id='line_1_10' title="bbox 501 904 1821 969; baseline 0.001 -17"><span class='ocrx_word' id='word_1_44' title='bbox 501 905 763 964; x_wconf 75' lang='lat' dir='ltr'>duntaxat,</span> <span class='ocrx_word' id='word_1_45' title='bbox 799 922 922 969; x_wconf 86' lang='lat' dir='ltr'>quae</span> <span class='ocrx_word' id='word_1_46' title='bbox 948 922 1035 952; x_wconf 86' lang='lat' dir='ltr'>nos</span> <span class='ocrx_word' id='word_1_47' title='bbox 1071 921 1185 952; x_wconf 88' lang='lat' dir='ltr'>usus</span> <span class='ocrx_word' id='word_1_48' title='bbox 1222 904 1406 960; x_wconf 86' lang='lat' dir='ltr'>docuit,</span> <span class='ocrx_word' id='word_1_49' title='bbox 1442 912 1499 951; x_wconf 89' lang='lat' dir='ltr'>ut</span> <span class='ocrx_word' id='word_1_50' title='bbox 1522 906 1662 952; x_wconf 89' lang='lat' dir='ltr'>nobis</span> <span class='ocrx_word' id='word_1_51' title='bbox 1687 905 1821 953; x_wconf 91' lang='lat' dir='ltr'>duci-</span> 
     </span>
     <span class='ocr_line' id='line_1_11' title="bbox 498 982 1821 1046; baseline -0.001 -16"><span class='ocrx_word' id='word_1_52' title='bbox 498 983 588 1030; x_wconf 87' lang='lat' dir='ltr'>bus</span> <span class='ocrx_word' id='word_1_53' title='bbox 626 983 792 1031; x_wconf 84' lang='lat' dir='ltr'>veniat</span> <span class='ocrx_word' id='word_1_54' title='bbox 833 1000 910 1042; x_wconf 90' lang='lat' dir='ltr'>eo,</span> <span class='ocrx_word' id='word_1_55' title='bbox 953 1000 1048 1046; x_wconf 82' lang='lat' dir='ltr'>quo</span> <span class='ocrx_word' id='word_1_56' title='bbox 1088 983 1189 1030; x_wconf 86' lang='lat' dir='ltr'>sine</span> <span class='ocrx_word' id='word_1_57' title='bbox 1227 982 1353 1029; x_wconf 89' lang='lat' dir='ltr'>duce</span> <span class='ocrx_word' id='word_1_58' title='bbox 1378 982 1469 1046; x_wconf 85' lang='lat' dir='ltr'>ipsi</span> <span class='ocrx_word' id='word_1_59' title='bbox 1492 982 1821 1046; x_wconf 84' lang='lat' dir='ltr'>pervenimus,</span> 
     </span>
     <span class='ocr_line' id='line_1_12' title="bbox 499 1061 1576 1126; baseline -0.002 -18"><span class='ocrx_word' id='word_1_60' title='bbox 499 1063 729 1126; x_wconf 78' lang='lat' dir='ltr'>quoniam</span> <span class='ocrx_word' id='word_1_61' title='bbox 754 1061 955 1109; x_wconf 84' lang='lat' dir='ltr'>meliora</span> <span class='ocrx_word' id='word_1_62' title='bbox 980 1062 1158 1109; x_wconf 83' lang='lat' dir='ltr'>docere</span> <span class='ocrx_word' id='word_1_63' title='bbox 1183 1076 1282 1107; x_wconf 90' lang='lat' dir='ltr'>non</span> <span class='ocrx_word' id='word_1_64' title='bbox 1305 1076 1576 1123; x_wconf 88' lang='lat' dir='ltr'>possumus.</span> 
     </span>
    </p>

    <p class='ocr_par' dir='ltr' id='par_1_7' title="bbox 488 1137 1875 2910">
     <span class='ocr_line' id='line_1_13' title="bbox 566 1137 1820 1202; baseline 0 -18"><span class='ocrx_word' id='word_1_65' title='bbox 566 1139 755 1202; x_wconf 80' lang='lat' dir='ltr'>Atque,</span> <span class='ocrx_word' id='word_1_66' title='bbox 791 1147 847 1186; x_wconf 89' lang='lat' dir='ltr'>ut</span> <span class='ocrx_word' id='word_1_67' title='bbox 882 1156 909 1185; x_wconf 88' lang='lat' dir='ltr'>a</span> <span class='ocrx_word' id='word_1_68' title='bbox 942 1138 1166 1186; x_wconf 81' lang='lat' dir='ltr'>familiari</span> <span class='ocrx_word' id='word_1_69' title='bbox 1202 1146 1369 1185; x_wconf 88' lang='lat' dir='ltr'>nostro</span> <span class='ocrx_word' id='word_1_70' title='bbox 1408 1137 1652 1196; x_wconf 81' lang='lat' dir='ltr'>exordiar,</span> <span class='ocrx_word' id='word_1_71' title='bbox 1686 1137 1820 1185; x_wconf 88' lang='lat' dir='ltr'>hunc</span> 
     </span>
     <span class='ocr_line' id='line_1_14' title="bbox 500 1215 1821 1279; baseline 0 -17"><span class='ocrx_word' id='word_1_72' title='bbox 500 1233 612 1279; x_wconf 83' lang='lat' dir='ltr'>ego,</span> <span class='ocrx_word' id='word_1_73' title='bbox 651 1215 846 1273; x_wconf 81' lang='lat' dir='ltr'>Catule,</span> <span class='ocrx_word' id='word_1_74' title='bbox 884 1216 1173 1279; x_wconf 87' lang='lat' dir='ltr'>Sulpicium,</span> <span class='ocrx_word' id='word_1_75' title='bbox 1210 1215 1445 1279; x_wconf 85' lang='lat' dir='ltr'>(primum</span> <span class='ocrx_word' id='word_1_76' title='bbox 1470 1215 1521 1262; x_wconf 90' lang='lat' dir='ltr'>in</span> <span class='ocrx_word' id='word_1_77' title='bbox 1546 1232 1692 1263; x_wconf 88' lang='lat' dir='ltr'>causa</span> <span class='ocrx_word' id='word_1_78' title='bbox 1713 1232 1821 1279; x_wconf 89' lang='lat' dir='ltr'>par-</span> 
     </span>
     <span class='ocr_line' id='line_1_15' title="bbox 497 1291 1823 1352; baseline -0.001 -11"><span class='ocrx_word' id='word_1_79' title='bbox 497 1294 611 1342; x_wconf 84' lang='lat' dir='ltr'>vula</span> <span class='ocrx_word' id='word_1_80' title='bbox 635 1292 1058 1341; x_wconf 85' lang='lat' dir='ltr'>adolescentulum</span> <span class='ocrx_word' id='word_1_81' title='bbox 1083 1291 1272 1352; x_wconf 80' lang='lat' dir='ltr'>audivi)</span> <span class='ocrx_word' id='word_1_82' title='bbox 1307 1309 1449 1351; x_wconf 86' lang='lat' dir='ltr'>voce,</span> <span class='ocrx_word' id='word_1_83' title='bbox 1489 1300 1539 1340; x_wconf 85' lang='lat' dir='ltr'>et</span> <span class='ocrx_word' id='word_1_84' title='bbox 1560 1292 1736 1351; x_wconf 89' lang='lat' dir='ltr'>forma,</span> <span class='ocrx_word' id='word_1_85' title='bbox 1771 1300 1823 1340; x_wconf 88' lang='lat' dir='ltr'>et</span> 
     </span>
     <span class='ocr_line' id='line_1_16' title="bbox 495 1369 1821 1435; baseline -0.002 -16"><span class='ocrx_word' id='word_1_86' title='bbox 495 1380 636 1419; x_wconf 88' lang='lat' dir='ltr'>motu</span> <span class='ocrx_word' id='word_1_87' title='bbox 678 1371 912 1435; x_wconf 83' lang='lat' dir='ltr'>corporis,</span> <span class='ocrx_word' id='word_1_88' title='bbox 955 1378 1005 1417; x_wconf 88' lang='lat' dir='ltr'>et</span> <span class='ocrx_word' id='word_1_89' title='bbox 1041 1370 1238 1434; x_wconf 88' lang='lat' dir='ltr'>reliquis</span> <span class='ocrx_word' id='word_1_90' title='bbox 1276 1371 1421 1418; x_wconf 89' lang='lat' dir='ltr'>rebus</span> <span class='ocrx_word' id='word_1_91' title='bbox 1446 1377 1615 1435; x_wconf 89' lang='lat' dir='ltr'>aptum</span> <span class='ocrx_word' id='word_1_92' title='bbox 1640 1369 1703 1417; x_wconf 92' lang='lat' dir='ltr'>ad</span> <span class='ocrx_word' id='word_1_93' title='bbox 1725 1369 1821 1418; x_wconf 92' lang='lat' dir='ltr'>hoc</span> 
     </span>
     <span class='ocr_line' id='line_1_17' title="bbox 495 1448 1821 1512; baseline -0.001 -15"><span class='ocrx_word' id='word_1_94' title='bbox 495 1466 692 1507; x_wconf 90' lang='lat' dir='ltr'>munus,</span> <span class='ocrx_word' id='word_1_95' title='bbox 732 1449 792 1496; x_wconf 91' lang='lat' dir='ltr'>de</span> <span class='ocrx_word' id='word_1_96' title='bbox 819 1465 916 1512; x_wconf 89' lang='lat' dir='ltr'>quo</span> <span class='ocrx_word' id='word_1_97' title='bbox 942 1448 1251 1511; x_wconf 78' lang='lat' dir='ltr'>quaerimus,</span> <span class='ocrx_word' id='word_1_98' title='bbox 1291 1448 1510 1496; x_wconf 89' lang='lat' dir='ltr'>oratione</span> <span class='ocrx_word' id='word_1_99' title='bbox 1552 1456 1718 1496; x_wconf 86' lang='lat' dir='ltr'>autem</span> <span class='ocrx_word' id='word_1_100' title='bbox 1743 1465 1821 1496; x_wconf 91' lang='lat' dir='ltr'>ce-</span> 
     </span>
     <span class='ocr_line' id='line_1_18' title="bbox 494 1526 1820 1591; baseline 0 -16"><span class='ocrx_word' id='word_1_101' title='bbox 494 1528 584 1576; x_wconf 80' lang='lat' dir='ltr'>leri</span> <span class='ocrx_word' id='word_1_102' title='bbox 609 1536 659 1575; x_wconf 88' lang='lat' dir='ltr'>et</span> <span class='ocrx_word' id='word_1_103' title='bbox 684 1526 933 1574; x_wconf 86' lang='lat' dir='ltr'>concitata</span> <span class='ocrx_word' id='word_1_104' title='bbox 969 1526 1126 1591; x_wconf 87' lang='lat' dir='ltr'>(quod</span> <span class='ocrx_word' id='word_1_105' title='bbox 1162 1535 1266 1574; x_wconf 87' lang='lat' dir='ltr'>erat</span> <span class='ocrx_word' id='word_1_106' title='bbox 1300 1527 1511 1590; x_wconf 84' lang='lat' dir='ltr'>ingenii)</span> <span class='ocrx_word' id='word_1_107' title='bbox 1533 1547 1547 1586; x_wconf 77' lang='lat'><em>3</em></span> <span class='ocrx_word' id='word_1_108' title='bbox 1586 1535 1637 1575; x_wconf 89' lang='lat' dir='ltr'>et</span> <span class='ocrx_word' id='word_1_109' title='bbox 1659 1528 1820 1575; x_wconf 89' lang='lat' dir='ltr'>verbis</span> 
     </span>
     <span class='ocr_line' id='line_1_19' title="bbox 493 1605 1818 1669; baseline -0.002 -15"><span class='ocrx_word' id='word_1_110' title='bbox 493 1606 944 1664; x_wconf 81' lang='lat' dir='ltr'>effervescentibus,</span> <span class='ocrx_word' id='word_1_111' title='bbox 983 1614 1033 1653; x_wconf 89' lang='lat' dir='ltr'>et</span> <span class='ocrx_word' id='word_1_112' title='bbox 1069 1605 1215 1669; x_wconf 90' lang='lat' dir='ltr'>paulo</span> <span class='ocrx_word' id='word_1_113' title='bbox 1255 1605 1459 1652; x_wconf 90' lang='lat' dir='ltr'>nimium</span> <span class='ocrx_word' id='word_1_114' title='bbox 1501 1605 1818 1654; x_wconf 88' lang='lat' dir='ltr'>redundanti-</span> 
     </span>
     <span class='ocr_line' id='line_1_20' title="bbox 493 1683 1818 1749; baseline -0.001 -16"><span class='ocrx_word' id='word_1_115' title='bbox 493 1687 583 1733; x_wconf 86' lang='lat' dir='ltr'>bus</span> <span class='ocrx_word' id='word_1_116' title='bbox 598 1685 758 1749; x_wconf 82' lang='lat' dir='ltr'>(quod</span> <span class='ocrx_word' id='word_1_117' title='bbox 778 1693 881 1732; x_wconf 86' lang='lat' dir='ltr'>erat</span> <span class='ocrx_word' id='word_1_118' title='bbox 899 1683 1120 1744; x_wconf 76' lang='lat' dir='ltr'>aetatis),</span> <span class='ocrx_word' id='word_1_119' title='bbox 1143 1700 1241 1731; x_wconf 92' lang='lat' dir='ltr'>non</span> <span class='ocrx_word' id='word_1_120' title='bbox 1262 1700 1366 1730; x_wconf 86' lang='lat' dir='ltr'>sum</span> <span class='ocrx_word' id='word_1_121' title='bbox 1383 1692 1680 1748; x_wconf 88' lang='lat' dir='ltr'>aspernatus.</span> <span class='ocrx_word' id='word_1_122' title='bbox 1717 1684 1818 1732; x_wconf 94' lang='lat' dir='ltr'>Vo-</span> 
     </span>
     <span class='ocr_line' id='line_1_21' title="bbox 491 1761 1814 1824; baseline -0.001 -13"><span class='ocrx_word' id='word_1_123' title='bbox 491 1763 541 1811; x_wconf 91' lang='lat' dir='ltr'>lo</span> <span class='ocrx_word' id='word_1_124' title='bbox 584 1765 714 1812; x_wconf 87' lang='lat' dir='ltr'>enim</span> <span class='ocrx_word' id='word_1_125' title='bbox 757 1780 806 1811; x_wconf 86' lang='lat' dir='ltr'>se</span> <span class='ocrx_word' id='word_1_126' title='bbox 849 1763 1017 1811; x_wconf 85' lang='lat' dir='ltr'>efferat</span> <span class='ocrx_word' id='word_1_127' title='bbox 1053 1762 1103 1809; x_wconf 91' lang='lat' dir='ltr'>in</span> <span class='ocrx_word' id='word_1_128' title='bbox 1129 1762 1441 1810; x_wconf 83' lang='lat' dir='ltr'>adolescente</span> <span class='ocrx_word' id='word_1_129' title='bbox 1471 1761 1814 1824; x_wconf 89' lang='lat' dir='ltr'>foecunditas;</span> 
     </span>
     <span class='ocr_line' id='line_1_22' title="bbox 492 1841 1816 1905; baseline 0.001 -16"><span class='ocrx_word' id='word_1_130' title='bbox 492 1859 607 1889; x_wconf 85' lang='lat' dir='ltr'>nam</span> <span class='ocrx_word' id='word_1_131' title='bbox 630 1841 822 1890; x_wconf 86' lang='lat' dir='ltr'>facilius</span> <span class='ocrx_word' id='word_1_132' title='bbox 848 1842 975 1889; x_wconf 90' lang='lat' dir='ltr'>sicut</span> <span class='ocrx_word' id='word_1_133' title='bbox 998 1842 1049 1887; x_wconf 89' lang='lat' dir='ltr'>in</span> <span class='ocrx_word' id='word_1_134' title='bbox 1072 1841 1253 1889; x_wconf 86' lang='lat' dir='ltr'>vitibus</span> <span class='ocrx_word' id='word_1_135' title='bbox 1272 1849 1565 1889; x_wconf 82' lang='lat' dir='ltr'>revocantur</span> <span class='ocrx_word' id='word_1_136' title='bbox 1590 1858 1665 1900; x_wconf 90' lang='lat' dir='ltr'>ea,</span> <span class='ocrx_word' id='word_1_137' title='bbox 1690 1858 1816 1905; x_wconf 87' lang='lat' dir='ltr'>quae</span> 
     </span>
     <span class='ocr_line' id='line_1_23' title="bbox 493 1918 1817 1984; baseline 0.001 -16"><span class='ocrx_word' id='word_1_138' title='bbox 493 1937 597 1968; x_wconf 87' lang='lat' dir='ltr'>sese</span> <span class='ocrx_word' id='word_1_139' title='bbox 639 1921 844 1967; x_wconf 88' lang='lat' dir='ltr'>nimium</span> <span class='ocrx_word' id='word_1_140' title='bbox 887 1918 1231 1984; x_wconf 86' lang='lat' dir='ltr'>profuderunt,</span> <span class='ocrx_word' id='word_1_141' title='bbox 1267 1936 1431 1982; x_wconf 89' lang='lat' dir='ltr'>quam,</span> <span class='ocrx_word' id='word_1_142' title='bbox 1467 1919 1505 1965; x_wconf 86' lang='lat' dir='ltr'>si</span> <span class='ocrx_word' id='word_1_143' title='bbox 1541 1918 1662 1966; x_wconf 89' lang='lat' dir='ltr'>nihil</span> <span class='ocrx_word' id='word_1_144' title='bbox 1684 1920 1817 1969; x_wconf 87' lang='lat' dir='ltr'>valet</span> 
     </span>
     <span class='ocr_line' id='line_1_24' title="bbox 492 1997 1815 2058; baseline 0 -11"><span class='ocrx_word' id='word_1_145' title='bbox 492 2000 737 2058; x_wconf 86' lang='lat' dir='ltr'>materies,</span> <span class='ocrx_word' id='word_1_146' title='bbox 763 2015 890 2046; x_wconf 79' lang='lat' dir='ltr'>nova</span> <span class='ocrx_word' id='word_1_147' title='bbox 914 2006 1158 2045; x_wconf 87' lang='lat' dir='ltr'>sarmenta</span> <span class='ocrx_word' id='word_1_148' title='bbox 1183 1997 1375 2045; x_wconf 88' lang='lat' dir='ltr'>cultura</span> <span class='ocrx_word' id='word_1_149' title='bbox 1400 1998 1679 2045; x_wconf 77' lang='lat' dir='ltr'>excitantur</span> <span class='ocrx_word' id='word_1_150' title='bbox 1699 2016 1710 2046; x_wconf 77' lang='grc' dir='ltr'>ε</span> <span class='ocrx_word' id='word_1_151' title='bbox 1744 1999 1815 2047; x_wconf 88' lang='lat' dir='ltr'>ita</span> 
     </span>
     <span class='ocr_line' id='line_1_25' title="bbox 492 2075 1875 2140; baseline 0 -15"><span class='ocrx_word' id='word_1_152' title='bbox 492 2079 603 2126; x_wconf 75' lang='lat' dir='ltr'>volo</span> <span class='ocrx_word' id='word_1_153' title='bbox 629 2095 733 2126; x_wconf 84' lang='lat' dir='ltr'>esse</span> <span class='ocrx_word' id='word_1_154' title='bbox 758 2079 809 2124; x_wconf 90' lang='lat' dir='ltr'>in</span> <span class='ocrx_word' id='word_1_155' title='bbox 834 2076 1167 2134; x_wconf 86' lang='lat' dir='ltr'>adolescente,</span> <span class='ocrx_word' id='word_1_156' title='bbox 1187 2075 1318 2123; x_wconf 90' lang='lat' dir='ltr'>unde</span> <span class='ocrx_word' id='word_1_157' title='bbox 1338 2075 1522 2138; x_wconf 90' lang='lat' dir='ltr'>aliquid</span> <span class='ocrx_word' id='word_1_158' title='bbox 1545 2083 1812 2140; x_wconf 89' lang='lat' dir='ltr'>amputem.</span> <span class='ocrx_word' id='word_1_159' title='bbox 1870 2131 1875 2136; x_wconf 38' lang='lat'><strong><em>¹</em></strong></span> 
     </span>
     <span class='ocr_line' id='line_1_26' title="bbox 491 2153 1813 2218; baseline -0.001 -15"><span class='ocrx_word' id='word_1_160' title='bbox 491 2157 609 2203; x_wconf 88' lang='lat' dir='ltr'>Non</span> <span class='ocrx_word' id='word_1_161' title='bbox 651 2156 781 2203; x_wconf 88' lang='lat' dir='ltr'>enim</span> <span class='ocrx_word' id='word_1_162' title='bbox 822 2162 985 2218; x_wconf 86' lang='lat' dir='ltr'>potest</span> <span class='ocrx_word' id='word_1_163' title='bbox 1021 2154 1072 2199; x_wconf 89' lang='lat' dir='ltr'>in</span> <span class='ocrx_word' id='word_1_164' title='bbox 1111 2170 1168 2201; x_wconf 91' lang='lat' dir='ltr'>eo</span> <span class='ocrx_word' id='word_1_165' title='bbox 1206 2170 1381 2200; x_wconf 86' lang='lat' dir='ltr'>succus</span> <span class='ocrx_word' id='word_1_166' title='bbox 1407 2170 1509 2201; x_wconf 87' lang='lat' dir='ltr'>esse</span> <span class='ocrx_word' id='word_1_167' title='bbox 1535 2153 1813 2214; x_wconf 89' lang='lat' dir='ltr'>diuturnus,</span> 
     </span>
     <span class='ocr_line' id='line_1_27' title="bbox 494 2231 1809 2296; baseline 0 -16"><span class='ocrx_word' id='word_1_168' title='bbox 494 2233 627 2296; x_wconf 90' lang='lat' dir='ltr'>quod</span> <span class='ocrx_word' id='word_1_169' title='bbox 650 2233 792 2279; x_wconf 90' lang='lat' dir='ltr'>nimis</span> <span class='ocrx_word' id='word_1_170' title='bbox 819 2231 1043 2279; x_wconf 89' lang='lat' dir='ltr'>celeriter</span> <span class='ocrx_word' id='word_1_171' title='bbox 1068 2239 1141 2278; x_wconf 88' lang='lat' dir='ltr'>est</span> <span class='ocrx_word' id='word_1_172' title='bbox 1165 2231 1497 2278; x_wconf 86' lang='lat' dir='ltr'>maturitatem</span> <span class='ocrx_word' id='word_1_173' title='bbox 1516 2240 1809 2280; x_wconf 87' lang='lat' dir='ltr'>assecutum.</span> 
     </span>
     <span class='ocr_line' id='line_1_28' title="bbox 495 2308 1812 2372; baseline 0.002 -15"><span class='ocrx_word' id='word_1_174' title='bbox 495 2310 613 2358; x_wconf 84' lang='lat' dir='ltr'>Vidi</span> <span class='ocrx_word' id='word_1_175' title='bbox 638 2310 802 2357; x_wconf 87' lang='lat' dir='ltr'>statim</span> <span class='ocrx_word' id='word_1_176' title='bbox 842 2308 1077 2365; x_wconf 89' lang='lat' dir='ltr'>indolem,</span> <span class='ocrx_word' id='word_1_177' title='bbox 1114 2323 1273 2370; x_wconf 89' lang='lat' dir='ltr'>neque</span> <span class='ocrx_word' id='word_1_178' title='bbox 1311 2308 1470 2354; x_wconf 89' lang='lat' dir='ltr'>dimisi</span> <span class='ocrx_word' id='word_1_179' title='bbox 1494 2316 1721 2372; x_wconf 73' lang='lat' dir='ltr'>tempus,</span> <span class='ocrx_word' id='word_1_180' title='bbox 1761 2318 1812 2359; x_wconf 88' lang='lat' dir='ltr'>et</span> 
     </span>
     <span class='ocr_line' id='line_1_29' title="bbox 494 2385 1811 2451; baseline 0.001 -15"><span class='ocrx_word' id='word_1_181' title='bbox 494 2406 606 2436; x_wconf 87' lang='lat' dir='ltr'>eum</span> <span class='ocrx_word' id='word_1_182' title='bbox 631 2405 737 2435; x_wconf 86' lang='lat' dir='ltr'>sum</span> <span class='ocrx_word' id='word_1_183' title='bbox 763 2387 1063 2444; x_wconf 79' lang='lat' dir='ltr'>cohortatuS,</span> <span class='ocrx_word' id='word_1_184' title='bbox 1099 2395 1154 2433; x_wconf 90' lang='lat' dir='ltr'>ut</span> <span class='ocrx_word' id='word_1_185' title='bbox 1177 2386 1337 2433; x_wconf 80' lang='lat' dir='ltr'>forum</span> <span class='ocrx_word' id='word_1_186' title='bbox 1363 2387 1453 2433; x_wconf 84' lang='lat' dir='ltr'>sibi</span> <span class='ocrx_word' id='word_1_187' title='bbox 1475 2385 1646 2434; x_wconf 82' lang='lat' dir='ltr'>luduin</span> <span class='ocrx_word' id='word_1_188' title='bbox 1670 2396 1811 2451; x_wconf 86' lang='lat' dir='ltr'>puta-</span> 
     </span>
     <span class='ocr_line' id='line_1_30' title="bbox 491 2464 1810 2529; baseline 0 -15"><span class='ocrx_word' id='word_1_189' title='bbox 491 2476 567 2514; x_wconf 87' lang='lat' dir='ltr'>ret</span> <span class='ocrx_word' id='word_1_190' title='bbox 592 2483 694 2514; x_wconf 89' lang='lat' dir='ltr'>esse</span> <span class='ocrx_word' id='word_1_191' title='bbox 720 2466 783 2513; x_wconf 90' lang='lat' dir='ltr'>ad</span> <span class='ocrx_word' id='word_1_192' title='bbox 808 2465 1069 2512; x_wconf 85' lang='lat' dir='ltr'>dicendum</span> <span class='ocrx_word' id='word_1_193' title='bbox 1093 2484 1106 2524; x_wconf 91' lang='lat'>;</span> <span class='ocrx_word' id='word_1_194' title='bbox 1145 2464 1430 2528; x_wconf 84' lang='lat' dir='ltr'>magistrum</span> <span class='ocrx_word' id='word_1_195' title='bbox 1455 2472 1639 2524; x_wconf 88' lang='lat' dir='ltr'>autem,</span> <span class='ocrx_word' id='word_1_196' title='bbox 1663 2482 1810 2529; x_wconf 88' lang='lat' dir='ltr'>quem</span> 
     </span>
     <span class='ocr_line' id='line_1_31' title="bbox 490 2542 1810 2607; baseline 0 -15"><span class='ocrx_word' id='word_1_197' title='bbox 490 2544 657 2603; x_wconf 79' lang='lat' dir='ltr'>vellet,</span> <span class='ocrx_word' id='word_1_198' title='bbox 683 2544 887 2607; x_wconf 83' lang='lat' dir='ltr'>eligeret</span> <span class='ocrx_word' id='word_1_199' title='bbox 908 2564 921 2602; x_wconf 81' lang='lat'>3</span> <span class='ocrx_word' id='word_1_200' title='bbox 962 2559 1040 2589; x_wconf 90' lang='lat' dir='ltr'>me</span> <span class='ocrx_word' id='word_1_201' title='bbox 1065 2542 1262 2606; x_wconf 88' lang='lat' dir='ltr'>quidem</span> <span class='ocrx_word' id='word_1_202' title='bbox 1288 2543 1326 2589; x_wconf 90' lang='lat' dir='ltr'>si</span> <span class='ocrx_word' id='word_1_203' title='bbox 1351 2542 1561 2602; x_wconf 88' lang='lat' dir='ltr'>audiret,</span> <span class='ocrx_word' id='word_1_204' title='bbox 1584 2543 1643 2591; x_wconf 92' lang='lat' dir='ltr'>L.</span> <span class='ocrx_word' id='word_1_205' title='bbox 1670 2544 1810 2592; x_wconf 85' lang='lat' dir='ltr'>Cras-</span> 
     </span>
     <span class='ocr_line' id='line_1_32' title="bbox 491 2620 1808 2686; baseline -0.001 -15"><span class='ocrx_word' id='word_1_206' title='bbox 491 2641 631 2672; x_wconf 88' lang='lat' dir='ltr'>sum:</span> <span class='ocrx_word' id='word_1_207' title='bbox 687 2622 819 2686; x_wconf 91' lang='lat' dir='ltr'>quod</span> <span class='ocrx_word' id='word_1_208' title='bbox 857 2622 950 2669; x_wconf 83' lang='lat' dir='ltr'>iste</span> <span class='ocrx_word' id='word_1_209' title='bbox 990 2621 1209 2685; x_wconf 87' lang='lat' dir='ltr'>arripuit,</span> <span class='ocrx_word' id='word_1_210' title='bbox 1247 2629 1298 2668; x_wconf 83' lang='lat' dir='ltr'>et</span> <span class='ocrx_word' id='word_1_211' title='bbox 1334 2621 1403 2668; x_wconf 89' lang='lat' dir='ltr'>ita</span> <span class='ocrx_word' id='word_1_212' title='bbox 1434 2637 1537 2669; x_wconf 88' lang='lat' dir='ltr'>sese</span> <span class='ocrx_word' id='word_1_213' title='bbox 1561 2620 1808 2670; x_wconf 85' lang='lat' dir='ltr'>facturum</span> 
     </span>
     <span class='ocr_line' id='line_1_33' title="bbox 490 2699 1807 2764; baseline 0 -16"><span class='ocrx_word' id='word_1_214' title='bbox 490 2701 812 2760; x_wconf 81' lang='lat' dir='ltr'>confirmavit,</span> <span class='ocrx_word' id='word_1_215' title='bbox 853 2709 998 2764; x_wconf 87' lang='lat' dir='ltr'>atque</span> <span class='ocrx_word' id='word_1_216' title='bbox 1035 2700 1182 2748; x_wconf 88' lang='lat' dir='ltr'>etiam</span> <span class='ocrx_word' id='word_1_217' title='bbox 1218 2699 1425 2758; x_wconf 85' lang='lat' dir='ltr'>addidit,</span> <span class='ocrx_word' id='word_1_218' title='bbox 1460 2700 1647 2764; x_wconf 84' lang='lat' dir='ltr'>gratiae</span> <span class='ocrx_word' id='word_1_219' title='bbox 1681 2701 1807 2749; x_wconf 91' lang='lat' dir='ltr'>scili-</span> 
     </span>
     <span class='ocr_line' id='line_1_34' title="bbox 489 2777 1803 2843; baseline 0.001 -17"><span class='ocrx_word' id='word_1_220' title='bbox 489 2788 570 2826; x_wconf 88' lang='lat' dir='ltr'>cet</span> <span class='ocrx_word' id='word_1_221' title='bbox 595 2797 757 2838; x_wconf 87' lang='lat' dir='ltr'>causa,</span> <span class='ocrx_word' id='word_1_222' title='bbox 791 2796 870 2827; x_wconf 89' lang='lat' dir='ltr'>me</span> <span class='ocrx_word' id='word_1_223' title='bbox 896 2795 1090 2843; x_wconf 89' lang='lat' dir='ltr'>quoque</span> <span class='ocrx_word' id='word_1_224' title='bbox 1126 2779 1216 2827; x_wconf 88' lang='lat' dir='ltr'>sibi</span> <span class='ocrx_word' id='word_1_225' title='bbox 1250 2779 1536 2842; x_wconf 84' lang='lat' dir='ltr'>magistrum</span> <span class='ocrx_word' id='word_1_226' title='bbox 1565 2777 1803 2827; x_wconf 83' lang='lat' dir='ltr'>futurum.</span> 
     </span>
     <span class='ocr_line' id='line_1_35' title="bbox 488 2854 1803 2910; baseline 0.001 -7"><span class='ocrx_word' id='word_1_227' title='bbox 488 2854 590 2904; x_wconf 82' lang='lat' dir='ltr'>Vix</span> <span class='ocrx_word' id='word_1_228' title='bbox 614 2874 768 2910; x_wconf 74' lang='lat' dir='ltr'>annus,</span> <span class='ocrx_word' id='word_1_229' title='bbox 791 2858 1134 2907; x_wconf 85' lang='lat' dir='ltr'>intercesserat</span> <span class='ocrx_word' id='word_1_230' title='bbox 1168 2858 1227 2906; x_wconf 83' lang='lat' dir='ltr'>ab</span> <span class='ocrx_word' id='word_1_231' title='bbox 1269 2856 1363 2906; x_wconf 90' lang='lat' dir='ltr'>hoc</span> <span class='ocrx_word' id='word_1_232' title='bbox 1388 2873 1610 2906; x_wconf 83' lang='lat' dir='ltr'>sermone</span> <span class='ocrx_word' id='word_1_233' title='bbox 1635 2856 1803 2906; x_wconf 92' lang='lat' dir='ltr'>cohor-</span> 
     </span>
    </p>
   </div>
  </div>
 </body>
</html>
