2071 3508
319 1009 430 1050 250.

318 1934 423 1994 59.

462 440 513 474 84·
938 435 1013 474 DE
1043 434 1313 476 ORATORE

462 545 878 610 Carthaginiensis
919 554 1032 594 sunt
1065 544 1175 593 libri
1209 544 1557 610 perdiscendi?
1593 560 1656 592 an
1690 543 1784 591 hac

463 623 711 672 communi
749 623 1077 686 intelligentia
1116 624 1334 671 contenti
1360 639 1463 670 esse
1486 635 1741 686 possumus
1763 621 1779 669 ἒ

464 703 566 750 Cur
603 718 720 764 ergo
760 717 859 748 non
895 701 1044 748 iidem
1080 701 1128 747 in
1157 700 1269 764 jure
1306 700 1435 748 civili
1472 700 1780 764 (praesertim

464 796 578 829 cum
602 781 652 826 in
678 779 852 837 causis,
879 787 929 826 et
952 779 1003 825 in
1027 779 1252 842 negotiis,
1281 787 1331 826 et
1354 779 1404 825 in
1427 778 1534 826 foro
1561 786 1781 826 contera-

463 857 594 918 mur)
621 858 735 905 satis
760 856 987 903 instructi
1023 872 1126 903 esse
1161 871 1417 918 possumus
1442 855 1505 902 ad
1528 855 1622 902 hoc
1659 855 1782 902 dun-

463 944 617 994 taxat,
653 952 716 983 ne
750 935 802 980 in
832 941 997 980 nostra
1020 934 1176 997 patria
1199 932 1445 996 peregrini
1470 940 1616 996 atque
1641 932 1784 979 adve-

463 1032 555 1063 nae
581 1031 684 1062 esse
707 1013 961 1060 videamur
983 1013 998 1059 ?
1054 1012 1131 1059 Ac
1176 1012 1213 1058 si
1240 1011 1344 1074 jam
1369 1012 1429 1059 sit
1456 1028 1600 1058 causa
1624 1010 1786 1074 aliqua

463 1094 526 1141 ad
549 1109 637 1139 nos
663 1090 824 1139 delata
849 1090 1116 1147 obscurior,
1142 1088 1355 1147 difficile,
1392 1089 1559 1147 credo,
1585 1089 1648 1135 sit
1671 1104 1785 1135 cum

461 1171 556 1219 hoc
583 1168 816 1217 Scaevola
841 1167 1203 1215 communicare
1226 1188 1238 1225 3
1278 1183 1556 1230 quanquam
1574 1167 1666 1230 ipsi
1685 1183 1784 1213 om-

461 1248 560 1305 nia,
587 1261 793 1310 quorum
830 1244 1084 1307 negotium
1121 1250 1212 1302 est,
1249 1244 1473 1291 consulta
1514 1245 1577 1291 ad
1610 1261 1699 1291 nos
1735 1251 1786 1292 et

462 1324 703 1389 exquisita
730 1323 976 1370 deferunt.
1038 1320 1121 1367 An
1145 1337 1262 1367 vero
1287 1321 1324 1368 si
1350 1321 1411 1368 de
1436 1338 1488 1369 re
1512 1323 1633 1385 ipsa,
1659 1322 1697 1369 si
1721 1321 1786 1370 de

460 1405 652 1459 finib-11&
681 1417 794 1450 cum
819 1403 868 1448 in
894 1418 996 1448 rem
1021 1408 1330 1463 praesentem
1357 1417 1456 1448 non
1480 1401 1721 1460 venimus,
1745 1401 1785 1449 si

462 1481 523 1529 de
566 1481 744 1529 tabulis
786 1488 836 1528 et
871 1479 1308 1543 perscriptionibus
1335 1480 1667 1527 controversia
1691 1488 1782 1539 est,
1809 1514 1815 1520 ·

462 1568 711 1608 contortas
752 1575 826 1605 res
867 1566 916 1605 et
955 1574 1098 1620 saepe
1135 1557 1354 1605 difficiles
1380 1559 1653 1606 necessario
1676 1575 1783 1622 per-

463 1638 731 1686 discimus:
768 1637 805 1683 si
830 1636 964 1699 leges
991 1636 1149 1693 nobis,
1185 1643 1271 1682 ant
1306 1636 1344 1683 si
1381 1635 1634 1682 hominum
1658 1637 1784 1700 peri-

460 1724 623 1764 torum
648 1732 877 1779 responsa
904 1714 1249 1778 cognoscenda
1289 1722 1416 1770 sunt,
1454 1732 1697 1774 veremur,
1721 1732 1784 1763 ne

461 1812 533 1853 ea,
562 1796 600 1842 si
624 1797 684 1843 ab
709 1794 1041 1842 adolescentia
1068 1792 1169 1856 juri
1205 1792 1336 1840 civili
1360 1794 1520 1840 minus
1545 1794 1784 1842 studueri-

460 1891 587 1932 mus,
611 1890 711 1920 non
736 1889 970 1936 queamus
997 1872 1331 1935 cognoscere?

526 1951 729 1999 Nihilne
776 1951 926 2013 igitur
972 1950 1172 2013 prodest
1229 1951 1408 1998 oratori
1456 1950 1581 2014 juris
1629 1950 1784 2000 civilis

459 2030 702 2078 scientia?
754 2028 870 2076 Non
906 2045 1104 2092 possum
1143 2045 1324 2092 negare
1361 2030 1592 2093 prodesse
1632 2029 1782 2078 ullam

460 2105 733 2166 scientiam,
760 2108 804 2155 ei
828 2107 1133 2171 praesertim,
1173 2107 1312 2171 cujus
1337 2108 1618 2172 eloquenti-a
1641 2110 1784 2173 copia

458 2203 624 2235 rerum
648 2187 826 2233 debeat
851 2202 954 2232 esse
979 2193 1178 2232 ornata:
1218 2186 1304 2233 sed
1319 2186 1491 2245 multa,
1511 2195 1563 2235 et
1584 2204 1781 2251 magna,

460 2271 511 2311 et
535 2262 749 2311 difficilia
767 2270 882 2310 sunt
900 2279 971 2318 ea,
1000 2279 1123 2325 quae
1149 2271 1263 2310 sunt
1287 2265 1466 2311 oratori
1490 2265 1781 2324 necessaria,

458 2350 514 2390 ut
540 2341 641 2406 ejus
666 2341 955 2389 industriam
980 2341 1029 2387 in
1054 2341 1194 2404 plura
1218 2342 1379 2389 studia
1402 2343 1670 2393 distrahere
1695 2361 1779 2391 no-

416 2449 427 2461 ·
459 2420 559 2467 lim.
633 2419 755 2476 Quis
780 2427 929 2483 neget
954 2436 1074 2483 opus
1100 2436 1203 2467 esse
1228 2421 1425 2479 oratori,
1463 2422 1513 2468 in
1549 2422 1644 2471 hoc
1676 2441 1779 2473 ora-

458 2500 584 2547 torio
608 2506 746 2546 motu
771 2506 1012 2561 statuque,
1059 2498 1227 2545 Roscii
1261 2507 1455 2562 gestum
1482 2508 1531 2548 et
1553 2511 1780 2552 venusta-

457 2577 593 2625 tem?
628 2584 794 2623 tamen
835 2592 980 2622 nemo
1019 2576 1222 2623 suaserit
1257 2577 1484 2626 studiosis
1509 2579 1708 2628 dicendi
1733 2599 1779 2629 a·

458 2654 821 2702 dolescentibus
840 2654 890 2700 in
905 2661 1049 2717 gestu
1069 2654 1304 2702 discendo
1328 2656 1618 2705 histrionum
1643 2676 1778 2709 more

459 2732 720 2781 elaborare.
793 2732 928 2789 Quid
969 2740 1043 2780 est
1082 2734 1261 2781 oratori
1295 2743 1396 2782 tam
1430 2738 1778 2798 necessarium,

460 2827 605 2874 quam
628 2812 762 2859 vox?
797 2819 979 2867 tamen,
1022 2829 1101 2860 me
1139 2820 1354 2869 auctore,
1397 2830 1543 2863 nemo
1579 2816 1776 2865 dicendi

459 2889 723 2949 studiosus,
763 2889 1068 2939 Graecorum
1114 2907 1268 2951 more,
1314 2901 1365 2941 et
1409 2895 1774 2958 tragoedorum,
