2071 3508
283 1046 361 1089 39.

265 2063 364 2121 11.

289 2156 368 2196 40.

289 2551 372 2591 41.

385 390 464 427 236
863 384 939 426 D'E
967 384 1234 426 ORATORE

386 511 549 560 neque
585 511 720 554 vero,
758 496 841 560 qui
881 513 980 544 non
1012 496 1163 554 dicat,
1203 494 1336 559 quod
1359 493 1708 558 intelligamus,

385 573 519 622 hunc
543 590 702 638 posse,
739 573 872 637 quod
896 574 1211 635 admiremur,
1248 573 1427 621 dicere.
1499 572 1712 635 Linqua-

388 668 496 699 mus
520 651 671 716 igitur
693 651 836 710 haec,
872 667 997 715 quae
1030 652 1364 715 cognitionem
1389 649 1572 698 habent
1595 648 1713 698 faci-

388 730 505 788 lem,
545 747 688 778 usum
723 730 1085 778 necessarium:
1123 746 1237 778 nam
1274 729 1480 777 alterum
1504 729 1714 776 traditur

388 809 558 866 literis,
599 809 922 873 doctrinaque
962 808 1172 872 puerili3
1212 809 1419 857 alterum
1455 807 1716 855 adhibetur

392 888 454 935 ob
481 904 588 935 eam
615 903 829 945 causam,
854 894 910 933 ut
934 885 1255 949 intelligatur,
1272 885 1390 948 quid
1415 885 1620 948 quisque
1645 883 1715 930 di-

395 979 504 1019 cat:
543 972 677 1035 quod
700 972 923 1018 videmus
958 971 1028 1018 ita
1063 987 1167 1019 esse
1196 969 1544 1026 necessarium,
1568 976 1625 1015 ut
1646 976 1718 1016 ta-

394 1067 509 1098 men
545 1067 604 1098 eo
640 1050 800 1097 minus
835 1049 955 1096 nihil
982 1066 1085 1097 esse
1109 1049 1277 1113 possit.
1349 1047 1447 1095 Sed
1470 1046 1628 1094 omnis
1650 1046 1719 1094 lo-

395 1129 577 1193 quendi
619 1128 881 1192 elegantia,
917 1144 1198 1191 quanquam
1235 1125 1481 1191 expolitur
1516 1125 1721 1173 scientia

392 1207 664 1265 literarum,
700 1214 867 1254 tamen
893 1215 1102 1270 augetur
1125 1205 1349 1270 legendis
1374 1204 1646 1252 oratoribus
1671 1211 1723 1252 et

394 1286 567 1350 poetis.
639 1285 764 1332 Sunt
800 1285 931 1332 enim
967 1283 1037 1330 illi
1061 1292 1271 1342 veteres,
1297 1283 1379 1347 qui
1405 1299 1577 1330 ornare
1602 1298 1722 1330 non-

397 1366 514 1413 dum
538 1371 768 1429 poterant
803 1380 877 1422 ea,
913 1380 1038 1428 quae
1075 1363 1325 1422 dicebant,
1366 1378 1536 1410 omnes
1569 1377 1723 1426 prope

396 1443 647 1508 praeclare
692 1441 881 1490 locuti:
935 1459 1144 1505 quorum
1192 1458 1416 1489 sermone
1463 1437 1723 1488 assuefacti

399 1523 483 1586 qui
509 1529 671 1586 erunt,
707 1537 770 1568 ne
808 1521 1064 1585 cupientes
1090 1521 1289 1585 quidem
1312 1527 1548 1585 poterunt
1570 1517 1723 1582 loqui,

399 1600 491 1648 nisi
516 1599 710 1647 Latine.
781 1599 959 1663 Neque
985 1608 1151 1648 tamen
1177 1600 1270 1648 erit
1299 1599 1539 1647 utendum
1562 1595 1724 1644 verbis

398 1678 474 1737 iis,
513 1677 688 1742 quibus
720 1676 824 1741 jam
867 1678 1175 1725 consuetudo
1213 1685 1379 1725 nostra
1414 1693 1513 1724 non
1548 1675 1723 1733 utitur,

399 1755 491 1803 nisi
517 1756 713 1819 quando
755 1756 961 1803 ornandi
1001 1773 1164 1815 causa,
1192 1772 1358 1820 parce,
1397 1754 1529 1818 quod
1564 1760 1724 1801 osten-

401 1834 545 1893 dam3
585 1833 672 1882 sed
695 1834 886 1882 usitatis
921 1835 990 1882 ita
1023 1835 1206 1898 poterit
1234 1835 1322 1890 uti,
1359 1832 1636 1881 lectissimis
1669 1837 1726 1878 ut

399 1920 567 1960 utatur
606 1912 664 1970 is,
701 1911 783 1976 qui
818 1912 870 1958 in
904 1912 1152 1959 veteribus
1177 1911 1269 1959 erit
1293 1910 1485 1974 scriptis
1510 1909 1726 1958 studiose

401 1999 453 2039 et
476 1989 686 2038 multum
710 1990 974 2038 volutatus.
1588 1986 1589 1989 ¹

469 2070 638 2133 Atque
663 2077 719 2117 ut
743 2069 921 2117 Latine
946 2069 1222 2133 loquamur,
1252 2086 1353 2118 non
1378 2070 1533 2118 solum
1557 2067 1727 2116 viden-

403 2149 520 2196 dum
557 2157 648 2207 est,
683 2156 740 2195 ut
777 2156 828 2196 et
868 2150 1015 2197 verba
1040 2149 1295 2197 efferamus
1321 2166 1396 2208 ea,
1433 2164 1557 2212 quae
1581 2162 1728 2194 nemo

393 2226 505 2291 jure
531 2225 893 2290 reprehendat3
934 2234 984 2273 et
1025 2244 1082 2274 ea
1117 2228 1185 2274 sic
1211 2235 1261 2275 et
1286 2229 1494 2286 casibus,
1532 2235 1581 2275 et
1604 2234 1728 2274 tem·

399 2303 618 2368 poribus,
655 2310 705 2350 et
728 2319 930 2366 genere,
968 2312 1018 2351 et
1042 2320 1247 2351 numero
1273 2321 1635 2363 conservemus,
1670 2312 1728 2352 ut

401 2381 586 2444 nequid
608 2381 948 2444 perturbatum
986 2398 1044 2428 ac
1082 2381 1381 2446 discrepans,
1418 2391 1502 2430 aut
1524 2399 1728 2447 praepo-

401 2467 585 2507 sterum
611 2458 672 2505 sit
692 2478 706 2518 3
745 2458 832 2506 sed
858 2458 1003 2506 etiam
1029 2458 1217 2522 lingua,
1248 2469 1298 2507 et
1323 2461 1533 2524 spiritus,
1572 2470 1622 2509 et
1645 2479 1729 2510 Vo-

403 2538 471 2585 cis
513 2553 658 2585 sonus
701 2544 774 2584 est
814 2536 916 2601 ipse
954 2538 1298 2587 moderandus.
1369 2539 1500 2588 Nolo
1520 2541 1728 2604 exprimi

400 2616 566 2663 literas
611 2615 850 2679 putidius,
903 2616 1017 2663 nolo
1065 2617 1312 2665 obscurari
1358 2618 1725 2683 negligentius:

401 2694 516 2742 nolo
540 2695 689 2741 verba
713 2694 905 2742 exiliter
931 2696 1209 2743 exanimata
1228 2697 1376 2753 exire,
1404 2697 1518 2745 nolo
1541 2698 1725 2757 inflata,

403 2780 454 2819 et
478 2773 612 2836 quasi
637 2773 864 2822 anhelata
880 2775 1105 2838 gravius:
1134 2791 1246 2822 nam
1272 2776 1334 2824 de
1358 2793 1481 2825 voce
1506 2777 1726 2825 nondum

402 2864 462 2898 ea
485 2850 612 2908 dico,
651 2868 774 2916 quae
799 2860 914 2903 sunt
937 2853 1162 2914 actioniS‚
1199 2854 1286 2904 sed
1309 2854 1423 2916 hoe,
1449 2854 1584 2919 quod
1605 2854 1724 2905 mihi

2011 615 2021 624 ‹
2004 575 2014 597 ‘⁷
2021 554 2025 563 -
2003 409 2024 533 „aas-4.

2009 1248 2031 1385 fissi-22>
2012 1131 2031 1233 „et-³3„
2009 927 2030 1119 :hes-³2:212:
2009 879 2028 914 Q

2020 2133 2024 2139 *
2007 2041 2035 2109 f...-
2016 1993 2034 2030 »¹-
2016 1703 2034 1979 -22.*.³2-.ffl⁴.2.a‹e2
2022 1645 2034 1690 „a
2015 1497 2033 1628 .2·‚;--·.
2019 1467 2030 1483 .«
2012 1391 2032 1429 ἀἱ
