2071 3508
715 391 883 431 LIBER
913 393 1220 433 SECUNDUS.
1567 403 1637 440 191

310 504 595 571 conjectura
618 501 947 567 explanantur
981 501 1130 566 longe
1170 502 1312 550 aliter
1336 511 1484 568 atque
1510 518 1644 567 sunt,

308 585 396 633 sed
420 591 564 632 acute
589 589 738 645 atque
775 580 1020 628 concinne
1048 600 1062 640 3
1102 588 1158 628 ut
1183 597 1297 629 cum
1331 582 1542 631 Scaurus
1567 602 1646 633 ac-

309 671 503 713 cusaret
540 660 786 709 Rutilium
823 660 1051 716 ambitus,
1097 677 1210 708 cum
1247 662 1352 725 ipse
1378 662 1551 710 consul
1577 680 1647 711 es-

307 751 382 791 set
404 742 584 800 factus,
619 740 701 789 ille
738 741 983 806 repulsam
1019 740 1228 798 tulisset,
1267 749 1318 789 et
1352 741 1404 788 in
1441 741 1544 806 ejus
1576 751 1649 791 ta-

304 822 431 870 bulis
456 821 743 870 ostenderet
766 821 947 877 literas,
990 837 1036 869 A.
1064 838 1106 869 F.
1135 837 1180 870 P.
1208 838 1254 869 R.
1281 822 1431 886 idque
1458 823 1649 871 diceret

303 917 428 961 esse,
469 903 738 964 actumfide
765 903 826 949 P.
861 900 1033 949 Rutilii
1053 923 1070 959 ;
1112 901 1330 949 Rutilius
1355 910 1538 959 autem,
1566 919 1649 951 cm-

304 983 558 1044 tefactum,
579 989 695 1045 post
713 983 911 1030 relatum
932 1003 951 1039 ;
990 977 1048 1029 C‘:
1087 981 1327 1040 Cannius,
1370 998 1521 1046 eques
1548 982 1650 1030 Ro-

303 1076 492 1117 manus,
533 1077 648 1109 cum
689 1060 825 1108 Rufo
861 1060 1072 1117 adesset,
1112 1060 1375 1117 exclamat,
1413 1069 1645 1109 neutrum

306 1138 400 1188 illis
424 1140 578 1189 literis
618 1140 872 1188 declarari.
947 1140 1085 1197 Quid
1122 1140 1277 1204 ergo?
1314 1140 1476 1204 inquit
1501 1141 1650 1188 Scau-

306 1235 388 1267 rus
410 1238 422 1267 z
462 1221 838 1282 Aemiliussecit,
860 1221 1087 1283 plectitur
1110 1221 1338 1268 Rutilius.

375 1299 626 1347 Ridentur
663 1300 812 1348 etiam
851 1300 1216 1364 discrepantia3
1257 1300 1378 1364 quid
1411 1300 1528 1348 huic
1565 1302 1648 1349 ab·

306 1386 399 1438 est,
435 1379 528 1427 nisi
553 1396 629 1427 res
655 1387 705 1427 et
728 1380 883 1427 virtus
911 1380 927 1427 ?
998 1379 1138 1427 Bella
1162 1379 1311 1427 etiam
1337 1387 1412 1427 est
1441 1379 1648 1427 familia-

305 1458 370 1505 ris
394 1459 727 1523 reprehensio,
767 1458 904 1522 quasi
931 1458 1172 1518 errantis;
1218 1466 1292 1516 ut,
1330 1475 1445 1505 cum
1487 1457 1649 1521 objur-

303 1538 441 1601 gavit
468 1537 646 1586 Albius
672 1537 933 1593 Granium,
979 1537 1129 1601 quod,
1170 1553 1285 1585 cum
1323 1536 1428 1601 ejus
1467 1536 1650 1586 tabulis

305 1617 541 1681 quiddam
570 1616 787 1664 Albucio
822 1616 1087 1681 probatum
1110 1617 1384 1676 videretur,
1426 1624 1477 1665 et
1504 1616 1650 1666 valde

302 1696 529 1745 absoluto
566 1695 803 1745 Scaevola
837 1696 1098 1760 gauderet,
1146 1712 1309 1761 neque
1345 1696 1650 1762 intelligeret

303 1785 478 1825 contra
502 1792 611 1824 suas
636 1775 828 1824 tabulas
855 1791 959 1823 esse
982 1775 1282 1839 judicatum.
1356 1782 1380 1805 θ*
1455 1782 1478 1805 ³³
1553 1782 1578 1805 θ*

305 1855 443 1904 Huic
498 1855 666 1904 similis
720 1862 794 1903 est
830 1855 980 1902 etiam
1017 1855 1290 1902 admonitio
1342 1855 1394 1901 in
1441 1855 1647 1904 consilio

305 1935 472 1983 dando
504 1934 793 1994 familiaris;-
836 1941 911 1992 ut,
949 1950 1064 1981 cum
1099 1941 1310 1997 patrono
1346 1934 1494 1992 malo,
1533 1952 1648 1982 cum

302 2031 478 2063 Vocem
504 2014 555 2060 in
581 2012 797 2061 dicendo
822 2012 1117 2070 obtudisset‚
1148 2013 1387 2061 suadebat
1412 2013 1649 2075 Granius,

305 2103 362 2143 ut
408 2093 622 2141 mulsum
665 2091 903 2156 frigidum
938 2092 1150 2151 biberet,
1200 2093 1405 2141 simulac
1445 2093 1649 2141 domum

305 2174 545 2223 redisset:
594 2172 823 2231 Perdam,
859 2172 1035 2236 inquit,
1074 2188 1269 2231 vocem,
1306 2173 1344 2220 si
1369 2173 1422 2220 id
1445 2173 1645 2222 fecero:

308 2253 493 2302 Melius
530 2260 622 2311 est,
658 2252 837 2316 inquit,
875 2268 1022 2315 quam
1046 2266 1204 2299 reum.
1277 2252 1472 2300 Bellum
1498 2254 1647 2302 etiam

305 2342 397 2389 est,
436 2350 565 2390 cum,
605 2331 725 2396 quid
761 2331 941 2396 cuique
978 2331 1041 2379 sit
1076 2339 1486 2392 consentaneum,
1529 2334 1649 2381 dici-

304 2421 421 2472 tur;
460 2419 531 2469 ut,
571 2428 685 2460 cum
724 2412 936 2459 Scaurus
972 2411 1260 2458 nonnullam
1285 2412 1491 2460 haberet
1525 2413 1649 2461 invi-

308 2492 438 2540 diam
465 2507 527 2539 ex
552 2508 630 2550 eo,
668 2490 799 2554 quod
828 2490 1122 2554 Phrygionis
1150 2491 1391 2554 Pompeii,
1431 2492 1649 2556 locuple-

306 2571 369 2620 tis
404 2570 633 2626 hominis,
677 2571 808 2617 bona
844 2570 949 2617 sine
996 2578 1298 2618 testamento
1344 2572 1646 2635 possederat,

307 2651 601 2714 sederetque
649 2650 920 2697 advocatus
958 2666 1042 2697 reo
1086 2649 1296 2707 Bestiae,
1348 2667 1461 2698 cum
1500 2650 1651 2700 funus

308 2730 559 2795 quoddam
585 2729 869 2787 duceretur,
896 2736 1154 2776 accusator
1179 2729 1236 2776 C.
1266 2729 1555 2790 Memmius,
1580 2732 1649 2779 vi-

309 2811 388 2868 de,
426 2809 606 2874 inquit,
633 2810 830 2866 Scaure,
866 2817 1089 2857 mortuus
1115 2810 1317 2873 rapitur,
1345 2811 1382 2858 si
1409 2819 1550 2876 potes
1575 2828 1648 2859 es-

309 2906 362 2938 se
385 2906 648 2955 possessor.
722 2889 821 2938 Sed
857 2906 919 2938 ex
954 2888 1029 2937 his
1071 2890 1298 2940 omnibus
1333 2890 1455 2938 nihil
1491 2892 1646 2956 magis

1681 1293 1789 1354 70.

1679 1387 1792 1427 281.

1679 1870 1793 1911 282.

1680 2272 1797 2312 283.

1679 2899 1791 2939 284.
