2071 3508
334 2120 435 2180 13.

480 454 560 491 322
981 451 1058 489 DE
1080 450 1149 490 CL
1157 452 1184 489 Α
1193 450 1280 489 RIS

481 576 596 608 cum
643 559 944 624 singularum
991 577 1155 608 rerum
1194 559 1365 608 laudes
1399 557 1807 623 vituperationes-

480 656 578 704 que
603 640 1001 704 conscripsisset:
1041 640 1174 704 quod
1199 639 1450 704 judicaret
1484 638 1580 686 hoc
1605 636 1810 686 oratoris

480 736 586 767 esse
628 719 840 767 maxime
877 719 1147 783 proprium,
1196 736 1299 767 rem
1337 736 1519 783 augere
1543 735 1685 783 posse
1709 717 1813 766 lau-

482 798 666 857 dando,
700 799 1124 861 vituperandoque
1165 815 1330 845 rursus
1354 798 1582 861 affligere.
1674 797 1813 845 Huic

483 875 848 939 Antiphontem
875 874 1238 920 Rhamnusium
1264 875 1439 920 similia
1463 875 1704 936 quaedam
1728 875 1813 922 hafl-

480 954 644 1002 buisse
670 951 967 1016 conscripta,
1000 968 1096 1014 quo
1122 951 1371 999 neminem
1394 968 1610 1015 unquam
1636 953 1812 1002 melius

479 1032 630 1079 ullam
655 1031 865 1079 oravisse
892 1030 1063 1094 capitis
1081 1047 1297 1089 causam,
1317 1047 1431 1078 cum
1450 1047 1500 1078 se
1521 1031 1623 1095 ipse
1643 1031 1813 1079 defen-

480 1109 639 1169 deret,
665 1127 716 1157 se
741 1109 992 1167 audiente,
1016 1108 1236 1173 locuples
1260 1118 1433 1158 auctor
1458 1110 1650 1175 scripsit
1675 1109 1813 1158 Thu-

480 1189 701 1253 cydides·
771 1189 901 1236 Nam
943 1187 1142 1252 Lysiam
1179 1189 1337 1252 primo
1371 1188 1588 1252 profiteri
1613 1189 1812 1238 solitum

479 1275 636 1315 artem
676 1284 780 1315 esse
823 1267 1054 1315 dicendi:
1105 1267 1304 1326 deinde,
1347 1267 1480 1332 quod
1517 1267 1813 1315 Theodorus

478 1354 609 1395 esset
647 1347 699 1393 in
740 1353 843 1394 arte
869 1346 1108 1404 subtilior,
1142 1346 1194 1393 in
1230 1346 1530 1394 orationibus
1555 1353 1721 1394 autem
1737 1344 1812 1410 je-

469 1424 657 1489 junior,
693 1425 937 1472 orationes
970 1441 1081 1472 eum
1107 1424 1320 1473 scribere
1345 1424 1449 1472 aliis
1475 1425 1713 1489 coepisse,
1738 1441 1812 1472 ar-

477 1512 581 1551 tem
606 1503 880 1551 removisse.
933 1502 1165 1551 Similiter
1190 1503 1460 1552 Isocratem
1475 1503 1634 1567 primo
1653 1511 1810 1551 artem

479 1582 679 1630 dicendi
716 1599 819 1629 esse
856 1583 1130 1646 negavisse,
1167 1583 1379 1631 scribere
1404 1591 1570 1630 autem
1595 1581 1700 1629 aliis
1736 1598 1811 1630 so-

475 1659 620 1707 litum
661 1660 923 1717 orationeS‚
977 1660 1151 1724 quibus
1193 1660 1243 1706 in
1272 1659 1474 1723 judiciis
1515 1667 1805 1714 uterentur:

477 1738 582 1796 sed,
625 1755 738 1785 cum
765 1755 826 1785 ex
865 1755 923 1785 eo
949 1738 1088 1802 (quia
1113 1737 1250 1801 quasi
1277 1738 1610 1785 committeret
1635 1745 1809 1786 contra

474 1816 658 1880 legem,
695 1833 791 1879 quo
817 1816 923 1879 quis
939 1815 1132 1880 judicio
1160 1814 1624 1876 circumveniretur)
1661 1831 1808 1880 saepe

473 1894 579 1958 ipse
603 1894 653 1940 in
669 1893 916 1957 judicium
950 1880 1241 1952 vocaretur3
1280 1893 1524 1940 orationes
1560 1893 1664 1940 aliis
1700 1893 1808 1942 des-

472 1971 630 2019 titisse
670 1972 900 2030 scribere‚
940 1979 1200 2035 totumque
1242 1988 1292 2019 se
1334 1972 1398 2019 ad
1437 1980 1566 2020 artes
1608 1988 1807 2037 compo-

474 2051 664 2098 nendas
688 2050 1009 2099 transtulisse.

539 2130 606 2178 Et
646 2129 889 2179 Graeciae
932 2130 1132 2194 quidem
1174 2137 1422 2178 oratorum
1461 2137 1630 2194 partus
1655 2136 1804 2194 atque

469 2207 634 2255 fontes
675 2207 828 2264 vides,
867 2207 929 2254 ad
954 2216 1230 2255 nostrorum
1269 2207 1516 2255 annalium
1542 2207 1804 2267 rationem,

470 2296 698 2345 veteres;
738 2287 801 2334 ad
825 2287 1059 2351 ipsorum,
1096 2303 1210 2334 sane
1245 2294 1486 2334 recentes.
1557 2286 1688 2334 Nam
1720 2302 1803 2337 an-

470 2373 673 2429 tequam
698 2365 944 2413 delectata
982 2374 1056 2412 est
1095 2365 1475 2413 Atheniensium
1513 2363 1684 2412 civitas
1707 2364 1804 2413 hac

470 2443 617 2491 laude
644 2443 862 2501 dicendi,
899 2443 1054 2491 multa
1081 2443 1186 2507 jam
1210 2442 1544 2491 memorabilia
1567 2451 1618 2490 et
1640 2443 1692 2490 in
1717 2442 1802 2491 do-

471 2522 688 2570 mesticis
735 2530 786 2570 et
831 2522 882 2568 in
928 2522 1118 2570 bellicis
1164 2523 1309 2570 rebus
1350 2521 1595 2570 effecerat.
1684 2521 1800 2570 Hoc

471 2608 638 2648 autem
677 2601 892 2648 studium
934 2617 1034 2648 non
1076 2609 1180 2648 erat
1227 2616 1489 2649 commune
1536 2600 1799 2660 Graeciae,

471 2679 559 2726 sed
594 2680 846 2743 proprium
889 2679 1216 2727 Athenarum.
1289 2680 1413 2736 Quis
1438 2679 1568 2727 enim
1593 2686 1680 2727 aut
1705 2678 1799 2726 Ar-

469 2758 639 2821 givum
681 2767 942 2818 oratorem,
994 2767 1080 2806 aut
1118 2759 1447 2817 Corinthium,
1483 2766 1569 2806 aut
1603 2758 1798 2809 Theba-

470 2853 589 2882 num
628 2838 723 2885 scit
762 2837 912 2886 fuisse
953 2838 1256 2902 temporibus
1296 2826 1426 2885 illis?
1463 2837 1554 2884 nisi
1590 2837 1709 2901 quid
1733 2836 1794 2884 de

471 2912 827 2978 Epaminonda,
855 2918 1005 2966 docto
1023 2917 1241 2977 homine,
1267 2917 1500 2982 suspicari
1522 2915 1660 2966 libet.
1702 2915 1796 2965 La·
