<?xml version="1.0" encoding="UTF-8"?>
<!DOCTYPE html PUBLIC "-//W3C//DTD XHTML 1.0 Transitional//EN"
    "http://www.w3.org/TR/xhtml1/DTD/xhtml1-transitional.dtd">
<html xmlns="http://www.w3.org/1999/xhtml" xml:lang="en" lang="en">
 <head>
  <title>
</title>
<meta http-equiv="Content-Type" content="text/html;charset=utf-8" />
  <meta name='ocr-system' content='tesseract 3.04.00' />
  <meta name='ocr-capabilities' content='ocr_page ocr_carea ocr_par ocr_line ocrx_word'/>
</head>
<body>
  <div class='ocr_page' id='page_1' title='image "./deoratorelibrit00ciceuoft_0242.png"; bbox 0 0 2071 3508; ppageno 0'>
   <div class='ocr_carea' id='block_1_1' title="bbox 281 1597 358 1636">
    <p class='ocr_par' dir='ltr' id='par_1_1' title="bbox 281 1597 358 1636">
     <span class='ocr_line' id='line_1_1' title="bbox 281 1597 358 1636; baseline 0.013 -1"><span class='ocrx_word' id='word_1_1' title='bbox 281 1597 358 1636; x_wconf 77' lang='lat'><strong>34.</strong></span> 
     </span>
    </p>
   </div>
   <div class='ocr_carea' id='block_1_2' title="bbox 395 386 1248 426">
    <p class='ocr_par' dir='ltr' id='par_1_2' title="bbox 395 386 1248 426">
     <span class='ocr_line' id='line_1_2' title="bbox 395 386 1248 426; baseline 0 0"><span class='ocrx_word' id='word_1_2' title='bbox 395 390 474 426; x_wconf 67' lang='lat'><strong>{234-</strong></span> <span class='ocrx_word' id='word_1_3' title='bbox 874 386 949 426; x_wconf 91' lang='lat' dir='ltr'><strong>DE</strong></span> <span class='ocrx_word' id='word_1_4' title='bbox 979 387 1248 426; x_wconf 88' lang='lat' dir='ltr'><strong>ORATORE</strong></span> 
     </span>
    </p>
   </div>
   <div class='ocr_carea' id='block_1_3' title="bbox 391 495 1726 560">
    <p class='ocr_par' dir='ltr' id='par_1_3' title="bbox 391 495 1726 560">
     <span class='ocr_line' id='line_1_3' title="bbox 391 495 1726 560; baseline 0.001 -17"><span class='ocrx_word' id='word_1_5' title='bbox 391 496 595 560; x_wconf 85' lang='lat' dir='ltr'>plicans,</span> <span class='ocrx_word' id='word_1_6' title='bbox 636 511 825 544; x_wconf 90' lang='lat' dir='ltr'><strong>summa</strong></span> <span class='ocrx_word' id='word_1_7' title='bbox 865 497 1097 545; x_wconf 87' lang='lat' dir='ltr'><strong>orationis</strong></span> <span class='ocrx_word' id='word_1_8' title='bbox 1138 496 1396 553; x_wconf 85' lang='lat' dir='ltr'><strong>varietate,</strong></span> <span class='ocrx_word' id='word_1_9' title='bbox 1446 495 1580 544; x_wconf 88' lang='lat' dir='ltr'><strong>nulla</strong></span> <span class='ocrx_word' id='word_1_10' title='bbox 1616 512 1726 544; x_wconf 89' lang='lat' dir='ltr'><strong>nos-</strong></span> 
     </span>
    </p>
   </div>
   <div class='ocr_carea' id='block_1_4' title="bbox 349 574 1724 639">
    <p class='ocr_par' dir='ltr' id='par_1_4' title="bbox 349 574 1724 639">
     <span class='ocr_line' id='line_1_4' title="bbox 349 574 1724 639; baseline -0.001 -16"><span class='ocrx_word' id='word_1_11' title='bbox 349 612 361 623; x_wconf 90' lang='lat'><strong>.</strong></span> <span class='ocrx_word' id='word_1_12' title='bbox 392 583 577 623; x_wconf 88' lang='lat' dir='ltr'><strong>trarum</strong></span> <span class='ocrx_word' id='word_1_13' title='bbox 618 575 809 623; x_wconf 89' lang='lat' dir='ltr'><strong>aurium</strong></span> <span class='ocrx_word' id='word_1_14' title='bbox 845 576 1086 624; x_wconf 85' lang='lat' dir='ltr'><strong>satietate.</strong></span> <span class='ocrx_word' id='word_1_15' title='bbox 1157 575 1262 623; x_wconf 89' lang='lat' dir='ltr'><strong>Nos</strong></span> <span class='ocrx_word' id='word_1_16' title='bbox 1298 582 1483 634; x_wconf 82' lang='lat' dir='ltr'><strong>autem,</strong></span> <span class='ocrx_word' id='word_1_17' title='bbox 1519 574 1724 639; x_wconf 90' lang='lat' dir='ltr'><strong>quicun-</strong></span> 
     </span>
    </p>
   </div>
   <div class='ocr_carea' id='block_1_5' title="bbox 388 653 1729 2610">
    <p class='ocr_par' dir='ltr' id='par_1_5' title="bbox 388 653 1729 2610">
     <span class='ocr_line' id='line_1_5' title="bbox 393 653 1726 719; baseline -0.001 -17"><span class='ocrx_word' id='word_1_18' title='bbox 393 671 488 718; x_wconf 90' lang='lat' dir='ltr'><strong>que</strong></span> <span class='ocrx_word' id='word_1_19' title='bbox 514 655 564 702; x_wconf 91' lang='lat' dir='ltr'><strong>in</strong></span> <span class='ocrx_word' id='word_1_20' title='bbox 598 654 812 703; x_wconf 88' lang='lat' dir='ltr'><strong>dicendo</strong></span> <span class='ocrx_word' id='word_1_21' title='bbox 851 671 1036 714; x_wconf 82' lang='lat' dir='ltr'><strong>sumus,</strong></span> <span class='ocrx_word' id='word_1_22' title='bbox 1073 654 1330 719; x_wconf 88' lang='lat' dir='ltr'><strong>(quoniam</strong></span> <span class='ocrx_word' id='word_1_23' title='bbox 1357 670 1460 702; x_wconf 89' lang='lat' dir='ltr'><strong>esse</strong></span> <span class='ocrx_word' id='word_1_24' title='bbox 1485 653 1650 717; x_wconf 91' lang='lat' dir='ltr'><strong>aliquo</strong></span> <span class='ocrx_word' id='word_1_25' title='bbox 1673 654 1726 701; x_wconf 89' lang='lat' dir='ltr'><strong>in</strong></span> 
     </span>
     <span class='ocr_line' id='line_1_6' title="bbox 390 732 1726 797; baseline 0 -17"><span class='ocrx_word' id='word_1_26' title='bbox 390 744 598 782; x_wconf 87' lang='lat' dir='ltr'><strong>numero</strong></span> <span class='ocrx_word' id='word_1_27' title='bbox 637 734 775 782; x_wconf 87' lang='lat' dir='ltr'><strong>vobis</strong></span> <span class='ocrx_word' id='word_1_28' title='bbox 812 733 1062 794; x_wconf 85' lang='lat' dir='ltr'><strong>videmur)</strong></span> <span class='ocrx_word' id='word_1_29' title='bbox 1117 741 1251 781; x_wconf 85' lang='lat' dir='ltr'><strong>certe</strong></span> <span class='ocrx_word' id='word_1_30' title='bbox 1292 741 1459 782; x_wconf 90' lang='lat' dir='ltr'><strong>tamen</strong></span> <span class='ocrx_word' id='word_1_31' title='bbox 1495 735 1555 782; x_wconf 92' lang='lat' dir='ltr'><strong>ab</strong></span> <span class='ocrx_word' id='word_1_32' title='bbox 1581 732 1726 797; x_wconf 87' lang='lat' dir='ltr'><strong>hujus</strong></span> 
     </span>
     <span class='ocr_line' id='line_1_7' title="bbox 391 812 1726 877; baseline 0 -18"><span class='ocrx_word' id='word_1_33' title='bbox 391 813 602 860; x_wconf 91' lang='lat' dir='ltr'><strong>multum</strong></span> <span class='ocrx_word' id='word_1_34' title='bbox 645 829 830 877; x_wconf 82' lang='lat' dir='ltr'><strong>genere</strong></span> <span class='ocrx_word' id='word_1_35' title='bbox 873 813 1144 860; x_wconf 86' lang='lat' dir='ltr'><strong>distamus:</strong></span> <span class='ocrx_word' id='word_1_36' title='bbox 1184 813 1318 876; x_wconf 90' lang='lat' dir='ltr'><strong>quod</strong></span> <span class='ocrx_word' id='word_1_37' title='bbox 1342 812 1485 877; x_wconf 89' lang='lat' dir='ltr'><strong>quale</strong></span> <span class='ocrx_word' id='word_1_38' title='bbox 1510 813 1586 868; x_wconf 89' lang='lat' dir='ltr'><strong>sit,</strong></span> <span class='ocrx_word' id='word_1_39' title='bbox 1624 828 1726 859; x_wconf 91' lang='lat' dir='ltr'><strong>non</strong></span> 
     </span>
     <span class='ocr_line' id='line_1_8' title="bbox 391 889 1725 955; baseline -0.001 -17"><span class='ocrx_word' id='word_1_40' title='bbox 391 900 466 939; x_wconf 87' lang='lat' dir='ltr'><strong>est</strong></span> <span class='ocrx_word' id='word_1_41' title='bbox 502 908 672 939; x_wconf 87' lang='lat' dir='ltr'><strong>meum</strong></span> <span class='ocrx_word' id='word_1_42' title='bbox 712 892 897 950; x_wconf 88' lang='lat' dir='ltr'><strong>dicere,</strong></span> <span class='ocrx_word' id='word_1_43' title='bbox 932 900 1196 955; x_wconf 88' lang='lat' dir='ltr'><strong>propterea</strong></span> <span class='ocrx_word' id='word_1_44' title='bbox 1238 891 1371 954; x_wconf 91' lang='lat' dir='ltr'><strong>quod</strong></span> <span class='ocrx_word' id='word_1_45' title='bbox 1407 891 1609 938; x_wconf 89' lang='lat' dir='ltr'><strong>minime</strong></span> <span class='ocrx_word' id='word_1_46' title='bbox 1634 889 1725 938; x_wconf 90' lang='lat' dir='ltr'><strong>sibi</strong></span> 
     </span>
     <span class='ocr_line' id='line_1_9' title="bbox 393 968 1727 1033; baseline 0 -17"><span class='ocrx_word' id='word_1_47' title='bbox 393 970 600 1033; x_wconf 89' lang='lat' dir='ltr'><strong>quisque</strong></span> <span class='ocrx_word' id='word_1_48' title='bbox 642 978 789 1017; x_wconf 89' lang='lat' dir='ltr'><strong>notus</strong></span> <span class='ocrx_word' id='word_1_49' title='bbox 828 979 921 1028; x_wconf 88' lang='lat' dir='ltr'><strong>est,</strong></span> <span class='ocrx_word' id='word_1_50' title='bbox 971 977 1022 1017; x_wconf 86' lang='lat' dir='ltr'><strong>et</strong></span> <span class='ocrx_word' id='word_1_51' title='bbox 1046 969 1331 1017; x_wconf 88' lang='lat' dir='ltr'>difficillime</span> <span class='ocrx_word' id='word_1_52' title='bbox 1357 969 1418 1016; x_wconf 93' lang='lat' dir='ltr'><strong>de</strong></span> <span class='ocrx_word' id='word_1_53' title='bbox 1444 985 1494 1015; x_wconf 91' lang='lat' dir='ltr'><strong>se</strong></span> <span class='ocrx_word' id='word_1_54' title='bbox 1519 968 1727 1031; x_wconf 89' lang='lat' dir='ltr'><strong>quisque</strong></span> 
     </span>
     <span class='ocr_line' id='line_1_10' title="bbox 393 1045 1728 1110; baseline -0.002 -15"><span class='ocrx_word' id='word_1_55' title='bbox 393 1049 575 1096; x_wconf 85' lang='lat' dir='ltr'><strong>sentit:</strong></span> <span class='ocrx_word' id='word_1_56' title='bbox 615 1048 702 1096; x_wconf 89' lang='lat' dir='ltr'><strong>sed</strong></span> <span class='ocrx_word' id='word_1_57' title='bbox 720 1056 888 1096; x_wconf 88' lang='lat' dir='ltr'><strong>tamen</strong></span> <span class='ocrx_word' id='word_1_58' title='bbox 925 1047 1271 1095; x_wconf 82' lang='lat' dir='ltr'>dissimilitudo</span> <span class='ocrx_word' id='word_1_59' title='bbox 1310 1045 1522 1110; x_wconf 82' lang='lat' dir='ltr'>intelligi</span> <span class='ocrx_word' id='word_1_60' title='bbox 1544 1052 1728 1110; x_wconf 87' lang='lat' dir='ltr'><strong>potest,</strong></span> 
     </span>
     <span class='ocr_line' id='line_1_11' title="bbox 392 1125 1726 1189; baseline -0.002 -14"><span class='ocrx_word' id='word_1_61' title='bbox 392 1136 442 1175; x_wconf 91' lang='lat' dir='ltr'><strong>et</strong></span> <span class='ocrx_word' id='word_1_62' title='bbox 467 1145 530 1175; x_wconf 85' lang='lat' dir='ltr'><strong>ex</strong></span> <span class='ocrx_word' id='word_1_63' title='bbox 567 1135 730 1175; x_wconf 89' lang='lat' dir='ltr'><strong>motus</strong></span> <span class='ocrx_word' id='word_1_64' title='bbox 766 1127 863 1174; x_wconf 88' lang='lat' dir='ltr'><strong>mei</strong></span> <span class='ocrx_word' id='word_1_65' title='bbox 901 1127 1264 1185; x_wconf 83' lang='lat' dir='ltr'><strong>mediocritate,</strong></span> <span class='ocrx_word' id='word_1_66' title='bbox 1301 1134 1352 1174; x_wconf 91' lang='lat' dir='ltr'><strong>et</strong></span> <span class='ocrx_word' id='word_1_67' title='bbox 1377 1143 1438 1174; x_wconf 88' lang='lat' dir='ltr'><strong>ex</strong></span> <span class='ocrx_word' id='word_1_68' title='bbox 1464 1142 1538 1182; x_wconf 89' lang='lat' dir='ltr'><strong>eo,</strong></span> <span class='ocrx_word' id='word_1_69' title='bbox 1576 1125 1726 1189; x_wconf 90' lang='lat' dir='ltr'><strong>quod,</strong></span> 
     </span>
     <span class='ocr_line' id='line_1_12' title="bbox 391 1203 1727 1269; baseline 0 -17"><span class='ocrx_word' id='word_1_70' title='bbox 391 1206 570 1269; x_wconf 83' lang='lat' dir='ltr'><strong>quibus</strong></span> <span class='ocrx_word' id='word_1_71' title='bbox 609 1205 830 1269; x_wconf 82' lang='lat' dir='ltr'><strong>vestigiis</strong></span> <span class='ocrx_word' id='word_1_72' title='bbox 854 1205 1067 1269; x_wconf 89' lang='lat' dir='ltr'><strong>primum</strong></span> <span class='ocrx_word' id='word_1_73' title='bbox 1082 1206 1267 1264; x_wconf 87' lang='lat' dir='ltr'><strong>institi,</strong></span> <span class='ocrx_word' id='word_1_74' title='bbox 1309 1206 1359 1252; x_wconf 92' lang='lat' dir='ltr'><strong>in</strong></span> <span class='ocrx_word' id='word_1_75' title='bbox 1384 1205 1441 1252; x_wconf 90' lang='lat' dir='ltr'><strong>iis</strong></span> <span class='ocrx_word' id='word_1_76' title='bbox 1465 1203 1568 1252; x_wconf 86' lang='lat' dir='ltr'><strong>fere</strong></span> <span class='ocrx_word' id='word_1_77' title='bbox 1593 1203 1727 1252; x_wconf 88' lang='lat' dir='ltr'><strong>soleo</strong></span> 
     </span>
     <span class='ocr_line' id='line_1_13' title="bbox 389 1283 1724 1348; baseline -0.001 -17"><span class='ocrx_word' id='word_1_78' title='bbox 389 1301 642 1348; x_wconf 78' lang='lat' dir='ltr'><strong>perorare3</strong></span> <span class='ocrx_word' id='word_1_79' title='bbox 682 1291 733 1332; x_wconf 91' lang='lat' dir='ltr'><strong>et</strong></span> <span class='ocrx_word' id='word_1_80' title='bbox 758 1284 891 1348; x_wconf 93' lang='lat' dir='ltr'><strong>quod</strong></span> <span class='ocrx_word' id='word_1_81' title='bbox 916 1284 1167 1348; x_wconf 87' lang='lat' dir='ltr'><strong>aliquanto</strong></span> <span class='ocrx_word' id='word_1_82' title='bbox 1191 1301 1270 1332; x_wconf 91' lang='lat' dir='ltr'><strong>me</strong></span> <span class='ocrx_word' id='word_1_83' title='bbox 1296 1283 1449 1348; x_wconf 87' lang='lat' dir='ltr'><strong>major</strong></span> <span class='ocrx_word' id='word_1_84' title='bbox 1472 1283 1523 1330; x_wconf 89' lang='lat' dir='ltr'><strong>in</strong></span> <span class='ocrx_word' id='word_1_85' title='bbox 1546 1283 1724 1339; x_wconf 89' lang='lat' dir='ltr'><strong>verbis,</strong></span> 
     </span>
     <span class='ocr_line' id='line_1_14' title="bbox 391 1363 1726 1427; baseline -0.001 -17"><span class='ocrx_word' id='word_1_86' title='bbox 391 1380 537 1427; x_wconf 83' lang='lat' dir='ltr'><strong>quam</strong></span> <span class='ocrx_word' id='word_1_87' title='bbox 579 1363 629 1410; x_wconf 91' lang='lat' dir='ltr'><strong>in</strong></span> <span class='ocrx_word' id='word_1_88' title='bbox 656 1363 912 1411; x_wconf 83' lang='lat' dir='ltr'><strong>sententiis</strong></span> <span class='ocrx_word' id='word_1_89' title='bbox 938 1363 1198 1427; x_wconf 82' lang='lat' dir='ltr'><strong>eligendis,</strong></span> <span class='ocrx_word' id='word_1_90' title='bbox 1239 1363 1375 1411; x_wconf 92' lang='lat' dir='ltr'><strong>labor</strong></span> <span class='ocrx_word' id='word_1_91' title='bbox 1412 1370 1462 1411; x_wconf 90' lang='lat' dir='ltr'><strong>et</strong></span> <span class='ocrx_word' id='word_1_92' title='bbox 1487 1379 1605 1410; x_wconf 90' lang='lat' dir='ltr'><strong>cura</strong></span> <span class='ocrx_word' id='word_1_93' title='bbox 1627 1370 1726 1410; x_wconf 88' lang='lat' dir='ltr'><strong>tor-</strong></span> 
     </span>
     <span class='ocr_line' id='line_1_15' title="bbox 392 1440 1728 1506; baseline 0.001 -18"><span class='ocrx_word' id='word_1_94' title='bbox 392 1450 529 1506; x_wconf 87' lang='lat' dir='ltr'><strong>quet,</strong></span> <span class='ocrx_word' id='word_1_95' title='bbox 565 1451 840 1501; x_wconf 84' lang='lat' dir='ltr'><strong>verentem,</strong></span> <span class='ocrx_word' id='word_1_96' title='bbox 876 1459 954 1498; x_wconf 92' lang='lat' dir='ltr'><strong>ne,</strong></span> <span class='ocrx_word' id='word_1_97' title='bbox 1011 1443 1048 1489; x_wconf 93' lang='lat' dir='ltr'><strong>si</strong></span> <span class='ocrx_word' id='word_1_98' title='bbox 1089 1442 1237 1506; x_wconf 90' lang='lat' dir='ltr'><strong>paulo</strong></span> <span class='ocrx_word' id='word_1_99' title='bbox 1273 1442 1537 1490; x_wconf 88' lang='lat' dir='ltr'><strong>obsoletior</strong></span> <span class='ocrx_word' id='word_1_100' title='bbox 1575 1440 1728 1489; x_wconf 87' lang='lat' dir='ltr'><strong>fuerit</strong></span> 
     </span>
     <span class='ocr_line' id='line_1_16' title="bbox 391 1519 1726 1586; baseline 0 -19"><span class='ocrx_word' id='word_1_101' title='bbox 391 1521 567 1579; x_wconf 81' lang='lat' dir='ltr'><strong>oratio,</strong></span> <span class='ocrx_word' id='word_1_102' title='bbox 591 1538 691 1569; x_wconf 90' lang='lat' dir='ltr'><strong>non</strong></span> <span class='ocrx_word' id='word_1_103' title='bbox 717 1521 868 1585; x_wconf 87' lang='lat' dir='ltr'><strong>digna</strong></span> <span class='ocrx_word' id='word_1_104' title='bbox 904 1522 1253 1586; x_wconf 82' lang='lat' dir='ltr'><strong>expectatione</strong></span> <span class='ocrx_word' id='word_1_105' title='bbox 1283 1529 1333 1569; x_wconf 87' lang='lat' dir='ltr'><strong>et</strong></span> <span class='ocrx_word' id='word_1_106' title='bbox 1358 1520 1553 1569; x_wconf 90' lang='lat' dir='ltr'><strong>silentio</strong></span> <span class='ocrx_word' id='word_1_107' title='bbox 1576 1519 1726 1568; x_wconf 89' lang='lat' dir='ltr'><strong>fuisse</strong></span> 
     </span>
     <span class='ocr_line' id='line_1_17' title="bbox 391 1598 1729 1663; baseline -0.001 -16"><span class='ocrx_word' id='word_1_108' title='bbox 391 1598 633 1647; x_wconf 84' lang='lat' dir='ltr'><strong>videatur.</strong></span> <span class='ocrx_word' id='word_1_109' title='bbox 707 1600 857 1656; x_wconf 83' lang='lat' dir='ltr'><strong>Quod</strong></span> <span class='ocrx_word' id='word_1_110' title='bbox 883 1600 919 1647; x_wconf 90' lang='lat' dir='ltr'><strong>si</strong></span> <span class='ocrx_word' id='word_1_111' title='bbox 945 1600 995 1646; x_wconf 88' lang='lat' dir='ltr'><strong>in</strong></span> <span class='ocrx_word' id='word_1_112' title='bbox 1021 1600 1180 1658; x_wconf 83' lang='lat' dir='ltr'><strong>nobis,</strong></span> <span class='ocrx_word' id='word_1_113' title='bbox 1217 1600 1300 1663; x_wconf 90' lang='lat' dir='ltr'><strong>qui</strong></span> <span class='ocrx_word' id='word_1_114' title='bbox 1326 1600 1575 1658; x_wconf 86' lang='lat' dir='ltr'><strong>adsumus,</strong></span> <span class='ocrx_word' id='word_1_115' title='bbox 1621 1606 1729 1646; x_wconf 84' lang='lat' dir='ltr'><strong>tan-</strong></span> 
     </span>
     <span class='ocr_line' id='line_1_18' title="bbox 391 1678 1725 1742; baseline 0.001 -18"><span class='ocrx_word' id='word_1_116' title='bbox 391 1685 471 1725; x_wconf 90' lang='lat' dir='ltr'><strong>tae</strong></span> <span class='ocrx_word' id='word_1_117' title='bbox 515 1678 955 1737; x_wconf 85' lang='lat' dir='ltr'><strong>dissimilitudines,</strong></span> <span class='ocrx_word' id='word_1_118' title='bbox 1012 1686 1113 1726; x_wconf 88' lang='lat' dir='ltr'><strong>tam</strong></span> <span class='ocrx_word' id='word_1_119' title='bbox 1158 1687 1322 1727; x_wconf 89' lang='lat' dir='ltr'><strong>certae</strong></span> <span class='ocrx_word' id='word_1_120' title='bbox 1363 1695 1439 1726; x_wconf 89' lang='lat' dir='ltr'><strong>res</strong></span> <span class='ocrx_word' id='word_1_121' title='bbox 1488 1678 1725 1742; x_wconf 90' lang='lat' dir='ltr'><strong>cujusque</strong></span> 
     </span>
     <span class='ocr_line' id='line_1_19' title="bbox 388 1756 1726 1821; baseline 0.001 -18"><span class='ocrx_word' id='word_1_122' title='bbox 388 1757 632 1821; x_wconf 86' lang='lat' dir='ltr'><strong>propriae,</strong></span> <span class='ocrx_word' id='word_1_123' title='bbox 670 1765 720 1804; x_wconf 90' lang='lat' dir='ltr'><strong>et</strong></span> <span class='ocrx_word' id='word_1_124' title='bbox 760 1758 810 1803; x_wconf 93' lang='lat' dir='ltr'><strong>in</strong></span> <span class='ocrx_word' id='word_1_125' title='bbox 845 1774 902 1805; x_wconf 86' lang='lat' dir='ltr'><strong>ea</strong></span> <span class='ocrx_word' id='word_1_126' title='bbox 936 1758 1174 1806; x_wconf 70' lang='lat' dir='ltr'><strong>varietate</strong></span> <span class='ocrx_word' id='word_1_127' title='bbox 1198 1756 1302 1805; x_wconf 86' lang='lat' dir='ltr'><strong>fere</strong></span> <span class='ocrx_word' id='word_1_128' title='bbox 1338 1757 1512 1805; x_wconf 89' lang='lat' dir='ltr'><strong>melius</strong></span> <span class='ocrx_word' id='word_1_129' title='bbox 1537 1773 1565 1804; x_wconf 87' lang='lat' dir='ltr'><strong>a</strong></span> <span class='ocrx_word' id='word_1_130' title='bbox 1589 1757 1726 1804; x_wconf 87' lang='lat' dir='ltr'><strong>dete-</strong></span> 
     </span>
     <span class='ocr_line' id='line_1_20' title="bbox 390 1835 1726 1900; baseline 0.001 -19"><span class='ocrx_word' id='word_1_131' title='bbox 390 1836 535 1893; x_wconf 80' lang='lat' dir='ltr'><strong>riore,</strong></span> <span class='ocrx_word' id='word_1_132' title='bbox 570 1835 809 1883; x_wconf 76' lang='lat' dir='ltr'><strong>facultate</strong></span> <span class='ocrx_word' id='word_1_133' title='bbox 845 1837 1018 1900; x_wconf 87' lang='lat' dir='ltr'><strong>magis,</strong></span> <span class='ocrx_word' id='word_1_134' title='bbox 1056 1853 1202 1899; x_wconf 90' lang='lat' dir='ltr'><strong>quam</strong></span> <span class='ocrx_word' id='word_1_135' title='bbox 1240 1852 1423 1899; x_wconf 84' lang='lat' dir='ltr'><strong>genere</strong></span> <span class='ocrx_word' id='word_1_136' title='bbox 1468 1836 1726 1900; x_wconf 88' lang='lat' dir='ltr'><strong>distingui-</strong></span> 
     </span>
     <span class='ocr_line' id='line_1_21' title="bbox 390 1915 1726 1979; baseline 0.002 -19"><span class='ocrx_word' id='word_1_137' title='bbox 390 1924 489 1973; x_wconf 83' lang='lat' dir='ltr'><strong>tur,</strong></span> <span class='ocrx_word' id='word_1_138' title='bbox 526 1923 673 1978; x_wconf 88' lang='lat' dir='ltr'><strong>atque</strong></span> <span class='ocrx_word' id='word_1_139' title='bbox 701 1931 847 1962; x_wconf 89' lang='lat' dir='ltr'><strong>omne</strong></span> <span class='ocrx_word' id='word_1_140' title='bbox 883 1915 1129 1973; x_wconf 85' lang='lat' dir='ltr'><strong>laudatur,</strong></span> <span class='ocrx_word' id='word_1_141' title='bbox 1166 1915 1299 1978; x_wconf 92' lang='lat' dir='ltr'><strong>quod</strong></span> <span class='ocrx_word' id='word_1_142' title='bbox 1333 1915 1384 1961; x_wconf 90' lang='lat' dir='ltr'><strong>in</strong></span> <span class='ocrx_word' id='word_1_143' title='bbox 1420 1931 1507 1962; x_wconf 87' lang='lat' dir='ltr'><strong>suo</strong></span> <span class='ocrx_word' id='word_1_144' title='bbox 1541 1931 1726 1979; x_wconf 89' lang='lat' dir='ltr'><strong>genere</strong></span> 
     </span>
     <span class='ocr_line' id='line_1_22' title="bbox 390 1992 1726 2057; baseline 0.002 -18"><span class='ocrx_word' id='word_1_145' title='bbox 390 1992 668 2057; x_wconf 87' lang='lat' dir='ltr'><strong>perfectum</strong></span> <span class='ocrx_word' id='word_1_146' title='bbox 695 2001 799 2047; x_wconf 85' lang='lat' dir='ltr'><strong>est:</strong></span> <span class='ocrx_word' id='word_1_147' title='bbox 839 1993 959 2056; x_wconf 90' lang='lat' dir='ltr'><strong>quid</strong></span> <span class='ocrx_word' id='word_1_148' title='bbox 985 1993 1216 2051; x_wconf 88' lang='lat' dir='ltr'><strong>censetis,</strong></span> <span class='ocrx_word' id='word_1_149' title='bbox 1237 1994 1275 2040; x_wconf 92' lang='lat' dir='ltr'><strong>si</strong></span> <span class='ocrx_word' id='word_1_150' title='bbox 1300 2009 1488 2052; x_wconf 90' lang='lat' dir='ltr'><strong>omnes,</strong></span> <span class='ocrx_word' id='word_1_151' title='bbox 1514 1994 1596 2057; x_wconf 90' lang='lat' dir='ltr'><strong>qui</strong></span> <span class='ocrx_word' id='word_1_152' title='bbox 1621 1994 1726 2042; x_wconf 90' lang='lat' dir='ltr'><strong>ubi-</strong></span> 
     </span>
     <span class='ocr_line' id='line_1_23' title="bbox 392 2070 1726 2135; baseline 0.001 -17"><span class='ocrx_word' id='word_1_153' title='bbox 392 2087 487 2135; x_wconf 88' lang='lat' dir='ltr'><strong>que</strong></span> <span class='ocrx_word' id='word_1_154' title='bbox 513 2080 645 2129; x_wconf 86' lang='lat' dir='ltr'><strong>sunt,</strong></span> <span class='ocrx_word' id='word_1_155' title='bbox 683 2079 767 2118; x_wconf 90' lang='lat' dir='ltr'><strong>aut</strong></span> <span class='ocrx_word' id='word_1_156' title='bbox 792 2070 996 2119; x_wconf 90' lang='lat' dir='ltr'><strong>fuerunt</strong></span> <span class='ocrx_word' id='word_1_157' title='bbox 1032 2080 1268 2129; x_wconf 87' lang='lat' dir='ltr'><strong>oratores,</strong></span> <span class='ocrx_word' id='word_1_158' title='bbox 1304 2071 1536 2135; x_wconf 84' lang='lat' dir='ltr'><strong>amplecti</strong></span> <span class='ocrx_word' id='word_1_159' title='bbox 1560 2072 1726 2121; x_wconf 86' lang='lat' dir='ltr'><strong>volue-</strong></span> 
     </span>
     <span class='ocr_line' id='line_1_24' title="bbox 390 2148 1725 2213; baseline 0.004 -18"><span class='ocrx_word' id='word_1_160' title='bbox 390 2151 575 2197; x_wconf 86' lang='lat' dir='ltr'><strong>rimus?</strong></span> <span class='ocrx_word' id='word_1_161' title='bbox 611 2165 776 2197; x_wconf 88' lang='lat' dir='ltr'><strong>nonne</strong></span> <span class='ocrx_word' id='word_1_162' title='bbox 818 2148 942 2207; x_wconf 88' lang='lat' dir='ltr'><strong>fore,</strong></span> <span class='ocrx_word' id='word_1_163' title='bbox 978 2158 1034 2196; x_wconf 90' lang='lat' dir='ltr'><strong>ut</strong></span> <span class='ocrx_word' id='word_1_164' title='bbox 1076 2157 1195 2213; x_wconf 92' lang='lat' dir='ltr'><strong>quot</strong></span> <span class='ocrx_word' id='word_1_165' title='bbox 1233 2158 1468 2209; x_wconf 89' lang='lat' dir='ltr'><strong>oratores,</strong></span> <span class='ocrx_word' id='word_1_166' title='bbox 1514 2151 1725 2200; x_wconf 88' lang='lat' dir='ltr'><strong>totidem</strong></span> 
     </span>
     <span class='ocr_line' id='line_1_25' title="bbox 390 2227 1727 2293; baseline 0.004 -20"><span class='ocrx_word' id='word_1_167' title='bbox 390 2244 519 2291; x_wconf 90' lang='lat' dir='ltr'><strong>pene</strong></span> <span class='ocrx_word' id='word_1_168' title='bbox 544 2228 852 2290; x_wconf 76' lang='lat' dir='ltr'><strong>reperiantur</strong></span> <span class='ocrx_word' id='word_1_169' title='bbox 876 2243 1060 2290; x_wconf 86' lang='lat' dir='ltr'><strong>genera</strong></span> <span class='ocrx_word' id='word_1_170' title='bbox 1086 2227 1319 2276; x_wconf 86' lang='lat' dir='ltr'><strong>dicendi?</strong></span> <span class='ocrx_word' id='word_1_171' title='bbox 1394 2229 1471 2276; x_wconf 88' lang='lat' dir='ltr'><strong>Ex</strong></span> <span class='ocrx_word' id='word_1_172' title='bbox 1496 2246 1592 2293; x_wconf 89' lang='lat' dir='ltr'><strong>qua</strong></span> <span class='ocrx_word' id='word_1_173' title='bbox 1615 2247 1727 2279; x_wconf 88' lang='lat' dir='ltr'><strong>mea</strong></span> 
     </span>
     <span class='ocr_line' id='line_1_26' title="bbox 392 2304 1725 2371; baseline 0.002 -18"><span class='ocrx_word' id='word_1_174' title='bbox 392 2306 723 2369; x_wconf 80' lang='lat' dir='ltr'><strong>disputatione</strong></span> <span class='ocrx_word' id='word_1_175' title='bbox 752 2304 956 2352; x_wconf 84' lang='lat' dir='ltr'><strong>forsitan</strong></span> <span class='ocrx_word' id='word_1_176' title='bbox 983 2313 1211 2352; x_wconf 89' lang='lat' dir='ltr'><strong>occurrat</strong></span> <span class='ocrx_word' id='word_1_177' title='bbox 1242 2305 1383 2364; x_wconf 89' lang='lat' dir='ltr'><strong>illud,</strong></span> <span class='ocrx_word' id='word_1_178' title='bbox 1422 2307 1460 2353; x_wconf 90' lang='lat' dir='ltr'><strong>si</strong></span> <span class='ocrx_word' id='word_1_179' title='bbox 1499 2324 1629 2371; x_wconf 90' lang='lat' dir='ltr'><strong>pene</strong></span> <span class='ocrx_word' id='word_1_180' title='bbox 1653 2309 1725 2356; x_wconf 90' lang='lat' dir='ltr'><strong>in-</strong></span> 
     </span>
     <span class='ocr_line' id='line_1_27' title="bbox 390 2383 1725 2449; baseline 0.002 -18"><span class='ocrx_word' id='word_1_181' title='bbox 390 2383 718 2432; x_wconf 83' lang='lat' dir='ltr'><strong>numerabiles</strong></span> <span class='ocrx_word' id='word_1_182' title='bbox 744 2384 841 2431; x_wconf 88' lang='lat' dir='ltr'><strong>sint</strong></span> <span class='ocrx_word' id='word_1_183' title='bbox 866 2384 1002 2447; x_wconf 88' lang='lat' dir='ltr'><strong>quasi</strong></span> <span class='ocrx_word' id='word_1_184' title='bbox 1037 2385 1223 2431; x_wconf 86' lang='lat' dir='ltr'><strong>formae</strong></span> <span class='ocrx_word' id='word_1_185' title='bbox 1247 2384 1531 2449; x_wconf 88' lang='lat' dir='ltr'><strong>figuraeque</strong></span> <span class='ocrx_word' id='word_1_186' title='bbox 1556 2387 1725 2435; x_wconf 88' lang='lat' dir='ltr'><strong>dicen-</strong></span> 
     </span>
     <span class='ocr_line' id='line_1_28' title="bbox 392 2462 1724 2529; baseline 0.002 -19"><span class='ocrx_word' id='word_1_187' title='bbox 392 2464 461 2522; x_wconf 87' lang='lat' dir='ltr'><strong>di,</strong></span> <span class='ocrx_word' id='word_1_188' title='bbox 498 2463 662 2527; x_wconf 89' lang='lat' dir='ltr'><strong>specie</strong></span> <span class='ocrx_word' id='word_1_189' title='bbox 689 2463 920 2527; x_wconf 85' lang='lat' dir='ltr'><strong>dispares,</strong></span> <span class='ocrx_word' id='word_1_190' title='bbox 959 2479 1142 2526; x_wconf 91' lang='lat' dir='ltr'><strong>genere</strong></span> <span class='ocrx_word' id='word_1_191' title='bbox 1167 2462 1456 2523; x_wconf 85' lang='lat' dir='ltr'><strong>laudabiles,</strong></span> <span class='ocrx_word' id='word_1_192' title='bbox 1491 2481 1590 2512; x_wconf 90' lang='lat' dir='ltr'><strong>non</strong></span> <span class='ocrx_word' id='word_1_193' title='bbox 1614 2481 1724 2529; x_wconf 89' lang='lat' dir='ltr'><strong>pos-</strong></span> 
     </span>
     <span class='ocr_line' id='line_1_29' title="bbox 392 2542 1725 2610; baseline 0.002 -21"><span class='ocrx_word' id='word_1_194' title='bbox 392 2559 441 2591; x_wconf 90' lang='lat' dir='ltr'><strong>se</strong></span> <span class='ocrx_word' id='word_1_195' title='bbox 468 2560 540 2598; x_wconf 88' lang='lat' dir='ltr'><strong>ea,</strong></span> <span class='ocrx_word' id='word_1_196' title='bbox 579 2559 703 2605; x_wconf 75' lang='lat' dir='ltr'><strong>quae</strong></span> <span class='ocrx_word' id='word_1_197' title='bbox 729 2543 858 2590; x_wconf 91' lang='lat' dir='ltr'><strong>inter</strong></span> <span class='ocrx_word' id='word_1_198' title='bbox 883 2559 932 2590; x_wconf 89' lang='lat' dir='ltr'><strong>se</strong></span> <span class='ocrx_word' id='word_1_199' title='bbox 959 2542 1255 2607; x_wconf 86' lang='lat' dir='ltr'><strong>discrepant,</strong></span> <span class='ocrx_word' id='word_1_200' title='bbox 1294 2543 1467 2591; x_wconf 89' lang='lat' dir='ltr'><strong>iisdem</strong></span> <span class='ocrx_word' id='word_1_201' title='bbox 1491 2561 1725 2610; x_wconf 89' lang='lat' dir='ltr'><strong>praecep-</strong></span> 
     </span>
    </p>
   </div>
   <div class='ocr_carea' id='block_1_6' title="bbox 349 2622 1723 2685">
    <p class='ocr_par' dir='ltr' id='par_1_6' title="bbox 349 2622 1723 2685">
     <span class='ocr_line' id='line_1_30' title="bbox 349 2622 1723 2685; baseline 0.006 -21"><span class='ocrx_word' id='word_1_202' title='bbox 349 2655 358 2664; x_wconf 96' lang='lat'>.</span> <span class='ocrx_word' id='word_1_203' title='bbox 391 2623 470 2680; x_wconf 84' lang='lat' dir='ltr'><strong>tis,</strong></span> <span class='ocrx_word' id='word_1_204' title='bbox 508 2630 655 2685; x_wconf 83' lang='lat' dir='ltr'><strong>atque</strong></span> <span class='ocrx_word' id='word_1_205' title='bbox 697 2622 747 2668; x_wconf 88' lang='lat' dir='ltr'><strong>in</strong></span> <span class='ocrx_word' id='word_1_206' title='bbox 790 2638 888 2669; x_wconf 85' lang='lat' dir='ltr'><strong>una</strong></span> <span class='ocrx_word' id='word_1_207' title='bbox 923 2622 1236 2671; x_wconf 88' lang='lat' dir='ltr'><strong>institutione</strong></span> <span class='ocrx_word' id='word_1_208' title='bbox 1271 2622 1486 2671; x_wconf 85' lang='lat' dir='ltr'><strong>formari.</strong></span> <span class='ocrx_word' id='word_1_209' title='bbox 1573 2624 1723 2681; x_wconf 83' lang='lat' dir='ltr'><strong>Quod</strong></span> 
     </span>
    </p>
   </div>
   <div class='ocr_carea' id='block_1_7' title="bbox 391 2701 1722 2924">
    <p class='ocr_par' dir='ltr' id='par_1_7' title="bbox 391 2701 1722 2924">
     <span class='ocr_line' id='line_1_31' title="bbox 392 2701 1721 2766; baseline 0.002 -19"><span class='ocrx_word' id='word_1_210' title='bbox 392 2717 491 2747; x_wconf 89' lang='lat' dir='ltr'><strong>non</strong></span> <span class='ocrx_word' id='word_1_211' title='bbox 517 2710 590 2748; x_wconf 82' lang='lat' dir='ltr'><strong>est</strong></span> <span class='ocrx_word' id='word_1_212' title='bbox 616 2702 715 2749; x_wconf 78' lang='lat' dir='ltr'><strong>ita:</strong></span> <span class='ocrx_word' id='word_1_213' title='bbox 770 2701 1241 2766; x_wconf 82' lang='lat' dir='ltr'><strong>diligentissimeque</strong></span> <span class='ocrx_word' id='word_1_214' title='bbox 1279 2702 1374 2750; x_wconf 91' lang='lat' dir='ltr'><strong>hoc</strong></span> <span class='ocrx_word' id='word_1_215' title='bbox 1411 2711 1486 2750; x_wconf 90' lang='lat' dir='ltr'><strong>est</strong></span> <span class='ocrx_word' id='word_1_216' title='bbox 1510 2702 1598 2762; x_wconf 87' lang='lat' dir='ltr'><strong>eis,</strong></span> <span class='ocrx_word' id='word_1_217' title='bbox 1639 2703 1721 2766; x_wconf 90' lang='lat' dir='ltr'><strong>qui</strong></span> 
     </span>
     <span class='ocr_line' id='line_1_32' title="bbox 391 2779 1722 2844; baseline 0.003 -19"><span class='ocrx_word' id='word_1_218' title='bbox 391 2779 656 2828; x_wconf 85' lang='lat' dir='ltr'><strong>instituunt</strong></span> <span class='ocrx_word' id='word_1_219' title='bbox 695 2780 880 2844; x_wconf 70' lang='lat' dir='ltr'><strong>aliquos</strong></span> <span class='ocrx_word' id='word_1_220' title='bbox 929 2789 1075 2844; x_wconf 89' lang='lat' dir='ltr'><strong>atque</strong></span> <span class='ocrx_word' id='word_1_221' title='bbox 1124 2781 1374 2841; x_wconf 84' lang='lat' dir='ltr'><strong>erudiunt,</strong></span> <span class='ocrx_word' id='word_1_222' title='bbox 1431 2781 1722 2840; x_wconf 88' lang='lat' dir='ltr'><strong>videndum,</strong></span> 
     </span>
     <span class='ocr_line' id='line_1_33' title="bbox 392 2858 1719 2924; baseline 0.002 -20"><span class='ocrx_word' id='word_1_223' title='bbox 392 2874 490 2919; x_wconf 89' lang='lat' dir='ltr'><strong>quo</strong></span> <span class='ocrx_word' id='word_1_224' title='bbox 515 2875 600 2906; x_wconf 82' lang='lat' dir='ltr'><strong>sua</strong></span> <span class='ocrx_word' id='word_1_225' title='bbox 625 2875 869 2924; x_wconf 87' lang='lat' dir='ltr'><strong>quemque</strong></span> <span class='ocrx_word' id='word_1_226' title='bbox 895 2867 1071 2908; x_wconf 86' lang='lat' dir='ltr'><strong>natura</strong></span> <span class='ocrx_word' id='word_1_227' title='bbox 1089 2859 1302 2909; x_wconf 85' lang='lat' dir='ltr'><strong>maxime</strong></span> <span class='ocrx_word' id='word_1_228' title='bbox 1325 2858 1454 2909; x_wconf 88' lang='lat' dir='ltr'><strong>ferre</strong></span> <span class='ocrx_word' id='word_1_229' title='bbox 1478 2860 1719 2909; x_wconf 85' lang='lat' dir='ltr'><strong>videatur.</strong></span> 
     </span>
    </p>
   </div>
  </div>
 </body>
</html>
