2071 3508
749 418 1137 463 PARTITIONEs.
1532 415 1614 464 455‘

279 533 603 591 moeroribus,
639 539 696 580 ut
729 532 781 579 in
812 532 1071 580 iracundia
1095 531 1483 595 comprimenda,
1528 539 1615 581 aut

276 610 328 658 in
353 611 529 660 timore
555 609 795 668 tollendo,
832 618 919 657 aut
942 609 993 656 in
1020 608 1294 674 cupiditate
1325 609 1612 659 minuenda.

277 689 373 738 Cui
415 690 616 754 quidem
656 690 830 755 generi
873 689 1177 738 contrarium
1217 696 1291 737 est
1328 689 1614 754 disputandi

273 785 448 833 genus,
471 769 535 818 ad
560 770 759 818 eosdem
787 769 895 818 illos
916 769 1066 818 animi
1086 777 1269 828 motus,
1290 769 1425 833 quod
1443 769 1494 816 in
1515 786 1616 817 am-

272 846 538 910 plificanda
562 849 785 897 oratione
806 867 951 915 saepe
977 847 1263 897 faciendum
1285 855 1377 907 est,
1402 847 1483 896 Vel
1506 848 1616 912 gig-

271 926 463 975 nendos
498 928 579 977 vel
617 929 960 978 concitandos.
1034 929 1206 994 Atque
1247 928 1372 976 haec
1409 927 1514 976 fere
1540 935 1616 976 est

270 1007 474 1070 partitio
499 1009 938 1057 consultationum.

340 1085 535 1136 FILIUS.
598 1089 856 1154 Cognovi:
911 1088 998 1136 sed
1035 1103 1160 1151 quae
1185 1087 1311 1134 ratio
1348 1094 1422 1135 est
1457 1087 1509 1134 in
1538 1088 1614 1137 his

272 1164 576 1224 inveniendi,
639 1177 690 1216 et
742 1167 1058 1233 disponendi,
1110 1166 1325 1230 requiro.
1422 1166 1647 1233 PATER„

273 1243 447 1301 Quid?
520 1246 602 1295 Tu
648 1247 859 1295 aliamne
909 1263 1097 1303 censes,
1155 1253 1206 1294 et
1253 1262 1353 1294 non
1403 1247 1615 1296 eandem

271 1340 396 1385 esse,
450 1343 576 1392 quae
625 1336 700 1376 est
747 1327 988 1392 exposita,
1038 1334 1095 1374 ut
1142 1342 1206 1374 ex
1255 1323 1444 1374 eisdem
1489 1326 1613 1377 locis

270 1404 336 1452 ad
383 1405 549 1464 fidem,
601 1416 652 1456 et
699 1409 762 1456 ad
809 1406 1167 1455 inveniendum
1216 1406 1464 1454 ducantur
1512 1424 1615 1456 om-

270 1484 387 1534 nia?
453 1487 747 1536 Collocandi
795 1499 963 1535 autem
1003 1503 1129 1551 quae
1172 1494 1247 1533 est
1295 1486 1522 1550 exposita
1561 1488 1614 1536 in

269 1564 375 1613 aliis
422 1568 566 1627 ratio,
627 1569 805 1617 eadem
852 1568 952 1615 huc
993 1565 1305 1614 transfertur.
1396 1567 1614 1631 Cognita

267 1644 422 1708 igitur
475 1647 610 1694 omni
670 1647 1019 1695 distributione
1077 1644 1445 1710 propositarum
1494 1662 1613 1694 con-

268 1723 612 1786 sultationum,
652 1743 912 1776 causarum
950 1742 1137 1791 genera
1174 1732 1365 1773 restant
1389 1725 1612 1774 omnino.

269 1803 336 1853 Et
361 1822 530 1854 earum
551 1806 754 1871 quidem
774 1805 934 1854 forma
955 1804 1141 1869 duplex
1168 1811 1272 1852 est:
1313 1821 1521 1868 quarum
1547 1805 1614 1852 al-

267 1891 375 1933 tera
416 1884 805 1933 delectationem
849 1893 1070 1933 sectatur
1112 1883 1334 1931 auriumz
1388 1884 1610 1944 alterius,

268 1972 325 2012 ut
349 1965 589 2021 obtineat,
629 1965 826 2029 probet,
863 1972 915 2013 et
939 1963 1121 2013 efficiat
1145 1963 1280 2028 quod
1305 1963 1423 2028 agit,
1451 1964 1612 2012 omnis

269 2052 345 2093 est
382 2053 613 2109 suscepta
652 2045 926 2093 contentio.
963 2078 968 2085 ,
1000 2045 1180 2108 Itaque
1218 2043 1343 2092 illud
1367 2044 1612 2108 superius,

268 2125 528 2174 exornatio
554 2125 768 2173 dicitur:
809 2125 945 2190 quod
976 2142 1090 2172 cum
1127 2124 1282 2171 latum
1320 2140 1479 2187 genus
1505 2140 1611 2172 esse

270 2206 441 2271 possit,
481 2222 697 2269 saneque
722 2205 934 2264 varium,
958 2222 1115 2252 unum
1141 2221 1203 2252 ex
1229 2221 1288 2252 eo
1315 2202 1612 2268 delegimus,

267 2285 402 2350 quod
441 2284 507 2332 ad
543 2283 819 2332 laudandos
861 2284 1018 2332 claros
1043 2284 1172 2332 viros
1198 2283 1521 2348 suscepimus,
1561 2292 1613 2332 et

267 2365 332 2413 ad
356 2364 605 2430 improbos
630 2363 999 2429 vituperandos.
1057 2362 1233 2412 Genus
1259 2362 1391 2410 enim
1418 2361 1612 2412 nullum

268 2453 344 2493 est
378 2444 633 2503 orationis,
676 2443 811 2508 quod
852 2452 938 2491 aut
977 2443 1179 2491 uberius
1217 2442 1281 2490 ad
1319 2441 1612 2502 dicendum,

269 2532 356 2573 aut
378 2523 549 2572 utilius
575 2523 860 2571 civitatibus
880 2539 986 2570 esse
1010 2522 1181 2586 possit,
1209 2530 1296 2569 aut
1315 2521 1366 2568 in
1386 2538 1484 2584 quo
1509 2538 1610 2570 ma-

267 2604 344 2670 gis
388 2611 553 2651 orator
592 2602 645 2649 in
683 2601 969 2667 cognitione
994 2602 1236 2649 virtutum
1275 2600 1611 2665 vitiorumque

267 2690 507 2731 versetur.
595 2680 866 2746 Reliquum
914 2689 1082 2728 autem
1129 2696 1289 2744 genus
1331 2696 1610 2740 causarum,

269 2770 356 2810 aut
379 2761 431 2808 in
455 2759 736 2825 provisione
760 2759 946 2824 posteri
987 2759 1244 2824 temporis,
1286 2766 1372 2806 aut
1397 2759 1447 2805 in
1471 2775 1612 2823 prae-

266 2841 403 2890 teriti
445 2840 812 2906 disceptatione
857 2848 1112 2888 versatur:
1150 2854 1361 2903 quorum
1400 2837 1611 2886 alterum

272 2920 644 2972 deliberationis
669 2927 763 2980 est,
787 2918 998 2969 alterum
1015 2918 1213 2984 judicii.
1286 2917 1364 2966 Ex
1385 2935 1482 2982 qua
1504 2935 1613 2985 par-

1139 3015 1167 3047 F
1189 2995 1219 3047 f
1246 3006 1278 3046 4

1649 1068 1756 1129 QO.
