2071 3508
293 1172 352 1211 {z

357 1171 386 1210 01

281 2576 386 2637 71.

280 2669 390 2710 286.

438 420 514 458 192
910 419 986 459 DE
1016 419 1282 459 ORATORE

436 529 641 587 ridetur,
683 544 827 592 quam
853 529 984 592 quod
1010 537 1083 577 est
1105 538 1299 593 praeter
1324 528 1721 593 expectationem
1743 551 1758 590 3

438 607 576 672 cujus
613 607 986 655 innumerabilia
1026 616 1139 655 sunt
1175 607 1431 672 exempla3
1487 608 1566 656 vel
1607 608 1761 673 Appii

438 687 630 752 majoris
671 686 817 745 illius,
859 687 943 749 qui
978 686 1030 732 in
1066 694 1258 745 senatu,
1297 704 1409 734 cum
1445 696 1673 751 ageretur
1698 688 1761 736 de

437 766 565 829 agris
605 765 832 830 publicis,
872 772 922 811 et
957 764 1019 811 de
1059 763 1171 826 lege
1207 763 1409 822 Thoria,
1446 773 1496 812 et
1518 782 1763 829 premere-

436 851 517 892 tur
557 843 778 891 Lucilius
824 843 882 889 ab
918 842 991 897 iis,
1036 841 1117 904 qui
1142 859 1170 888 a
1204 857 1383 905 pecore
1420 841 1523 905 ejus
1564 843 1763 906 depasci

436 940 578 987 agros
600 922 823 986 publicos
860 920 1100 978 dicerent,
1138 936 1238 967 non
1274 928 1366 978 est,
1400 920 1593 984 inquit,
1614 921 1763 968 Luci-

433 1001 486 1049 lii
522 1018 673 1066 pecus
714 999 867 1057 illud;
920 992 1118 1046 erratis:
1175 998 1468 1062 (defendere
1510 998 1760 1047 Lucilium

433 1077 716 1138 videbatur)
754 1094 847 1141 ego
881 1076 1090 1125 liberum
1130 1084 1251 1141 puto
1294 1094 1431 1124 esse:
1471 1094 1566 1141 qua
1602 1077 1760 1136 lubet,

391 1199 402 1210 .
434 1158 665 1223 pascitur.
772 1154 942 1203 Placet
989 1155 1136 1202 etiam
1184 1155 1302 1201 mihi
1348 1155 1471 1203 illud
1518 1155 1759 1220 Scipionis

432 1237 579 1295 illius,
615 1234 698 1299 qui
724 1233 836 1282 Tib.
875 1233 1161 1281 Gracchum
1186 1233 1428 1297 perculit:
1468 1250 1582 1282 cum
1609 1234 1654 1281 ei
1680 1233 1756 1280 M.

432 1314 638 1362 Flaccus
663 1312 829 1360 multis
852 1312 1040 1376 probris
1065 1310 1270 1375 objectis
1296 1312 1349 1359 P.
1383 1311 1610 1359 Mucium
1626 1310 1759 1375 judi-

433 1415 542 1447 cem
575 1396 784 1454 tulisset,
821 1394 971 1458 ejero,
1006 1394 1201 1457 inquit:
1256 1393 1452 1457 iniquus
1491 1400 1598 1441 est:
1643 1410 1757 1441 cum

431 1484 560 1526 esset
583 1475 1023 1530 admurmuratum,
1065 1472 1145 1530 ah,
1170 1472 1347 1535 inquit,
1374 1472 1427 1519 P.
1456 1472 1512 1520 C,
1539 1487 1640 1519 non
1663 1487 1757 1535 ego

430 1555 551 1603 mihi
574 1552 711 1600 illum
736 1551 958 1614 iniquum
984 1549 1133 1614 ejero,
1165 1566 1335 1597 verum
1361 1549 1601 1597 omnibus.
1674 1548 1755 1597 Ab

429 1633 525 1680 hoc
565 1647 682 1678 vero
724 1630 898 1677 Crasso
936 1628 1058 1674 nihil
1094 1626 1335 1675 facetius:
1389 1644 1501 1674 cum
1539 1627 1756 1675 laesisset

429 1710 568 1759 testis
611 1708 736 1756 Silus
779 1707 1025 1765 Pisonem,
1075 1706 1210 1769 quod
1245 1722 1295 1752 se
1332 1705 1383 1751 in
1425 1721 1538 1752 eum
1562 1704 1755 1754 audisse

430 1789 662 1837 dixisset:
709 1786 878 1832 Potest
912 1784 1034 1842 fieri,
1069 1784 1249 1847 inquit,
1286 1783 1402 1841 Sile,
1437 1791 1492 1830 ut
1527 1783 1585 1841 is,
1620 1784 1754 1832 unde

428 1875 479 1915 te
520 1866 712 1914 audisse
751 1863 891 1920 dicis,
940 1862 1090 1910 iratus
1129 1861 1340 1909 dixerit:
1380 1862 1553 1909 annuit
1594 1862 1750 1910 Silus:

427 1952 592 2011 potest
616 1943 782 2000 etiam,
817 1948 873 1988 ut
913 1949 968 1988 tu
1010 1958 1109 1988 non
1146 1948 1281 1988 recte
1323 1940 1657 1988 intellexeris:
1700 1942 1753 1989 id

426 2039 621 2088 quoque
656 2028 763 2069 toto
799 2019 960 2083 capite
996 2018 1187 2077 annuit,
1222 2026 1278 2066 ut
1302 2035 1352 2066 se
1380 2019 1552 2066 Crasso
1578 2018 1750 2068 daret:

424 2108 590 2166 potest
624 2100 772 2148 etiam
806 2098 929 2156 fieri,
964 2097 1142 2160 inquit,
1179 2104 1235 2144 ut
1271 2097 1489 2155 omnino,
1532 2098 1664 2162 quod
1698 2106 1749 2146 te
1784 2093 1787 2094 ⁷

426 2180 617 2228 audisse
643 2178 783 2235 dicis,
808 2192 1058 2239 nunquam
1085 2175 1310 2222 audieris.
1383 2175 1498 2223 Hoc
1522 2176 1591 2224 ita
1613 2193 1750 2241 prae-

425 2265 501 2305 ter
536 2254 933 2319 expectationem
969 2253 1169 2310 accidit,
1222 2261 1278 2300 ut
1314 2260 1491 2301 testem
1530 2255 1749 2303 omnium

423 2336 548 2383 risus
573 2335 817 2381 obrueret.
892 2330 1053 2394 Hujus
1088 2331 1283 2394 generis
1325 2339 1398 2379 est
1419 2331 1594 2395 plenus
1619 2334 1748 2382 Nae-

423 2414 548 2471 vius,
575 2419 624 2460 et
639 2411 783 2475 jocus
809 2417 882 2457 est
905 2408 1172 2467 familiaris,

531 2489 689 2541 Sapiens
707 2488 741 2525 si
758 2486 912 2539 algebis,
931 2493 1064 2524 tremes
1078 2502 1091 2524 .·
1123 2493 1163 2523 et
1183 2485 1255 2524 alia
1274 2487 1475 2538 permulta.

489 2570 643 2633 Saepe
669 2567 817 2615 etiam
840 2565 1002 2613 facete
1036 2565 1277 2612 concedas
1302 2566 1577 2615 adversario
1601 2567 1653 2616 id
1675 2569 1746 2635 ip-

424 2665 548 2706 sum,
573 2646 705 2711 quod
728 2643 921 2700 tibi-ille
943 2643 1185 2691 detrahit:
1224 2651 1280 2691 ut
1305 2644 1361 2691 C.
1389 2644 1604 2705 Laelius,
1630 2664 1743 2696 cum

423 2726 468 2774 ei
493 2724 690 2789 quidam
714 2722 842 2771 malo
866 2738 1047 2786 genere
1072 2731 1214 2770 natus
1241 2721 1446 2781 diceret,
1483 2723 1742 2787 indignum

422 2820 525 2851 esse
561 2803 657 2850 suis
691 2801 968 2865 majoribus,
1006 2807 1056 2848 at
1089 2800 1308 2859 hercule,
1343 2800 1521 2865 inquit,
1555 2809 1612 2849 tu
1646 2802 1742 2850 tuis

384 2934 385 2937 Ἴ
421 2881 614 2944 dignus
707 2880 861 2945 Saepe
902 2879 1050 2929 etiam
1091 2879 1388 2929 sententiose
1428 2879 1635 2929 ridicula
1669 2879 1740 2928 di-
