2071 3508
411 439 490 477 358
906 440 983 480 DE
1013 440 1214 481 CLARIS

414 546 548 604 Quia
570 548 690 596 mihi
715 555 766 598 et
789 557 845 598 tu
867 549 1063 607 videris,
1105 549 1281 614 inquit,
1319 557 1513 598 tantum
1529 549 1654 614 juris
1674 550 1739 598 ci-

411 627 521 676 vilis
546 630 670 678 scire
705 629 930 686 voluisse,
970 637 1208 694 quantum
1233 629 1348 677 satis
1373 638 1501 678 esset
1525 629 1739 689 oratori3

413 714 465 754 et
507 707 701 756 Servius
739 708 1049 774 eloquentiae
1089 716 1284 755 tantum
1316 708 1645 773 assumpsisse,
1687 713 1746 754 ut

406 783 490 848 jus
515 786 658 836 civile
681 786 828 836 facile
852 790 1006 852 possit
1028 786 1157 835 tueri
1177 804 1189 834 ε
1228 794 1512 850 aetatesque
1535 793 1742 841 vestrae,

413 872 472 912 ut
511 864 725 924 illorum,
762 865 899 922 nihil,
945 872 1032 912 aut
1071 880 1172 913 non
1211 863 1315 913 fere
1356 864 1568 913 multum
1610 862 1746 911 diffe'-

413 954 544 992 runt.

269 1012 377 1073 4⁴1.
482 1024 548 1072 Et
584 1042 697 1089 ego,
733 1027 814 1075 De
839 1045 934 1085 me,
971 1030 1192 1095 inquam,
1229 1032 1394 1080 dicere
1418 1030 1540 1079 nihil
1564 1037 1640 1078 est
1662 1045 1746 1078 ne-

415 1119 585 1152 cesse:
631 1105 693 1153 de
733 1105 900 1154 Servio
938 1117 1104 1157 autem
1143 1118 1194 1157 et
1233 1118 1289 1158 tu
1325 1111 1478 1174 probe
1517 1110 1655 1166 dicis,
1695 1115 1747 1157 et

414 1198 509 1246 ego
535 1183 697 1231 dicam
723 1184 856 1246 quod
880 1187 1054 1234 sentio.
1125 1188 1242 1235 Non
1268 1189 1399 1235 enim
1427 1186 1573 1236 facile
1598 1203 1746 1252 quem

413 1260 623 1309 dixerim
657 1260 767 1325 plus
809 1264 977 1322 studii,
1020 1282 1165 1329 quam
1191 1265 1347 1324 illum,
1384 1274 1435 1313 et
1476 1265 1540 1313 ad
1581 1265 1748 1313 dicen-

413 1339 548 1396 dum,
587 1347 638 1388 et
679 1339 742 1386 ad
783 1357 953 1389 omnes
987 1344 1228 1391 bonarum
1264 1360 1427 1391 rerum
1465 1342 1747 1407 disciplinas

413 1418 708 1467 adhibuisse.
779 1419 909 1467 Nam
944 1428 994 1468 et
1018 1420 1067 1467 in
1092 1418 1266 1467 iisdem
1291 1420 1748 1481 exercitationibus,

411 1498 618 1545 ineunte
642 1505 823 1556 aetate,
858 1497 1071 1558 fuimus3
1117 1505 1168 1546 et
1189 1506 1362 1562 postea
1385 1515 1484 1547 una
1510 1499 1747 1548 Rhodum

412 1575 494 1624 ille
538 1577 685 1624 etiam
726 1575 979 1641 profectus
1022 1585 1114 1635 est,
1167 1594 1265 1641 quo
1306 1576 1479 1626 melior
1526 1586 1655 1627 esset
1695 1584 1747 1627 et

413 1655 635 1704 doctior:
675 1663 739 1713 et,
776 1655 894 1704 inde
918 1664 975 1704 ut
1012 1655 1177 1714 rediit,
1212 1655 1408 1705 videtur
1443 1656 1563 1704 mihi
1586 1646 1638 1704 in
1674 1673 1746 1706 se-

413 1734 579 1782 cunda
602 1741 706 1782 arte
730 1735 916 1799 primus
941 1752 1045 1783 esse
1070 1734 1316 1794 maluisse,
1342 1752 1487 1799 quam
1513 1736 1564 1783 in
1587 1735 1745 1800 prima

414 1813 675 1861 secundus
749 1813 919 1878 Atque
943 1814 1077 1862 haud
1101 1814 1217 1870 scio,
1245 1830 1306 1862 an
1331 1831 1418 1879 par
1441 1814 1744 1879 principibus

414 1908 518 1940 esse
542 1892 814 1956 potuisset:
853 1893 940 1941 sed
980 1892 1185 1941 fortasse
1210 1893 1400 1952 maluit,
1436 1893 1488 1940 id
1513 1892 1647 1956 quod
1670 1900 1746 1941 est

413 1971 640 2036 adeptus,
691 1970 840 2036 longe
888 1972 1127 2030 omnium,
1179 1988 1279 2019 non
1327 1971 1548 2036 ejusdem
1594 1968 1744 2020 modo

412 2050 605 2107 aetatis,
642 2049 728 2097 sed
767 2066 937 2098 eorum
979 2049 1143 2106 etiam,
1182 2050 1265 2113 qui
1300 2048 1523 2105 fuissent,
1561 2049 1611 2095 in
1628 2047 1742 2114 jure

416 2127 548 2175 civili
574 2144 678 2176 esse
712 2128 957 2192 princeps.
1031 2128 1133 2176 Hic
1160 2128 1357 2184 Brutus,
1397 2127 1516 2174 Ain.
1553 2127 1636 2176 tu?
1671 2127 1744 2174 in-

416 2207 538 2270 quit.
610 2206 840 2255 Etiamne
867 2207 931 2263 Q.
959 2206 1225 2256 Scaevolae
1264 2207 1486 2258 Servium
1518 2213 1742 2254 nostrum

414 2285 706 2349 anteponis?
743 2285 811 2334 sic
849 2286 995 2342 enim,
1032 2285 1248 2349 inquam,
1288 2285 1456 2341 Brute,
1496 2285 1743 2344 existimo,

405 2361 531 2426 juris
557 2363 712 2411 civilis
750 2379 984 2428 magnum
1026 2380 1168 2411 usum
1194 2371 1245 2411 et
1282 2363 1414 2428 apud
1439 2362 1739 2420 Scaevolam,

414 2448 465 2488 et
489 2442 622 2507 apud
644 2442 824 2490 multos
847 2440 1028 2501 fuisse3
1056 2449 1230 2500 artem,
1254 2441 1304 2488 in
1329 2441 1425 2489 hoc
1449 2456 1549 2488 uno
1570 2458 1582 2488 :
1609 2440 1744 2506 quod

414 2536 666 2586 nunquam
692 2521 933 2570 effecisset
956 2521 1106 2585 ipsius
1122 2520 1246 2585 juris
1272 2519 1496 2578 scientia,
1515 2519 1607 2567 nisi
1633 2535 1740 2568 eam

414 2609 670 2664 praeterea
707 2600 962 2649 didicisset
998 2608 1172 2658 artem,
1226 2616 1351 2664 quae
1393 2599 1598 2647 doceret
1636 2614 1742 2648 rem

414 2680 691 2729 universam
731 2681 947 2728 tribuere
985 2679 1036 2726 in
1076 2686 1258 2744 partes,
1305 2677 1542 2726 latentem
1589 2675 1742 2742 expli-

414 2775 524 2806 care
563 2759 862 2818 definiendo,
909 2760 1167 2807 obscuram
1207 2756 1469 2823 explanare
1505 2755 1743 2820 interpre-

413 2838 599 2898 tand03
638 2839 869 2902 ambigua
894 2838 1107 2903 primum
1141 2836 1328 2895 videre,
1364 2834 1546 2884 deinde
1571 2833 1741 2888 distin-

413 2932 584 2981 guere,
624 2926 873 2982 postremo
912 2917 1094 2967 habere
1130 2915 1371 2981 regulam,
1405 2931 1503 2980 qua
1539 2929 1655 2964 vera
1689 2920 1769 2962 et*
