2071 3508
730 424 897 464 LIBER
926 424 1149 464 PRIMUS.
1561 427 1577 459 1
1588 425 1610 464 7

279 548 414 598 gum,
441 550 650 593 morum,
666 533 791 598 juris
817 533 1043 592 scientia,
1067 547 1229 596 neque
1253 538 1431 579 natura
1453 529 1610 577 homi-

278 627 395 658 num
420 611 675 675 incognita
699 628 756 659 ac
781 612 1013 667 moribus,
1058 611 1108 657 in
1134 609 1208 657 his
1225 609 1341 675 ipsis
1366 609 1512 656 rebus
1538 624 1608 654 sa-

275 688 337 736 tis
362 687 538 737 callide
578 690 758 738 versari
794 698 845 738 et
867 690 1025 754 perite
1061 697 1240 754 potest.
1314 687 1414 744 Qui
1440 695 1607 734 autem

274 765 396 814 haec
423 768 728 831 cognoverit,
761 768 865 816 sine
892 767 1068 831 quibus
1095 783 1157 814 ne
1183 766 1266 814 illa
1290 765 1491 830 quidem
1518 765 1606 811 mi-

272 844 405 892 nima
429 845 478 892 in
505 846 662 893 causis
681 847 938 910 quisquam
964 854 1099 894 recte
1123 845 1252 893 tueri
1276 851 1459 909 potest,
1486 843 1607 907 quid

269 921 385 971 huic
411 925 579 972 abesse
603 925 785 989 poterit
810 924 872 973 de
908 925 1234 972 maximarum
1259 940 1423 972 rerum
1449 923 1606 970 scien-

269 1000 375 1049 tia?
445 1003 528 1050 Sin
555 1003 759 1051 oratoris
784 1002 906 1050 nihil
931 1003 1002 1050 vis
1029 1019 1148 1058 esse,
1193 1002 1285 1050 nisi
1313 1001 1604 1067 composite,

266 1088 456 1138 ornate,
482 1081 679 1144 copiose
704 1080 897 1145 eloqui3
927 1096 1129 1143 quaero,
1146 1080 1358 1144 idipsum
1385 1078 1471 1142 qui
1494 1096 1604 1143 pos-

268 1158 330 1206 sit
354 1160 544 1223 assequi
570 1159 674 1207 sine
700 1176 757 1207 ea
794 1159 1014 1215 scientia,
1054 1176 1200 1222 quam
1227 1159 1272 1206 ei
1297 1175 1397 1205 non
1424 1175 1604 1207 conce-

268 1237 380 1286 dis?
439 1237 658 1285 Dicendi
684 1238 815 1286 enim
839 1237 1009 1292 virtus,
1046 1236 1136 1283 nisi
1163 1236 1207 1283 ei
1233 1236 1316 1299 qui
1342 1236 1478 1292 dicit,
1524 1253 1601 1295 ea,

268 1315 330 1363 de
355 1318 531 1380 quibus
568 1318 704 1374 dicit,
750 1326 985 1382 percepta
1021 1317 1135 1375 sint,
1172 1324 1342 1364 extare
1378 1333 1477 1364 non
1514 1334 1600 1381 po-

266 1401 379 1442 test.
452 1396 788 1453 Quamobrem
827 1396 865 1443 si
908 1403 1078 1443 ornate
1114 1395 1310 1442 locutus
1336 1402 1428 1452 est,
1471 1395 1601 1444 sicut
1631 1393 1713 1435 49·

266 1471 441 1533 fertur,
480 1483 531 1522 et
566 1475 685 1521 mihi
711 1474 925 1532 videtur,
962 1473 1195 1538 physicus
1231 1472 1313 1520 ille
1339 1474 1600 1522 Democri-

264 1559 377 1611 tus3
416 1553 644 1600 materies
669 1552 752 1599 illa
775 1551 871 1599 fuit
906 1551 1117 1616 physici,
1144 1551 1205 1599 de
1231 1569 1327 1616 qua
1352 1551 1498 1612 dixit,
1523 1569 1598 1601 or-

263 1638 407 1678 natus
431 1647 549 1679 vero
572 1631 677 1696 ipse
700 1632 963 1680 verborum
1002 1631 1207 1680 oratoris
1230 1632 1481 1696 putandus
1506 1640 1596 1681 est.

260 1709 326 1758 Et
349 1710 388 1757 si
415 1708 556 1758 Plato
581 1710 643 1758 de
667 1712 813 1759 rebus
838 1728 866 1758 a
891 1710 1116 1759 civilibus
1152 1711 1500 1759 controversiis
1524 1728 1598 1761 re-

260 1791 540 1840 motissimis
565 1792 801 1841 divinitus
827 1800 902 1841 est
924 1792 1140 1852 locutus,
1178 1793 1311 1857 quod
1344 1809 1439 1857 ego
1482 1809 1598 1840 con-

258 1870 384 1918 cedo
404 1891 418 1931 3
463 1872 503 1920 si
526 1872 647 1921 item
685 1872 1001 1932 Aristoteles,
1043 1874 1083 1920 si
1120 1872 1513 1937 Theophrastus,
1556 1872 1595 1920 si

255 1951 537 2000 Carneades
562 1952 613 2000 in
637 1954 784 2001 rebus
807 1953 885 2012 iis,
911 1953 973 2000 de
1000 1953 1177 2016 quibus
1197 1952 1594 2016 disputaverunt,

256 2029 564 2095 eloquentes,
601 2038 652 2079 et
686 2031 737 2077 in
763 2031 978 2079 dicendo
1015 2047 1202 2086 suaves,
1247 2038 1396 2094 atque
1433 2031 1593 2079 ornati

252 2109 491 2169 fuerunt3
538 2109 636 2157 sint
668 2108 762 2157 hae
788 2125 882 2168 res,
919 2108 982 2156 de
1019 2109 1196 2173 quibus
1232 2109 1502 2173 disputant,
1540 2110 1592 2157 in

253 2187 360 2237 aliis
384 2187 678 2253 quibusdam
705 2187 878 2234 studiis
902 2207 914 2245 ;
944 2186 1101 2234 oratio
1127 2186 1328 2250 quidem
1353 2187 1458 2252 ipsa
1481 2205 1592 2252 pro-

248 2267 356 2333 pria
380 2274 455 2315 est
478 2265 624 2330 hujus
649 2265 794 2314 unius
818 2265 1039 2322 rationis,
1066 2264 1128 2312 de
1148 2282 1244 2329 qua
1265 2265 1513 2330 loquimur
1539 2275 1589 2316 et
1650 2272 1654 2279 '

250 2346 547 2414 quaerimus.
574 2345 774 2393 Etenim
794 2344 1019 2392 videmus
1034 2344 1208 2392 iisdem
1227 2346 1288 2394 de
1305 2347 1450 2394 rebus
1460 2345 1587 2411 jeju·
1620 2344 1700 2384 50·

247 2444 312 2476 ne
337 2425 596 2492 quosdam,
633 2432 683 2473 et
708 2424 917 2482 exiliter,
946 2433 1002 2472 ut
1026 2442 1159 2483 eum,
1196 2442 1344 2489 quem
1369 2426 1591 2474 acutissi-

248 2523 386 2555 mum
404 2505 591 2564 ferunt,
613 2504 964 2569 Chrysippum,
981 2504 1324 2569 disputavisse,
1344 2522 1506 2570 neque
1523 2508 1586 2555 ob

250 2602 359 2634 eam
384 2601 488 2632 rem
513 2583 853 2648 philosophiae
872 2599 972 2631 non
993 2583 1306 2642 satisfecisse,
1332 2585 1466 2648 quod
1485 2601 1585 2632 non

248 2663 479 2712 habuerit
502 2679 565 2711 ex
589 2662 682 2710 hac
699 2670 803 2710 arte
822 2661 1033 2710 alienam
1053 2662 1255 2711 dicendi
1274 2662 1580 2712 facultatem.

250 2741 389 2799 Quid
431 2757 550 2805 ergo
586 2741 830 2790 interest?
878 2748 964 2789 aut
995 2740 1082 2804 qui
1118 2739 1367 2789 discernes
1392 2758 1582 2803 eorum,
1627 2714 1726 2774 19⁴·

248 2837 371 2886 quos
395 2820 664 2881 nominavi,
699 2821 980 2870 ubertatem
1016 2820 1067 2867 in
1103 2820 1337 2879 dicendo,
1377 2830 1428 2870 et
1453 2823 1584 2887 copi-

247 2916 348 2962 am,
370 2901 431 2953 ab
458 2916 631 2951 eorum
656 2899 897 2962 exilitate,
917 2900 1001 2966 qui
1017 2899 1110 2950 hac
1127 2899 1329 2949 dicendi
1344 2901 1582 2951 varietate

1221 2996 1250 3027 B
