2071 3508
422 458 503 496 446
921 451 1258 491 ORATORIAE

427 571 681 624 constans,
715 570 918 622 tremor,
944 569 994 611 et
1018 579 1188 611 eorum
1213 560 1416 625 aliquid,
1458 560 1592 624 quod
1615 573 1761 611 sensu

392 656 393 659 ’
427 645 618 710 percipi
655 643 842 709 possit:
895 643 1063 701 etiam,
1099 642 1138 690 si
1172 648 1516 707 praeparatum
1557 640 1761 705 aliquid,

426 724 467 772 si
492 721 913 772 communicatum
939 737 1053 769 cum
1078 720 1257 785 aliquo,
1302 719 1340 767 si
1376 727 1549 784 postea
1581 719 1758 777 visum,

425 802 669 860 auditum,
694 799 984 848 indicatum.
1053 797 1353 847 Verisimilia
1388 806 1554 846 autem
1577 798 1760 862 partim

425 879 619 944 singula
661 885 865 926 movent
911 892 999 924 suo
1035 876 1291 941 pondere3
1334 876 1533 941 partim,
1568 875 1763 924 etiamsi

424 959 657 1006 videntur
687 973 799 1005 esse
847 956 1028 1019 exigua
1063 971 1153 1019 per
1199 972 1265 1011 se,
1314 954 1526 1003 multum
1571 963 1761 1014 tamen,

425 1053 540 1086 cum
565 1044 680 1084 sunt
695 1042 999 1091 coacervata,
1017 1034 1296 1099 proficiunt.
1336 1034 1507 1098 Atque
1523 1034 1573 1082 in
1589 1034 1664 1082 his
1676 1050 1760 1083 ve-

423 1115 704 1164 risimilibus
737 1116 907 1162 insunt
940 1129 1298 1176 nonnunquam
1323 1113 1471 1161 etiam
1498 1120 1663 1162 certae
1686 1129 1762 1161 re-

423 1211 533 1244 rum
553 1202 604 1243 et
617 1188 844 1259 propriae
862 1201 1026 1242 notae.
1077 1193 1353 1241 Maximam
1377 1201 1544 1240 autem
1567 1192 1691 1240 facit
1705 1191 1760 1239 fi-

425 1275 539 1323 dem
563 1273 627 1321 ad
651 1272 1023 1320 similitudinem
1046 1271 1169 1330 veri,
1184 1271 1417 1335 primum,
1443 1269 1758 1335 exemplum3

425 1354 607 1402 deinde
644 1352 932 1400 introducta
972 1351 1040 1400 rei
1067 1350 1360 1399 similitudo:
1403 1349 1572 1398 fabula
1611 1348 1762 1400 etiam

424 1447 799 1495 nonnunquam,
820 1429 911 1478 etsi
930 1431 992 1477 sit
1009 1428 1331 1488 incredibilis,
1349 1437 1515 1477 tamen
1534 1427 1759 1477 homines

426 1518 725 1561 commovet.

491 1591 685 1640 FILIUS.
758 1588 929 1646 Quid?
979 1587 1280 1636 definitionis
1323 1604 1448 1652 quae
1487 1587 1613 1636 ratio
1665 1594 1760 1648 est,

427 1679 478 1719 et
502 1661 627 1734 quae
659 1668 772 1715 via?
845 1667 1033 1715 PATER.
1091 1667 1208 1714 Non
1226 1667 1439 1714 'dubium
1466 1675 1540 1715 est
1574 1666 1626 1714 id
1656 1667 1760 1732 qui-

427 1751 560 1809 dem,
577 1749 696 1814 quin
713 1747 935 1796 definitio
951 1763 1134 1811 genere
1160 1746 1459 1804 declaretur,
1478 1755 1528 1794 et
1542 1746 1760 1811 proprie-

424 1838 528 1878 tate
549 1828 777 1893 quadam,
815 1835 901 1875 aut
926 1827 1073 1874 etiam
1100 1826 1436 1874 communium
1460 1825 1760 1890 frequentia,

426 1926 488 1958 ex
509 1909 686 1973 quibus
709 1906 963 1972 proprium
989 1905 1108 1969 quid
1132 1906 1208 1961 sit,
1237 1905 1447 1953 eluceat.
1519 1905 1617 1953 Sed
1641 1909 1760 1971 quo-

426 1988 560 2036 niam
598 1987 659 2035 de
695 1985 904 2052 propriis
946 1985 1101 2032 oritur
1142 1983 1434 2049 plerumque
1460 2001 1640 2048 magna
1663 1985 1758 2034 dis-

428 2068 609 2126 sensio,
669 2065 1005 2114 definiendum
1055 2072 1127 2112 est
1180 2080 1325 2128 saepe
1373 2081 1433 2111 ex
1483 2066 1756 2124 contrariis,

426 2163 572 2212 saepe
611 2146 759 2194 etiam
799 2160 861 2192 ex
898 2142 1231 2201 dissimilibus,
1273 2160 1419 2207 saepe
1455 2161 1516 2192 ex
1541 2145 1756 2209 paribus.

427 2225 765 2283 Quamobrem
791 2221 1148 2286 descriptiones
1180 2238 1376 2285 quoque
1415 2230 1530 2271 sunt
1570 2223 1621 2270 in
1659 2223 1756 2273 hoc

426 2321 611 2370 genere
648 2318 793 2366 saepe
829 2310 992 2367 aptae,
1029 2309 1081 2348 et
1105 2302 1412 2349 enumeratio
1455 2319 1759 2368 consequen-

426 2385 572 2442 tium,
607 2383 659 2430 in
687 2381 955 2447 primisque
998 2389 1279 2428 commovet
1321 2381 1589 2446 explicatio
1611 2400 1757 2433 voca-

426 2463 531 2513 buli
571 2479 629 2510 ac
669 2461 898 2509 nominis.
978 2460 1169 2508 FILIUS.
1232 2461 1357 2508 Sunt
1398 2462 1622 2526 exposita
1648 2462 1755 2528 jam
1795 2465 1799 2468 ’

426 2543 532 2592 fere
558 2559 633 2601 ea,
670 2555 796 2606 quae
824 2539 885 2588 de
921 2539 1074 2598 fact0,
1112 2556 1335 2604 quaeque
1361 2540 1422 2588 de
1446 2541 1568 2590 facti
1591 2544 1757 2608 appel-

425 2623 611 2671 latione
636 2628 954 2686 quaeruntur.
1024 2619 1220 2684 Nempe
1261 2620 1413 2684 igitur
1455 2637 1513 2669 ea
1547 2630 1754 2686 restant,

426 2718 573 2767 quae,
615 2716 729 2748 cum
770 2698 958 2747 factum
1002 2706 1215 2757 constet,
1257 2706 1308 2746 et
1347 2715 1549 2760 nomen,
1591 2702 1755 2767 qualia

427 2783 539 2838 sint,
577 2788 783 2829 vocatur
823 2779 873 2826 in
917 2778 1139 2827 dubium.
1211 2779 1398 2826 PATER.
1450 2780 1539 2829 Est
1572 2781 1660 2841 ita,
1695 2789 1753 2832 ut

428 2860 580 2908 dieis„
637 2859 829 2907 F1L1us.
881 2858 1023 2913 Quae
1048 2864 1164 2905 sunt
1188 2857 1340 2922 igitur
1378 2858 1430 2905 in
1471 2876 1531 2908 eo
1566 2877 1753 2924 genere

427 2940 627 3004 partes?
697 2939 885 2988 PATER.
935 2938 1044 2988 Aut
1074 2937 1188 3004 jure
1224 2937 1433 2999 factum,
1469 2939 1751 3006 depellendi
