2071 3508
793 363 1183 413 PARTITIONES.
1576 375 1658 421 435

383 468 576 526 FILIUS.
647 478 962 529 Omnibusne
1000 481 1156 546 igitur
1203 498 1265 530 ex
1311 482 1386 531 his
1422 484 1544 534 locis
1581 506 1653 537 ar·
1690 476 1748 535 3.

311 565 553 623 gumenta
587 546 875 605 sumemus?
946 559 1138 607 PATER.
1189 559 1352 609 Immo
1376 579 1494 611 vero
1519 581 1653 614 scru-

309 637 526 686 tabimur
561 642 613 683 et
654 651 949 698 quaeremus
986 654 1050 686 ex
1087 639 1350 688 omnibus:
1392 642 1479 690 sed
1515 644 1653 691 adhi-

306 715 532 764 bebimus
560 713 830 778 judicium,
865 724 923 764 ut
957 716 1087 766 levia
1121 734 1317 782 semper
1352 719 1652 784 rejiciamus,

305 808 663 857 nonnunquam
696 793 847 842 etiam
875 795 1161 843 communia
1195 799 1652 860 praetermittamus

303 879 355 920 et
389 888 491 919 non
527 874 820 922 necessaria.
907 874 1102 923 FILIUS.
1165 875 1416 933 Quoniam
1454 878 1517 926 de
1552 878 1651 928 fide

301 951 620 1015 respondisti,
676 951 790 1001 volo
847 954 1019 1002 audire
1081 954 1142 1003 de
1197 964 1353 1004 motu.
1456 958 1648 1008 PATER.

301 1029 442 1079 Loco
490 1031 693 1096 quidem
742 1033 955 1097 quaeris,
1015 1034 1103 1082 sed
1149 1034 1347 1099 planius
1396 1038 1532 1101 quod
1576 1039 1650 1087 vis

301 1110 649 1175 explicabitur,
690 1129 805 1160 cum
842 1113 907 1161 ad
942 1114 1178 1162 orationis
1215 1115 1367 1179 ipsius
1405 1119 1650 1181 quaestio-

298 1206 521 1256 numque
569 1191 812 1240 rationem
849 1209 1050 1242 venero.
1137 1194 1332 1243 FILIUS.
1392 1196 1529 1254 Quid
1577 1216 1649 1247 se-

297 1270 466 1335 quitur
501 1269 691 1335 igitur?
786 1273 976 1321 PATER.
1027 1273 1156 1322 Cum
1192 1276 1461 1335 inveneris,
1499 1278 1649 1326 collo-

296 1349 441 1398 care:
488 1350 628 1415 cujus
653 1352 703 1398 in
730 1350 922 1399 infinita
948 1354 1239 1417 quaestione
1265 1355 1388 1402 ordo
1414 1364 1489 1403 est
1512 1356 1647 1405 idem

292 1429 416 1489 fere,
443 1446 592 1494 quem
620 1429 827 1494 exposui
852 1430 1077 1478 locorum
1101 1450 1112 1478 z
1152 1432 1203 1478 in
1229 1431 1434 1481 definita
1458 1442 1646 1495 autem,

293 1510 578 1558 adhibenda
603 1517 719 1557 sunt
749 1509 832 1557 illa
872 1509 1037 1566 etiam,
1083 1527 1210 1574 quae
1236 1511 1301 1559 ad
1325 1521 1517 1561 motum
1543 1516 1645 1562 ani-

290 1607 485 1638 morum
532 1590 803 1654 pertinent.
898 1589 1091 1638 FILIUS.
1173 1591 1442 1647 Quomodo
1489 1593 1645 1658 igitur

287 1671 382 1718 ista
408 1669 665 1735 explicas?
738 1670 928 1718 PATER.
981 1670 1162 1719 Habeo
1193 1673 1479 1721 communia
1501 1691 1642 1739 prae-

289 1758 438 1816 cepta
474 1750 624 1799 fidem
659 1749 898 1809 faciendi,
950 1759 1001 1798 et
1049 1753 1414 1801 commovendi.
1503 1755 1640 1812 Quo-

286 1832 421 1879 niam
447 1831 568 1879 fides
594 1838 670 1878 est
691 1830 832 1877 firma
857 1831 1025 1895 opinio
1048 1850 1059 1879 ε
1088 1840 1252 1880 motus
1278 1840 1466 1893 autem,
1485 1836 1637 1884 animi

285 1911 514 1961 incitatio
553 1919 639 1959 aut
675 1910 738 1958 ad
762 1909 1091 1978 voluptatem,
1129 1920 1215 1960 aut
1251 1913 1315 1960 ad
1339 1913 1636 1976 molestiam,

286 2001 372 2041 aut
408 1992 472 2040 ad
507 1999 717 2050 metum,
754 1998 840 2038 aut
875 1991 940 2039 ad
976 1992 1335 2056 cupiditatem:
1376 1997 1478 2059 (tot
1503 1996 1637 2043 enim

286 2080 403 2120 sunt
444 2078 609 2119 motus
646 2086 852 2134 genera,
887 2077 1053 2134 partes
1078 2070 1245 2135 plures
1269 2089 1513 2136 generum
1539 2075 1636 2122 sin-

282 2149 573 2215 gulorumt)
617 2166 817 2198 omnem
861 2148 1243 2199 collocationem
1279 2152 1345 2199 ad
1378 2151 1527 2201 finem
1553 2171 1634 2202 ac-

283 2231 496 2279 comodo
514 2229 832 2295 quaestionis.
904 2230 1036 2277 Nam
1063 2237 1138 2278 est
1156 2231 1207 2279 in
1226 2233 1480 2297 proposito
1505 2233 1631 2292 finis,

278 2310 402 2360 fides
425 2328 436 2359 t
480 2311 531 2358 in
559 2327 706 2358 causa
732 2317 783 2357 et
806 2309 947 2368 fideS,
990 2318 1042 2358 et
1066 2319 1247 2360 motus.
1319 2312 1488 2370 Quare
1515 2331 1631 2362 cum

279 2390 343 2438 de
370 2407 518 2438 causa
543 2390 737 2448 dixero,
762 2389 813 2437 in
839 2405 937 2454 qua
961 2397 1036 2438 est
1054 2391 1382 2456 propositum,
1408 2392 1470 2441 de
1495 2402 1631 2443 utro-

279 2487 376 2534 que
403 2470 591 2518 dixero.
642 2469 835 2518 FILIUS.
877 2469 1015 2526 Quid
1039 2469 1190 2519 habes
1214 2472 1368 2536 igitur
1393 2473 1455 2521 de
1481 2490 1631 2523 causa

279 2549 486 2598 dicere?
575 2550 765 2598 PATER.
817 2548 1127 2598 Auditorum
1165 2567 1274 2598 eam
1309 2569 1496 2616 genere
1533 2554 1629 2603 dis.

277 2629 456 2693 tingui.
529 2628 660 2677 Nam
686 2637 771 2677 aut
808 2628 1112 2677 auscultator
1148 2638 1224 2678 est
1248 2632 1398 2680 modo
1435 2633 1519 2697 qui
1544 2650 1628 2682 au-

277 2708 371 2768 dit,
418 2717 505 2757 aut
547 2709 870 2774 disceptator,
911 2709 965 2757 id
1004 2717 1097 2769 est,
1140 2710 1210 2758 rei
1247 2713 1625 2778 sententiaeque

276 2788 593 2838 moderator:
631 2788 720 2849 ita,
758 2796 816 2837 ut
852 2795 939 2836 aut
978 2788 1278 2851 delectetur,
1314 2800 1402 2842 aut
1437 2801 1624 2843 statuat

277 2866 483 2934 aliquid.
562 2868 747 2919 Statuit
784 2876 953 2919 autem
994 2876 1083 2919 aut
1123 2869 1186 2918 de
1227 2873 1527 2935 praeteritiS,
1566 2881 1626 2924 ut

1142 2966 1173 3000 E
1194 2966 1221 3000 e
1257 2960 1289 2999 2
