2071 3508
300 2153 406 2217 453.

432 414 513 452 :360
939 411 1017 450 DE
1047 411 1251 451 CLARIS

435 518 585 578 Sami,
621 535 735 567 cum
772 537 832 568 ex
859 537 918 568 eo
947 520 1030 584 jus
1054 528 1276 569 nostrum
1304 519 1628 585 pontificium,
1666 533 1763 584 qua

435 615 499 646 ex
521 605 661 663 parte
686 616 801 647 cum
830 599 943 664 jure
969 599 1101 647 civili
1138 598 1460 662 conjunctum
1486 607 1627 654 esset,
1663 596 1762 645 vel-

433 677 532 734 lem
558 694 893 741 cognoscere3
933 686 984 726 et
1018 694 1151 726 nunc
1176 694 1343 725 meum
1369 677 1618 741 judicium
1641 674 1767 724 mul-

434 763 488 803 to
526 756 682 821 magis
721 756 956 805 confirmo
996 756 1280 804 testimonio
1319 764 1370 804 et
1407 755 1600 820 judicio
1639 763 1762 803 tuo:

435 833 581 882 simul
617 834 741 882 illud
779 835 991 899 gaudeo,
1035 834 1169 898 quod
1209 842 1260 882 et
1284 833 1550 898 aequalitas
1584 840 1765 891 vestra,

435 919 487 962 et
509 928 650 976 pares
690 911 933 960 honorum
957 913 1153 976 gradus,
1193 919 1244 960 et
1267 912 1445 960 artium
1470 911 1767 960 studiorum-

435 1006 532 1052 que
574 990 711 1052 quasi
750 989 958 1038 finitima
996 990 1239 1047 vicinitas,
1293 997 1487 1038 tantum
1528 991 1668 1038 abest
1704 990 1765 1037 ab

435 1067 798 1115 obtrectatione
843 1068 1145 1131 invidiaque,
1204 1085 1329 1132 quae
1381 1068 1505 1116 solet
1550 1068 1768 1116 lacerare

433 1145 713 1210 plerosque,
749 1146 823 1193 uti
849 1162 906 1194 ea
930 1163 1029 1194 non
1054 1146 1202 1199 modo
1226 1162 1327 1193 non
1352 1146 1637 1195 exulcerare
1664 1162 1771 1194 ves-

433 1231 560 1275 tram
601 1224 830 1288 gratiam,
883 1225 970 1273 sed
1017 1225 1164 1272 etiam
1213 1224 1478 1273 conciliare
1525 1225 1767 1272 videatur.

435 1303 568 1368 quali
609 1303 742 1351 enim
783 1312 834 1351 te
876 1321 994 1368 erga
1032 1303 1170 1351 illum
1205 1303 1469 1368 perspicio,
1504 1302 1591 1351 tali
1628 1301 1768 1349 illum

434 1382 487 1429 in
533 1390 584 1431 te
631 1382 888 1431 voluntate
929 1382 1222 1447 judicioque
1264 1382 1493 1447 cognovi.
1588 1381 1769 1446 Itaque

435 1461 582 1509 doleo
623 1469 675 1509 et
714 1461 844 1510 illius
887 1461 1106 1518 consilio,
1160 1470 1211 1511 et
1249 1469 1337 1509 tua
1370 1478 1494 1510 voce
1529 1460 1768 1525 populum

435 1539 721 1588 Romanum
765 1557 933 1589 carere
970 1548 1072 1599 tam
1115 1541 1233 1589 diu:
1278 1541 1411 1605 quod
1447 1557 1562 1588 cum
1595 1556 1685 1604 per
1720 1555 1771 1588 se

435 1617 707 1666 dolendum
749 1627 841 1678 est,
876 1627 983 1666 tum
1022 1619 1179 1666 multo
1220 1619 1377 1683 magis
1420 1618 1771 1677 consideranti,

437 1697 501 1751 ad
525 1713 646 1760 quos
669 1696 763 1744 ista
785 1713 886 1744 non
926 1696 1161 1744 translata
1196 1697 1313 1755 sint,
1348 1697 1436 1744 sed
1470 1695 1639 1744 nescio
1674 1712 1773 1760 quo

434 1783 585 1839 pacto
627 1774 933 1825 devenerint.
1012 1774 1113 1822 Hic
1140 1773 1363 1833 Atticus,
1405 1774 1663 1834 Dixeram,
1700 1774 1773 1822 in-

438 1854 565 1916 quit,
605 1870 634 1902 a
673 1852 936 1918 principio,
990 1853 1052 1905 de
1090 1852 1346 1917 republica
1385 1860 1443 1900 ut
1483 1852 1768 1903 sileremus:

440 1931 606 1995 itaque
646 1930 901 1978 faciamus.
972 1931 1102 1978 Nam
1144 1931 1183 1979 si
1220 1931 1315 1979 isto
1355 1931 1505 1979 modo
1544 1930 1772 1979 volumus

442 2009 659 2073 singulas
699 2026 776 2057 res
818 2009 1115 2068 desiderare,
1155 2026 1257 2057 non
1297 2009 1446 2057 modo
1487 2009 1774 2073 quaerendi,

442 2089 531 2137 sed
554 2105 617 2137 ne
641 2088 846 2152 lugendi
871 2088 1072 2152 quidem
1096 2087 1244 2136 finem
1268 2088 1584 2153 reperiemus.

511 2168 780 2231 Pergamus
805 2154 943 2230 ergo,
983 2167 1204 2232 inquam,
1238 2166 1302 2214 ad
1325 2165 1530 2232 reliqua,
1566 2174 1616 2215 et
1638 2166 1775 2215 insti-

443 2253 609 2295 tutum
649 2245 873 2294 ordinem
913 2262 1281 2310 persequamur.
1373 2246 1578 2293 Paratus
1623 2246 1776 2310 igitur

444 2325 678 2373 veniebat
702 2324 919 2380 Crassus,
947 2324 1345 2388 exspectabatur,
1380 2324 1703 2372 audiebatur:
1746 2343 1776 2374 a

446 2403 691 2468 principio
730 2403 912 2461 statim,
955 2402 1115 2466 (quod
1150 2410 1256 2453 erat
1289 2401 1422 2466 apud
1446 2402 1562 2450 eum
1583 2419 1776 2468 semper

450 2481 762 2543 accuratum)
829 2481 1202 2546 exspectatione
1250 2480 1429 2551 dignus
1478 2481 1772 2532 videbatur:

451 2578 551 2610 non
575 2550 750 2614 multa*
763 2559 972 2627 jactatio
1014 2560 1244 2629 corporis,
1281 2575 1382 2607 non
1416 2559 1672 2608 inclinatio
1694 2577 1777 2610 vo-

453 2640 540 2699 cis,
597 2638 733 2688 nulla
768 2638 1108 2698 inambulati0‚
1165 2655 1266 2686 non
1313 2639 1484 2686 crebra
1529 2637 1776 2703 supplosio

452 2720 621 2782 pedis:
673 2718 957 2777 vehemenS,
993 2726 1045 2766 et
1083 2717 1332 2766 interdum
1368 2717 1509 2776 irata,
1544 2723 1596 2765 et
1629 2716 1777 2781 plena

446 2798 568 2861 justi
611 2796 790 2846 doloris
830 2796 1020 2844 oratio:
1058 2795 1257 2853 multa-e,
1296 2803 1347 2844 et
1386 2810 1501 2843 cum
1533 2795 1775 2860 gravitate

456 2874 699 2924 facetiae:
737 2875 968 2941 quodque
1009 2874 1206 2925 difficile
1246 2882 1340 2935 est,
1372 2874 1506 2927 idem
1540 2882 1592 2925 et
1611 2890 1774 2940 peror-
