2071 3508
773 361 1150 402 ORATORIBUs.
1563 369 1644 407 335

300 469 448 519 etiam
473 472 691 537 ipsomm
715 472 846 520 inter
881 472 1012 534 ipsos
1039 485 1281 518 concessu
1305 470 1375 518 ita
1398 471 1643 523 tributum

295 547 464 599 fuisse.
537 552 658 599 Erat
699 550 904 599 omnino
942 558 1051 598 tum
1090 566 1215 608 mos,
1257 558 1315 597 ut
1356 550 1407 597 in
1444 550 1644 615 reliquis

296 631 445 679 rebus
470 630 661 690 melior,
682 630 751 678 sic
777 630 829 676 in
854 629 950 678 hoc
976 629 1083 695 ipso
1109 628 1372 678 humanior
1393 648 1405 677 ε
1444 638 1502 677 ut
1525 628 1645 678 faci-

295 709 368 758 les
393 719 558 759 essent
583 710 634 757 in
660 727 804 758 suum
831 709 1011 774 cuique
1037 709 1322 758 tribuendo.

366 783 618 839 Memoria
651 799 820 850 teneo,
858 790 1096 856 Smyrnae
1134 807 1213 838 me
1251 807 1314 838 ex
1359 790 1413 838 P.
1452 789 1646 840 Rutilio

297 868 438 918 Rufo
463 871 678 930 audisse,
718 888 833 919 cum
871 870 1063 919 diceret
1088 869 1464 918 adolescentulo
1489 887 1541 919 se
1567 887 1646 919 ac-

297 949 496 1008 cidisse,
535 958 592 998 ut
629 968 691 999 ex
728 950 1161 999 senatusconsulto
1200 950 1253 998 P.
1282 950 1449 1014 Scipio
1488 959 1539 999 et
1576 951 1643 1000 D.

297 1027 484 1078 Brutus
511 1033 592 1095 (ut
617 1030 818 1095 opinor)
847 1029 1074 1079 consules
1095 1030 1157 1079 de
1183 1047 1235 1078 re
1261 1030 1418 1078 atroci
1443 1047 1645 1096 magna-

297 1126 396 1173 que
446 1119 757 1174 quaererent.
831 1111 962 1158 Nam
1013 1127 1127 1158 cum
1175 1110 1226 1157 in
1275 1108 1396 1158 silva
1444 1110 1645 1158 Scantia

293 1188 432 1237 facta
456 1189 635 1238 caedes
661 1197 805 1245 esset,
847 1189 1052 1253 notique
1089 1189 1313 1237 homines
1350 1188 1604 1238 interfecti
1625 1209 1642 1249 3

296 1268 767 1334 insimulareturque
815 1268 1020 1328 familia,
1073 1270 1254 1334 partim
1303 1269 1453 1317 etiam
1501 1269 1644 1318 liberi

298 1348 550 1397 societatis
577 1348 696 1414 ejus,
725 1366 850 1414 quae
875 1350 1084 1414 picarias
1121 1350 1183 1397 de
1220 1350 1274 1397 P.
1303 1348 1556 1409 Cornelio,
1583 1349 1643 1398 L.

300 1427 552 1477 Mummio
578 1429 866 1478 censoribus
904 1429 1226 1488 redemisset3
1268 1427 1547 1476 decrevisse
1574 1445 1647 1477 se-

297 1516 490 1568 natum,
532 1517 590 1557 ut
626 1509 687 1557 de
725 1526 783 1557 ea
818 1526 870 1557 re
903 1516 1267 1572 cognoscerent
1292 1516 1344 1556 et
1368 1515 1648 1556 statuerent

297 1588 562 1637 consules:
603 1606 801 1637 causam
844 1606 934 1654 pro
973 1588 1251 1653 publicanis
1291 1596 1546 1647 accurate,
1589 1595 1647 1636 ut

297 1684 493 1734 semper
519 1668 690 1717 solitus
716 1677 863 1728 esset,
907 1669 1261 1733 eleganterque
1300 1668 1482 1717 dixisse
1520 1668 1648 1717 Lae-

295 1747 435 1797 lium.
510 1749 638 1798 Cum
688 1749 935 1809 consules,
983 1766 1036 1798 re
1084 1749 1270 1806 audita,
1321 1748 1532 1813 amplius
1581 1748 1645 1797 de

298 1828 492 1877 consilii
535 1830 784 1878 sententia
823 1828 1309 1894 pronuntiavissent3
1360 1829 1533 1893 paucis
1572 1827 1646 1876 in-

296 1910 549 1973 telpositis
575 1910 750 1957 diebus
773 1910 955 1957 iterum
981 1908 1208 1956 Laelium
1245 1907 1403 1955 multo
1436 1907 1646 1971 diligen-

298 1987 398 2036 tius
423 1988 698 2053 meliusque
725 1989 921 2045 dixisse,
960 1988 1240 2052 iterumque
1274 1986 1450 2035 eodem
1494 1987 1646 2036 modo

299 2083 330 2116 a
355 2067 640 2115 consulibus
677 2085 780 2116 rem
818 2085 922 2116 esse
947 2066 1189 2132 prolatam
1212 2085 1223 2115 :
1263 2075 1370 2115 tum
1397 2066 1645 2127 Laelium,

301 2163 417 2194 cum
443 2163 558 2196 eum
583 2147 705 2195 socii
731 2147 933 2195 domum
961 2146 1294 2205 reduxissent,
1327 2145 1646 2210 egissentque

298 2228 497 2291 gratias,
527 2233 596 2286 et,
621 2244 684 2275 ne
711 2227 1086 2291 defatigaretur,
1102 2226 1394 2284 oravissent,
1418 2225 1646 2274 locutum

301 2322 407 2355 esse
433 2308 520 2367 ita,
547 2324 617 2366 se,
644 2324 770 2371 quae
795 2307 1015 2366 fecisset,
1054 2306 1253 2354 honoris
1280 2322 1451 2354 eorum
1479 2322 1642 2363 causa,

300 2387 521 2435 studiose
557 2396 891 2450 accurateque
928 2385 1141 2446 fecisse3
1182 2385 1270 2433 sed
1306 2403 1357 2434 se
1400 2385 1646 2444 arbitrari,

302 2483 501 2515 causam
526 2467 659 2515 illam
686 2484 714 2515 a
739 2468 841 2515 Ser.
869 2465 1051 2525 Galba,
1084 2466 1219 2530 quod
1255 2466 1296 2512 is
1334 2465 1386 2512 in
1429 2464 1646 2512 dicendo

300 2546 476 2595 fortior
517 2547 773 2610 acriorque
811 2554 958 2604 esset,
999 2546 1198 2610 gravius
1223 2552 1275 2592 et
1299 2543 1646 2592 vehementius

301 2643 445 2693 posse
471 2625 691 2675 defendi.
744 2626 921 2689 Itaque
941 2624 1240 2672 auctoritate
1267 2623 1323 2671 C.
1346 2622 1504 2670 Laelii
1522 2624 1647 2688 pub-

301 2708 491 2757 licanos
517 2721 714 2755 causam
741 2703 976 2752 detulisse
1002 2702 1065 2750 ad
1084 2701 1316 2750 Galbam.
1389 2701 1537 2749 Illum
1563 2719 1647 2751 au-

300 2797 425 2846 tem,
451 2785 585 2852 quod
611 2784 656 2833 ei
677 2783 780 2831 viro
800 2781 1172 2830 succedendum
1200 2788 1347 2840 esset,
1362 2781 1647 2841 verecunde

303 2878 356 2920 et
381 2868 668 2918 dubitanter
686 2863 948 2930 recepisse.
998 2863 1188 2923 Unum,
1205 2862 1343 2928 quasi
1359 2877 1648 2929 comperen-
