2071 3508
315 1212 422 1252 188.

316 1756 426 1807 189.

322 2622 342 2660 1
351 2617 429 2660 90.

453 401 507 437 60
928 394 1005 434 DE
1035 394 1302 434 ORATORE

451 505 682 569 dissipata
723 503 970 568 quondam
1004 503 1236 552 fuerunt:
1274 510 1331 550 ut
1364 502 1415 548 in
1450 500 1665 558 musicis,
1689 514 1778 546 nu-

450 583 589 641 meri,
629 591 678 630 et
715 598 879 641 voces,
921 590 972 630 et
1012 582 1180 641 modi;
1219 581 1270 628 in
1307 579 1596 645 geometria,
1630 576 1777 624 linea-

449 668 635 719 menta,
669 659 874 719 formae,
899 660 1171 718 intervalla,
1208 658 1608 723 magnitudines3
1645 656 1697 702 in
1733 671 1778 701 a-

450 738 702 802 strologia,
742 737 868 785 coeli
904 736 1178 795 conversio,
1214 743 1367 793 ortus,
1393 735 1574 792 obitus,
1598 740 1780 781 motus-

450 832 546 878 que
588 815 837 874 siderum3
898 816 949 862 in
989 813 1338 879 grammaticis,
1379 816 1634 876 poetarum
1673 827 1781 875 per-

451 893 700 951 tractatio,
735 892 1045 941 historiarum
1078 890 1315 955 cognitio,
1349 891 1610 938 verborum
1633 889 1782 936 inter-

450 971 682 1034 pretatio,
705 969 1057 1034 pronuntiandi
1083 967 1280 1032 quidam
1306 984 1481 1015 sonus:
1508 967 1560 1014 in
1582 966 1676 1014 hac
1702 965 1783 1013 de-

452 1048 602 1111 nique
643 1048 747 1112 ipsa
786 1047 975 1095 ratione
1011 1044 1228 1103 dicendi,
1265 1045 1568 1109 excogitare,
1592 1060 1784 1101 ornare,

455 1124 733 1189 disponere,
775 1124 1069 1178 meminisse,
1111 1139 1287 1185 agere3
1326 1124 1497 1186 ignota
1535 1122 1784 1186 quondam

454 1203 699 1260 omnibus,
741 1209 792 1249 et
827 1201 1000 1248 diffiisa
1033 1199 1132 1248 late
1163 1200 1473 1248 videbantur.
1545 1200 1787 1249 Adhibita

454 1286 529 1328 est
568 1279 719 1343 igitur
761 1295 836 1326 ars
873 1278 1113 1342 quaedam
1150 1277 1455 1327 extrinsecus
1491 1295 1553 1326 ex
1584 1279 1678 1327 alio
1702 1295 1786 1342 ge-

454 1373 572 1405 nere
598 1356 829 1420 quodam,
868 1355 1002 1419 quod
1034 1354 1123 1403 sibi
1160 1361 1321 1404 totum
1355 1355 1633 1420 philosophi
1658 1373 1786 1404 assu-

456 1442 617 1493 munt,
656 1451 782 1498 quae
823 1451 927 1482 rem
970 1432 1254 1480 dissolutam
1295 1433 1633 1496 divulsamque
1672 1450 1786 1482 con-

456 1511 742 1575 glutinaret,
768 1518 818 1559 et
841 1511 1030 1558 ratione
1051 1510 1260 1574 quadam
1287 1511 1662 1575 constringeret.
1714 1512 1788 1560 Sit

457 1606 577 1654 ergo
601 1591 651 1637 in
667 1590 780 1654 jure
806 1588 937 1637 civili
962 1588 1069 1636 finis
1093 1587 1193 1646 hic,
1228 1588 1478 1652 legitimae
1507 1596 1657 1653 atque
1691 1590 1786 1638 usi-

456 1674 588 1716 tatae
630 1669 680 1714 in
721 1668 866 1715 rebus
903 1665 1159 1729 causisque
1192 1665 1392 1724 civium,
1427 1667 1786 1730 aequabilitatis

458 1746 782 1794 conservatio.
854 1745 985 1792 Tum
1023 1751 1138 1791 sunt
1174 1744 1392 1791 notanda
1415 1761 1616 1808 genera,
1649 1754 1700 1793 et
1723 1746 1787 1794 ad

457 1832 647 1872 certum
706 1838 966 1870 numerum
1012 1821 1414 1885 paucitatemque
1472 1824 1821 1881 revocanda:,

457 1904 638 1965 (genus
673 1907 838 1948 autem
874 1906 949 1946 est
982 1898 1052 1957 id,
1089 1899 1222 1963 quod
1257 1899 1331 1946 sui
1355 1899 1533 1947 similes
1571 1917 1787 1949 commu-

455 1979 603 2027 nione
645 1977 874 2041 quadam,
912 1977 1074 2041 specie
1111 1984 1276 2024 autem
1313 1976 1611 2037 differentes,
1650 1978 1788 2039 duas,

455 2065 542 2104 aut
577 2056 741 2120 plures
779 2055 1126 2120 complectitur
1166 2062 1359 2119 partes:
1418 2064 1581 2120 partes
1622 2065 1788 2105 autem

457 2142 589 2192 sunt,
631 2150 755 2198 quae
793 2134 1057 2196 generibus
1098 2133 1174 2192 iis,
1223 2150 1284 2181 ex
1323 2134 1498 2197 quibus
1539 2143 1787 2204 emanant,

457 2210 843 2274 subjiciuntur3)
896 2212 1176 2275 omniaque,
1219 2228 1343 2274 quae
1379 2220 1493 2259 sunt
1526 2212 1605 2259 vel
1638 2230 1788 2276 gene-

457 2305 566 2344 rum
601 2288 679 2335 vel
716 2288 928 2352 partium
970 2288 1187 2346 nomina,
1223 2287 1606 2348 definitionibus,
1642 2306 1788 2354 quam

457 2366 557 2413 vim
582 2365 813 2424 habeant,
844 2373 918 2413 est
942 2365 1333 2430 exprimendum.
1405 2365 1494 2413 Est
1518 2367 1649 2414 enim
1674 2367 1789 2415 defi-

459 2443 600 2501 nitio,
626 2459 792 2490 earum
818 2459 998 2501 rerum,
1036 2459 1160 2506 quae
1186 2451 1299 2490 sunt
1324 2442 1427 2507 ejus
1451 2443 1521 2492 rei
1544 2445 1788 2509 propriae,

462 2537 607 2584 quam
627 2520 828 2569 definire
853 2520 1096 2579 volumus,
1136 2522 1296 2569 brevis
1334 2530 1384 2569 et
1420 2522 1790 2587 circumscripta

463 2599 701 2663 quaedam
727 2599 1004 2664 explicatio.
1078 2599 1231 2648 Hisce
1269 2617 1361 2665 ego
1396 2602 1541 2649 rebus
1566 2602 1790 2666 exempla

463 2677 799 2742 adjungerem,
824 2679 917 2726 nisi
941 2678 1073 2743 apud
1097 2695 1218 2742 quos
1253 2679 1375 2727 haec
1399 2679 1663 2728 haberetur
1686 2697 1789 2729 ora-

463 2756 533 2803 tio
572 2772 853 2816 cernerem,
909 2773 1042 2804 nunc
1091 2757 1407 2822 complectar,
1449 2758 1582 2821 quod
1614 2775 1788 2823 propo-

464 2834 556 2894 sui,
602 2835 750 2883 brevi.
823 2835 871 2885 Si
914 2836 1044 2884 enim
1085 2844 1169 2884 aut
1217 2836 1334 2884 mihi
1372 2835 1535 2885 facere
1575 2836 1783 2893 licuerit,
