2071 3508
627 361 795 402 LIBER
825 361 1131 403 SECUNDUS.
1472 370 1548 407 143

202 470 422 536 ‘ingenio
444 471 622 536 primas
647 470 955 520 concedere:
994 470 1082 519 sed
1105 478 1273 518 tamen
1292 471 1451 535 ipsum
1476 475 1547 523 in.

217 552 420 615 genium
461 549 717 614 diligentia
764 550 911 598 etiam
959 567 1022 598 ex
1062 551 1296 599 tarditate
1338 552 1545 602 incitat:

219 629 492 694 diligentia,
516 628 736 694 inquam,
766 647 891 694 quae
917 646 1031 678 cum
1057 630 1284 679 omnibus
1307 630 1359 678 in
1383 632 1548 691 rebus,

218 715 324 756 tum
369 707 421 755 in
475 707 633 756 causis
691 707 1018 758 defendendis
1076 709 1343 774 plurimum
1399 709 1547 758 valet.

220 784 362 834 Haec
386 787 652 851 praecipue
678 786 887 835 colenda
911 796 986 835 est
1010 787 1182 847 nobis;
1210 788 1332 836 haec
1358 804 1551 853 semper

215 863 532 927 adhibenda3
570 865 713 925 haec,
749 865 871 913 nihil
908 874 1001 924 est,
1038 866 1171 930 quod
1202 883 1302 915 non
1328 884 1551 931 assequa-

215 950 312 991 tur.
385 941 546 991 Causa
582 951 639 991 ut
674 944 872 1008 penitus
910 944 1070 1008 (quod
1106 944 1248 993 initio
1279 944 1407 1006 dixi)
1433 953 1552 994 nota

216 1021 296 1080 sit,
322 1021 580 1086 diligentia
605 1030 707 1071 est:
747 1030 803 1070 ut
841 1022 1173 1071 adversarium
1199 1031 1390 1072 attente
1415 1025 1552 1073 audi-

216 1117 374 1160 amus,
412 1109 561 1165 atque
598 1110 655 1149 ut
693 1100 796 1166 ejus
832 1118 932 1150 non
969 1101 1126 1150 solum
1152 1104 1436 1161 sententias,
1465 1105 1552 1153 sed

217 1180 366 1228 etiam
406 1182 558 1230 verba
592 1181 757 1228 omnia
789 1182 1108 1246 excipiamus,
1147 1182 1313 1231 vultus
1338 1183 1552 1248 denique

217 1260 570 1325 perspiciamus
611 1275 802 1318 omnes,
844 1261 925 1323 qui
962 1277 1132 1309 sensus
1168 1261 1317 1309 animi
1341 1261 1554 1327 plerum-

218 1355 315 1402 que
339 1339 582 1398 indicant‚
608 1338 866 1403 diligentia
902 1348 1010 1400 est;
1050 1340 1102 1387 id
1136 1348 1304 1388 tamen
1331 1341 1553 1389 dissimu-

218 1416 379 1466 lanter
402 1417 588 1476 facere,
628 1434 692 1466 ne
728 1418 819 1466 sibi
842 1417 924 1466 ille
950 1418 1136 1482 aliquid
1157 1418 1396 1483 proficere
1420 1419 1554 1468 vide-

220 1504 345 1553 atur,
366 1497 633 1561 prudentia
656 1505 730 1546 est
751 1515 763 1544 ε
803 1496 983 1546 deinde
1020 1505 1076 1545 ut
1110 1497 1161 1544 in
1186 1498 1243 1545 iis
1268 1497 1405 1554 locis,
1433 1515 1555 1563 quos

218 1592 490 1642 proponam
513 1576 662 1641 paulo
685 1584 816 1641 post,
838 1576 1154 1641 pervolvatur
1178 1577 1388 1636 animus,
1423 1586 1480 1626 ut
1504 1595 1555 1627 se

218 1655 417 1721 penitus
440 1655 658 1704 insinuet
698 1656 750 1704 in
789 1672 1002 1713 causam,
1035 1666 1092 1704 ut
1115 1657 1178 1705 sit
1205 1673 1323 1705 cura
1347 1665 1398 1705 et
1423 1658 1556 1722 cogi-

219 1736 408 1785 tatione
432 1737 670 1794 intentus,
699 1736 959 1801 diligentia
984 1745 1059 1786 est
1081 1755 1093 1785 z
1131 1744 1188 1785 ut
1212 1737 1287 1784 his
1310 1738 1456 1786 rebus
1476 1739 1559 1787 ad-

218 1815 407 1876 hibeat,
431 1824 666 1881 tanquam
703 1816 872 1865 lumen
907 1817 1127 1881 aliquod,
1158 1817 1466 1877 memoriam,
1501 1826 1559 1867 ut

220 1913 416 1956 vocem,
456 1905 513 1945 ut
550 1897 711 1946 vires:
750 1897 875 1946 haec
912 1914 1093 1962 magna
1121 1906 1252 1947 sunt.
1323 1898 1463 1946 Inter
1486 1897 1557 1944 in-

220 1976 444 2041 genium,
491 1976 712 2039 quidem,
754 1985 806 2025 et
846 1977 1170 2041 diligentiam,
1213 1977 1558 2042 perpaululum

220 2059 318 2107 loci
343 2056 586 2122 reliquum
623 2066 698 2106 est
732 2058 855 2106 arti:
894 2074 969 2105 ars
1006 2057 1312 2105 demonstrat
1345 2066 1560 2118 tantum,

222 2139 307 2187 ubi
333 2153 556 2202 quaeras,
582 2144 730 2201 atque
755 2136 841 2185 ubi
866 2135 928 2184 sit
951 2133 1089 2193 illud,
1113 2137 1248 2201 quod
1272 2138 1470 2186 studeas
1488 2139 1560 2185 in-

224 2217 426 2266 venire:
464 2214 653 2280 reliqua
693 2224 809 2264 sunt
842 2216 894 2263 in
928 2231 1064 2275 cura,
1089 2217 1365 2265 attentione
1391 2217 1559 2278 animi,

224 2295 548 2362 cogitatione,
572 2294 842 2360 vigilantia,
870 2295 1174 2355 assiduitate,
1198 2296 1366 2345 labore
1388 2315 1399 2345 :
1429 2313 1560 2346 com-

223 2376 415 2442 plectar
438 2390 539 2423 uno
562 2375 728 2432 verbo,
768 2365 866 2439 quo
890 2390 1036 2440 saepe
1052 2374 1157 2439 jam
1181 2376 1256 2423 usi
1280 2392 1465 2436 sumus,
1490 2377 1562 2425 di-

224 2455 465 2521 ligentia:
503 2471 601 2520 qua
639 2471 738 2503 una
777 2455 962 2503 virtute
1004 2471 1175 2504 omnes
1209 2455 1418 2504 virtutes
1453 2456 1562 2504 reli-

1585 650 1693 691 148.

1590 1358 1696 1402 149.

1591 1921 1699 1961 150.

227 2550 355 2598 quae
380 2534 714 2583 continentur.
785 2533 917 2582 Nam
942 2534 1174 2582 orationis
1193 2534 1393 2598 quidem
1420 2536 1562 2599 copia
1593 2554 1704 2595 151,

227 2613 453 2661 videmus
477 2622 533 2662 ut
557 2613 812 2662 abundent
834 2613 1131 2678 philosophi,
1156 2613 1255 2677 qui,
1290 2622 1342 2661 ut
1367 2614 1558 2679 opinor,

229 2692 344 2757 (sed
383 2700 439 2740 tu
478 2692 621 2752 haec,
664 2692 860 2751 Catule,
896 2691 1094 2753 melius)
1120 2691 1254 2739 nulla
1278 2692 1398 2741 dant
1421 2709 1557 2758 prae-

231 2779 378 2836 cepta
401 2771 621 2832 dicendi,
656 2788 749 2821 nec
790 2771 979 2823 idcirco
1014 2771 1193 2831 minus,
1218 2787 1560 2838 quaecumque
