2071 3508
648 414 839 454 ORATO
846 413 1019 454 RIBUS.
1426 414 1505 454 373

179 530 412 588 tanquam
437 523 586 573 tibiae
610 530 757 570 sunt:
797 538 882 569 eae
922 521 960 568 si
1001 519 1226 567 inflatum
1258 534 1357 566 non
1383 521 1505 567 reci-

175 603 338 667 piunt,
362 612 447 652 aut
471 604 509 650 si
533 601 729 649 auditor
744 601 946 649 omnino
965 607 1198 663 tanquam
1224 613 1378 662 equus
1402 614 1503 645 11011

175 681 314 743 facit,
339 681 557 747 agitandi
581 680 690 728 finis
714 679 972 728 faciendus
997 686 1086 727 est.

244 761 360 810 Hoc
374 768 539 809 tamen
557 759 778 817 interest,
795 758 929 822 quod
943 758 1120 823 vulgus
1136 754 1384 804 interdum
1403 771 1503 803 non
1539 745 1642 807 52,

171 839 482 905 probandum
520 848 764 887 oratorem
803 841 997 903 probat,
1045 837 1131 886 sed
1177 837 1354 901 probat
1401 834 1505 883 sine

173 919 559 984 comparatione,
585 935 698 966 cum
720 935 747 965 a
764 918 1020 976 mediocri,
1046 925 1131 965 aut
1156 916 1302 964 etiam
1329 932 1358 963 a
1376 914 1506 963 malo

170 997 481 1047 delectatur:
521 1015 580 1047 eo
618 1007 691 1046 est
728 1007 1026 1046 contentus:
1067 1013 1171 1045 esse
1205 995 1379 1043 melius
1405 1011 1507 1042 non

171 1077 351 1126 sentit:
390 1078 532 1136 illud,
574 1077 707 1142 quod
745 1086 837 1135 est,
877 1076 1236 1141 qualecumque
1261 1083 1354 1132 est,
1396 1090 1507 1138 pro-

170 1157 271 1206 bat.
332 1157 498 1206 Tenet
523 1159 655 1205 enim
680 1174 821 1204 aures
847 1156 924 1204 vel
949 1156 1210 1204 mediocris
1235 1162 1417 1211 orator,
1443 1153 1506 1201 sit

172 1236 321 1285 modo
345 1235 531 1300 aliquid
556 1237 606 1283 in
633 1253 722 1284 eo:
761 1252 854 1284 nec
891 1252 966 1283 res
991 1235 1090 1282 ulla
1112 1234 1222 1298 plus
1247 1232 1379 1297 apud
1404 1233 1506 1280 ani-

174 1331 278 1364 mos
305 1315 575 1372 hominum,
620 1332 766 1379 quam
804 1315 925 1362 ordo
962 1323 1011 1362 et
1047 1323 1247 1361 ornatus
1273 1312 1506 1361 orationis

174 1395 319 1443 valet.
372 1396 539 1453 Quare
557 1395 663 1458 quis
680 1412 739 1443 ex
760 1394 962 1458 populo,
989 1410 1102 1441 cum
1131 1393 1192 1449 Q.
1221 1392 1507 1440 Scaevolam

174 1490 264 1539 pro
286 1473 359 1522 M.
381 1474 605 1538 Coponio
622 1473 871 1521 dicentem
892 1472 1083 1520 audiret
1108 1472 1158 1518 in
1179 1488 1235 1518 ea
1255 1487 1418 1528 causa,
1445 1470 1508 1519 de

174 1570 271 1619 qua
295 1562 410 1601 ante
436 1553 558 1611 dixi,
584 1552 852 1616 quidquam
876 1551 1091 1616 politius,
1113 1559 1198 1598 aut
1215 1550 1506 1614 elegantius,

175 1641 261 1681 aut
277 1632 480 1680 omnino
498 1632 672 1680 melius
689 1640 773 1679 aut
791 1638 1120 1695 exspectaret,
1136 1638 1222 1678 aut
1237 1647 1380 1694 posse
1404 1630 1509 1679 fieri

172 1712 412 1778 putaret?
449 1711 577 1761 Cum
601 1712 641 1759 is
677 1710 773 1759 hoc
808 1711 1016 1775 probare
1041 1710 1209 1769 vellet,
1247 1710 1341 1759 M'.
1370 1710 1511 1758 Curi-

172 1809 274 1850 um,
316 1808 431 1841 cum
471 1791 542 1839 ita
583 1791 725 1839 heres
763 1791 1018 1838 institutus
1044 1798 1189 1849 esset,
1223 1790 1261 1837 si
1293 1790 1509 1854 pupillus

174 1879 290 1921 ante
325 1877 549 1919 mortuus
586 1878 733 1928 esset,
776 1886 922 1935 quam
947 1870 998 1916 in
1024 1885 1159 1917 suam
1192 1869 1400 1917 tutelam
1426 1886 1509 1918 ve-

173 1952 344 2011 nisset,
367 1949 555 2016 pupillo
576 1966 675 1999 non
700 1957 817 1997 nato
842 1949 1076 1997 heredem
1093 1965 1196 1996 esse
1214 1965 1313 1996 non
1331 1965 1473 2013 posse
1492 1967 1505 1997 :

175 2031 293 2096 quid
332 2029 415 2078 ille
454 2046 554 2078 non
592 2029 717 2077 dixit
742 2029 805 2077 de
830 2036 1238 2077 testamentorum
1257 2027 1406 2092 jure?
1443 2028 1507 2077 de

174 2109 389 2175 antiquis
428 2107 689 2156 formulis?
725 2107 862 2173 quid,
906 2106 1322 2171 quemadmodum
1359 2107 1506 2155 scribi

175 2188 491 2254 oportuisset,
533 2187 572 2235 si
615 2186 763 2235 etiam
804 2185 905 2235 filio
940 2202 1038 2234 non
1064 2193 1182 2233 nato
1206 2185 1346 2234 heres
1370 2186 1507 2233 insti-

171 2268 433 2317 tueretur?
475 2282 622 2331 quam
649 2265 923 2331 captiosum
960 2273 1088 2314 esset
1128 2265 1330 2329 populo,
1373 2265 1507 2329 quod

172 2348 411 2413 scriptum
448 2353 594 2405 esset,
633 2345 835 2411 negligi,
880 2352 930 2393 et
966 2344 1198 2409 opinione
1231 2345 1400 2408 quaeri
1425 2361 1506 2393 vo-

172 2426 422 2485 luntates3
462 2432 514 2474 et
528 2424 961 2489 interpretationes
987 2424 1296 2480 disertorum,
1324 2424 1507 2487 scripta

174 2504 469 2570 simplicium
522 2504 778 2552 hominum
825 2511 1107 2568 pervertere
1134 2503 1151 2550 ?
1211 2503 1374 2559 Quam
1422 2501 1504 2550 ille

174 2583 331 2632 multa
355 2582 418 2632 de
442 2582 738 2631 auctoritate
763 2582 915 2647 patris
954 2581 1045 2639 sui,
1085 2582 1167 2644 qui
1200 2596 1393 2644 semper
1421 2580 1505 2644 jus

174 2662 298 2712 illud
323 2678 428 2711 esse
454 2660 782 2715 defenderat?
820 2661 984 2716 Quam
1020 2660 1221 2708 omnino
1257 2659 1413 2707 multa
1442 2659 1504 2708 de

177 2741 518 2792 conservando
546 2740 660 2807 jure
700 2740 866 2790 civili?
921 2741 1063 2798 Quae
1102 2739 1302 2805 quidem
1340 2738 1506 2787 omnia

178 2838 293 2872 cum
340 2822 516 2889 perite,
559 2828 611 2870 et
656 2820 885 2878 scienter,
934 2827 1042 2867 tum
1083 2826 1134 2868 et
1173 2819 1408 2877 breviter,
1454 2825 1506 2866 et

177 2918 362 2967 presse,
397 2909 449 2953 et
473 2901 590 2953 satis
612 2908 807 2962 ornate,
840 2907 892 2951 et
913 2898 1259 2967 pereleganter
1283 2899 1504 2960 diceret;

1047 2996 1079 3029 Α
1098 2995 1126 3029 a
1145 2988 1174 3028 3
