2071 3508
26 3260 63 3478 s‹:2„3::‘-;;rr.r
57 3218 62 3224 ⁶

750 399 918 438 LIBER
947 398 1172 440 PRIMUS.
1609 405 1634 445 7

301 508 512 566 dicendi,
540 509 590 556 in
611 525 793 567 eorum,
817 511 900 574 qui
925 511 1153 569 audiunt,
1174 510 1422 558 mentibus
1449 520 1533 559 aut
1559 514 1631 560 se-

297 588 468 636 dandis
503 597 589 636 aut
618 590 913 649 excitandis,
938 590 1276 654 expromenda
1301 598 1389 638 est.
1465 590 1630 639 Acce-

296 665 380 714 dat
417 667 593 716 eodem
631 677 828 733 oportet
863 669 1001 734 lepos
1038 670 1257 733 quidam,
1299 669 1630 735 facetiaeque,

294 753 346 794 et
391 746 604 795 eruditio
643 748 798 797 libero
839 748 1008 813 digna,
1051 748 1376 813 celeritasque
1425 758 1475 798 et
1522 752 1630 798 bre-

291 824 416 873 vitas
455 834 505 874 et
545 827 878 891 respondendi
921 836 971 876 et
1006 827 1300 894 lacessendi,
1336 828 1502 876 subtili
1550 846 1631 877 ve-

291 912 487 952 nustate
524 913 672 970 atque
707 906 988 955 urbanitate
1030 908 1313 972 conjuncta.
1386 907 1632 956 Tenenda

291 991 547 1046 praeterea
599 992 674 1033 est
724 985 882 1034 omnis
934 986 1219 1050 antiquitas,
1270 986 1632 1050 exemplorum-

293 1077 388 1124 que
429 1062 531 1110 vis:
592 1080 755 1129 neque
801 1064 989 1129 legum,
1032 1073 1117 1113 aut
1154 1065 1281 1129 juris
1323 1066 1498 1125 civilis,
1541 1067 1633 1115 sci-

291 1140 425 1188 entia
465 1141 768 1207 negligenda
807 1151 896 1191 est.
980 1144 1110 1191 Nam
1153 1144 1274 1208 quid
1314 1161 1409 1207 ego
1448 1145 1510 1192 de
1552 1162 1634 1194 ac-

291 1218 427 1269 tione
463 1220 568 1285 ipsa
601 1220 743 1285 plura
778 1221 980 1270 dicam?
1034 1238 1159 1285 quae
1207 1230 1348 1268 motu
1395 1224 1633 1286 corporis,

293 1314 417 1362 quae
453 1307 618 1363 gestu,
661 1315 786 1362 quae
822 1298 982 1356 vultu,
1020 1315 1145 1362 quae
1182 1299 1318 1346 vocis
1355 1299 1634 1349 conforma-

294 1377 430 1426 tione
456 1395 513 1426 ac
533 1377 789 1435 varietate,
815 1377 1119 1424 moderanda
1135 1385 1209 1424 est
1231 1395 1242 1424 z
1272 1394 1402 1443 quae¹
1418 1379 1520 1426 sola
1543 1397 1634 1443 per

295 1474 345 1506 se
370 1458 474 1522 ipsa
498 1465 682 1520 quanta
706 1457 786 1513 sit,
811 1455 1105 1502 histrionum
1130 1455 1250 1502 levis
1287 1471 1382 1514 ars,
1408 1464 1459 1504 et
1484 1474 1636 1507 scena.

293 1535 511 1583 declarat
532 1553 543 1582 ε
581 1535 632 1580 in
657 1551 754 1596 qua
779 1549 893 1581 cum
919 1549 1092 1581 omnes
1117 1534 1167 1581 in
1194 1535 1310 1593 oris,
1332 1544 1382 1583 et
1399 1538 1556 1597 vocis,
1583 1546 1635 1587 et

291 1621 454 1661 motus
473 1612 814 1661 moderatione
832 1612 1103 1667 elaborent,
1125 1614 1232 1678 quis
1253 1615 1466 1678 ignorat,
1484 1635 1634 1680 quam

288 1691 435 1755 pauci
477 1692 575 1740 sint
609 1690 915 1756 fuerintque,
953 1708 1076 1756 quos
1116 1693 1281 1742 animo
1307 1712 1467 1760 aequo
1493 1715 1634 1763 spec-

291 1779 395 1820 tare
418 1771 699 1836 possimus?
738 1771 876 1827 Quid
913 1772 1076 1820 dicam
1113 1773 1176 1821 de
1207 1773 1440 1823 thesauro
1465 1793 1633 1825 rerum

290 1851 512 1900 omnium
564 1849 838 1898 memoria?
893 1867 1018 1914 quae
1066 1852 1159 1899 nisi
1208 1861 1373 1902 custos
1415 1855 1632 1904 inventis

289 1930 618 1995 cogitatisque
660 1929 806 1977 rebus
842 1936 893 1977 et
929 1930 1089 1978 verbis
1114 1931 1426 1991 adhibeatur,
1451 1933 1633 1981 intelli-

287 2011 450 2075 gimus
486 2009 670 2067 omnia,
707 2008 899 2056 etiamsi
935 2009 1324 2072 praeclarissima
1357 2011 1546 2060 fuerint
1579 2013 1633 2060 in

290 2096 501 2146 oratore,
516 2087 751 2152 peritura.
791 2088 1128 2144 Quamobrem
1145 2089 1310 2136 mirari
1330 2090 1630 2152 desinamus,

291 2184 417 2230 quae
454 2183 602 2214 causa
637 2166 700 2213 sit
735 2165 1075 2230 eloquentium
1105 2168 1388 2231 paucitatis,
1427 2186 1540 2217 cum
1567 2188 1633 2220 ex

288 2244 381 2292 illis
405 2245 551 2293 rebus
570 2244 809 2292 universis
836 2243 1119 2308 eloquentia
1143 2253 1357 2305 constet,
1377 2248 1555 2310 quibus
1578 2250 1632 2298 in

289 2323 493 2388 singulis
518 2323 768 2371 elaborare
792 2340 1119 2388 permagnum
1146 2332 1248 2372 est:
1276 2325 1632 2393 hortemurque

287 2402 452 2467 potius
469 2401 649 2450 liberos
668 2411 879 2461 nostrOS,
900 2411 1219 2467 caeterosque
1239 2421 1447 2468 quorum
1472 2407 1631 2471 gloria

287 2481 429 2529 nobis
454 2488 506 2528 et
530 2481 745 2545 dignitas
765 2480 912 2528 chara
932 2488 1023 2538 est,
1046 2488 1099 2528 ut
1114 2481 1278 2530 animo
1293 2484 1364 2530 rei
1382 2487 1630 2549 magnitu-

288 2559 456 2607 dinem
482 2558 897 2623 complectantur,
922 2576 1083 2624 neque
1116 2561 1173 2607 iis
1209 2569 1295 2610 aut
1328 2565 1629 2628 praeceptis,

291 2645 377 2684 aut
395 2637 652 2700 magistris,
681 2645 768 2685 aut
793 2638 1249 2698 exercitationibus,
1276 2642 1453 2704 quibus
1477 2651 1626 2692 utun-

288 2724 370 2763 tur
394 2731 584 2775 omnes,
620 2715 707 2763 sed
731 2715 836 2764 aliis
861 2716 1172 2780 quibusdam,
1209 2735 1259 2766 se
1285 2719 1355 2778 id,
1381 2721 1516 2784 quod
1540 2738 1623 2770 ex-

289 2800 488 2857 petunt,
508 2793 743 2860 consequi
765 2810 909 2859 posse
934 2794 1200 2843 confidant.

1203 2891 1235 2924 A
1256 2884 1287 2923 4

1667 910 1743 950 18.

1668 2099 1743 2141 19.
