2071 3508
716 461 883 501 LIBER
914 462 1164 503 TERTIUS.
1526 471 1610 510 -293

274 569 424 628 tibus,
460 584 558 617 non
598 569 848 633 neglecta,
885 579 941 618 ut
977 571 1096 618 mihi
1121 572 1336 631 videtur,
1373 591 1401 622 a
1425 575 1610 636 Numa,

273 665 389 711 rege
414 646 716 705 doctissimo,
743 647 1107 713 majoribusque
1133 652 1310 700 nostris
1333 673 1345 711 ς
1387 656 1468 717 (ut
1492 671 1610 718 epu-

269 724 425 772 larum
464 723 741 772 solennium
783 725 904 773 fides
946 744 1003 774 ac
1045 728 1213 788 tibiae,
1268 730 1609 796 Saliorumque

267 820 433 852 versus
472 805 721 866 indicant)
759 808 973 856 maxime
1012 817 1178 856 autem
1219 827 1246 857 a
1286 811 1500 859 Graecia
1525 829 1605 861 ve-

265 889 370 931 tere
396 883 675 932 celebrata:
716 886 893 949 quibus
919 888 1128 946 utinam,
1165 889 1502 953 similibusque
1540 890 1603 939 de

262 962 408 1010 rebus
448 963 704 1027 disputari,
742 981 887 1028 quam
929 965 989 1013 de
1029 966 1296 1029 puerilibus
1334 967 1407 1014 his
1432 970 1603 1017 verbo-

260 1057 370 1088 rum
396 1043 797 1092 translationibus
834 1044 1143 1094 maluissetis.
1213 1046 1422 1105 Verum,
1459 1057 1515 1096 ut
1550 1049 1601 1097 in
1638 1055 1745 1099 198.

259 1136 404 1168 versu
445 1121 641 1187 vulgus,
696 1123 733 1169 si
774 1131 848 1172 est
886 1133 1165 1187 peccatum,
1204 1125 1376 1185 videt3
1417 1127 1502 1184 sic,
1559 1129 1598 1176 si

258 1199 379 1263 quid
420 1200 469 1247 in
510 1210 676 1249 nostra
717 1202 938 1250 oratione
982 1203 1248 1263 claudicat,
1286 1206 1468 1254 sentit:
1509 1207 1597 1256 sed

254 1282 431 1343 poetae
457 1296 556 1327 non
593 1281 826 1345 ignoscit,
868 1283 1008 1329 nobis
1046 1284 1308 1332 concedit:
1347 1286 1498 1333 tacite
1525 1294 1595 1334 ta-

255 1373 371 1404 men
396 1375 566 1407 omnes
609 1375 709 1407 non
748 1376 852 1408 esse
891 1360 1031 1419 illud,
1070 1362 1203 1425 quod
1243 1362 1475 1422 diximus,
1513 1382 1594 1430 ap-

251 1443 359 1482 tum
383 1436 764 1502 perfectumque
784 1448 1010 1486 cernunt.
1085 1440 1260 1503 Itaque
1286 1439 1356 1487 illi
1381 1450 1590 1500 veteres,

250 1514 379 1562 sicut
403 1515 550 1563 hodie
569 1517 717 1563 etiam
738 1517 1000 1564 nonnullos
1020 1517 1262 1576 videmus,
1283 1535 1396 1565 cum
1415 1520 1592 1569 circui-

248 1601 374 1652 tum,
417 1602 468 1642 et
510 1595 646 1658 quasi
689 1596 859 1642 orbem
900 1596 1181 1653 verborum,
1219 1595 1463 1646 conficere
1488 1616 1590 1647 non

243 1681 463 1736 possent,
501 1676 638 1737 (nam
679 1673 730 1720 id
769 1673 969 1737 quidem
1012 1690 1170 1737 nuper
1207 1674 1286 1722 vel
1310 1692 1472 1739 posse,
1509 1679 1589 1727 vel

245 1753 429 1800 audere
456 1752 734 1817 coepimus)
772 1760 931 1812 terna,
969 1761 1055 1800 aut
1077 1753 1212 1812 bina,
1250 1762 1335 1801 aut
1360 1757 1586 1805 nonnulli

244 1831 438 1895 singula
463 1831 610 1879 etiam
636 1833 786 1880 verba
811 1832 1076 1891 dicebant3
1117 1832 1200 1896 qui
1236 1832 1286 1879 in
1320 1833 1402 1882 illa
1426 1835 1584 1884 infan-

240 1913 310 1961 tia
334 1913 564 1972 naturali,
602 1912 741 1971 illud,
785 1912 915 1976 quod
944 1929 1084 1967 aures
1110 1912 1367 1961 hominum
1393 1915 1582 1978 flagita-

238 1994 377 2051 bant,
414 1992 689 2040 tendebant
724 2000 925 2050 tamen3
967 1999 1022 2039 ut
1047 2000 1096 2039 et
1121 1990 1202 2038 illa
1227 2000 1391 2039 essent
1425 1995 1579 2057 paria,

239 2088 364 2137 quae
408 2072 650 2130 dicerent,
688 2079 738 2119 et
779 2070 1063 2134 aequalibus
1099 2071 1578 2135 interspirationibus

237 2160 512 2201 uterentur.

301 2231 523 2296 Exposui
547 2230 671 2291 fere,
707 2239 764 2279 ut
801 2231 959 2295 potui,
997 2247 1121 2294 quae
1163 2232 1377 2281 maxime
1411 2233 1474 2280 ad
1500 2250 1574 2281 or-
1609 2228 1714 2288 52,

235 2320 406 2361 natum
432 2311 665 2360 orationis
689 2311 937 2376 pertinere
963 2312 1262 2359 arbitrabar:
1308 2312 1411 2359 dixi
1437 2313 1570 2362 enim
1608 2320 1715 2362 199.

232 2393 294 2441 de
336 2390 642 2456 singulorum
679 2389 827 2438 laude
864 2390 1158 2449 verborum3
1213 2390 1315 2438 dixi
1353 2391 1415 2440 de
1453 2409 1568 2440 con-

219 2471 448 2537 juctione
490 2486 695 2528 eorum3
736 2469 838 2516 dixi
876 2469 937 2516 de
976 2485 1182 2517 numero
1218 2478 1366 2533 atque
1391 2469 1566 2520 forma.

230 2552 328 2601 Sed
365 2551 404 2598 si
445 2551 668 2599 habitum
705 2549 939 2597 orationis
981 2549 1149 2608 etiam,
1187 2557 1237 2596 et
1272 2550 1408 2612 quasi
1435 2550 1565 2598 colo-

227 2646 330 2678 rem
373 2628 585 2692 aliquem
628 2626 893 2690 requiritis,
930 2634 1005 2674 est
1042 2633 1092 2673 et
1128 2626 1275 2690 plena
1300 2626 1562 2690 quaedam,

225 2709 313 2758 sed
336 2717 504 2756 tamen
529 2715 690 2764 teres3
736 2713 787 2752 et
822 2712 1001 2760 tenuls,
1046 2721 1145 2751 non
1171 2721 1274 2752 sme
1317 2721 1477 2752 nervis
1503 2723 1561 2755 ac

223 2788 406 2836 viribus
428 2806 441 2845 ;
481 2792 532 2833 et
556 2801 628 2840 ea,
664 2799 789 2847 quae
813 2781 1060 2846 particeps
1085 2782 1339 2846 utriusque
1363 2784 1560 2846 generis

224 2866 435 2932 quadam
461 2862 804 2913 mediocritate
819 2860 1064 2908 laudatur.
1138 2859 1232 2908 His
1257 2861 1412 2909 tribus
1437 2861 1556 2926 figu-

222 2947 287 2996 ris
311 2945 524 3000 insidere
550 2942 749 3008 quidam
774 2940 1061 2999 venustatiS,
1100 2956 1201 2988 non
1242 2940 1359 2990 fuco
1383 2940 1552 3002 illitus,

1135 3035 1165 3067 T
1191 3028 1220 3067 3
