2071 3508
765 388 1140 430 ORATORIBUS.
1544 395 1625 433 369

285 504 406 561 quot
431 514 492 546 ex
516 496 780 554 veteribus,
819 496 1312 557 commemoratione,
1349 504 1436 545 aut
1469 496 1619 548 laude

285 575 497 640 dignos:
557 577 645 624 sed
690 575 785 624 hoc
834 576 1036 639 quidem
1083 576 1411 641 ignoratione.
1485 577 1624 633 Quid

284 656 417 703 enim
442 663 515 704 est
538 654 801 719 superioris
826 656 1022 715 aetatis,
1048 655 1183 720 quod
1207 656 1353 704 scribi
1379 655 1534 720 possit
1559 654 1623 704 de

282 732 358 793 iis,
395 733 457 783 de
483 735 658 799 quibus
682 734 818 783 nulla
841 743 1166 784 monumenta
1199 735 1489 802 loquuntur,
1526 752 1622 785 nec

282 811 507 873 aliorum,
532 830 626 863 nec
651 814 909 880 ipsorum?
945 816 1027 864 De
1063 815 1120 863 iis
1157 824 1344 875 autem,
1380 832 1503 881 quos
1527 815 1620 881 ipsi

277 889 505 950 vidimus,
533 894 784 943 neminem
821 894 927 943 fere
961 896 1402 960 praetermittimus
1428 912 1621 956 eorum,

278 985 401 1034 quos
441 971 708 1038 aliquando
747 975 973 1024 dicentes
1014 975 1242 1024 vidimus.
1315 974 1446 1024 Volo
1486 975 1620 1024 enim

278 1049 411 1110 sciri,
435 1051 487 1099 in
511 1060 651 1102 tanta
677 1062 727 1102 et
750 1062 853 1102 tam
878 1062 1047 1103 vetere
1079 1054 1348 1120 republica,
1390 1055 1620 1103 maximis

275 1131 506 1193 praemiis
544 1133 858 1198 eloquentiae
893 1135 1175 1200 propositis,
1215 1151 1386 1184 omnes
1423 1135 1620 1200 cupisse

277 1207 464 1270 dicere,
488 1228 588 1260 non
607 1212 844 1278 plurimos
864 1231 1006 1262 ausos
1026 1231 1151 1274 esse,
1169 1215 1388 1280 potuisse
1413 1231 1618 1279 paucos.

278 1287 389 1354 Ego
413 1298 582 1340 tamen
607 1293 677 1341 ita
703 1294 765 1343 de
790 1311 1092 1359 unoquoque
1117 1294 1299 1354 dicam,
1324 1303 1382 1343 ut
1404 1294 1619 1360 intelligi

274 1371 448 1434 possit,
483 1390 631 1438 quem
669 1376 949 1424 existimem
975 1375 1313 1436 clamatorem,
1339 1393 1487 1441 quem
1513 1393 1620 1424 ora-

273 1456 435 1499 torem
473 1451 639 1502 fuisse.
712 1455 897 1504 Iisdem
939 1454 1044 1504 fere
1082 1456 1408 1521 temporibus,
1452 1463 1616 1503 aetate

274 1529 531 1580 inferiores
556 1534 722 1598 paulo,
746 1551 892 1599 quam
922 1535 1103 1594 Julius,
1141 1536 1228 1584 sed
1253 1535 1482 1600 aequales
1506 1551 1620 1600 pro-

273 1610 544 1673 pemodum
582 1611 786 1662 fuerunt
828 1613 885 1663 C.
931 1614 1099 1674 Cotta,
1149 1615 1202 1662 P.
1249 1613 1510 1678 Sulpicius,
1551 1613 1618 1669 Q.

276 1688 470 1746 Varius,
513 1690 606 1738 Cn.
650 1691 971 1757 Pomponius,
1015 1692 1073 1740 C.
1119 1694 1290 1752 Curio,
1330 1692 1390 1739 L.
1423 1692 1620 1751 Fusius,

275 1766 351 1815 M.
379 1768 588 1825 Drusus,
617 1769 672 1816 P.
696 1769 977 1818 Antistius:
1005 1786 1100 1819 nec
1119 1769 1219 1818 ulla
1237 1778 1401 1818 aetate
1419 1770 1619 1819 uberior

275 1855 525 1895 oratorum
550 1847 714 1895 foetus
738 1846 853 1895 fuit.
924 1847 1004 1895 Ex
1035 1847 1111 1896 his
1149 1848 1300 1896 Cotta
1331 1856 1382 1896 et
1407 1847 1622 1913 Sulpici-

272 1942 349 1985 us,
376 1943 490 1974 cum
516 1943 627 1974 meo
654 1925 864 1990 judicio,
908 1934 1016 1975 tum
1053 1928 1294 1986 omnium,
1335 1926 1482 1975 facile
1518 1927 1617 1991 pri-

274 2022 377 2053 mas
401 2005 640 2054 tulerunt.
715 2005 816 2054 Hic
843 2005 1065 2066 Atticus,
1102 2006 1371 2064 Quomodo
1388 2006 1519 2055 istuc
1544 2006 1618 2054 di·-

275 2084 365 2144 cis,
389 2084 571 2149 inquit,
597 2102 712 2133 cum
731 2093 819 2134 tuo
835 2085 1048 2150 judicio,
1067 2093 1176 2135 tum
1193 2086 1415 2134 omnium
1437 2086 1454 2134 ?
1491 2102 1618 2134 sem-

272 2180 427 2229 perne
474 2165 526 2212 in
573 2173 767 2213 oratore
812 2165 1090 2230 probando,
1137 2174 1223 2214 aut
1268 2165 1616 2230 improbando,

275 2244 412 2309 vulgi
428 2242 677 2309 judicium
716 2258 832 2294 cum
867 2244 1253 2309 intelligentium
1275 2243 1471 2309 judicio
1496 2260 1614 2293 con-

271 2324 445 2390 gruit?
481 2339 544 2371 an
582 2322 663 2371 alii
697 2325 970 2388 probantur
994 2341 1022 2371 a
1046 2323 1387 2383 multitudine,
1422 2322 1506 2372 alii
1529 2341 1614 2372 au-

272 2411 376 2452 tem
401 2404 462 2452 ab
494 2403 571 2462 iis,
610 2404 694 2467 qui
729 2403 1051 2468 intelligunt?
1091 2402 1254 2452 Recte
1279 2402 1507 2467 requiris,
1542 2403 1615 2451 in-

275 2500 440 2548 quam,
469 2483 644 2533 Attice
665 2503 678 2532 z
718 2485 807 2534 sed
831 2486 1000 2533 audies
1026 2502 1089 2533 ex
1113 2501 1194 2533 me
1217 2484 1445 2543 fortasse,
1481 2483 1617 2549 quod

275 2579 377 2611 non
403 2555 575 2612 omnes
598 2566 828 2628 probent.
902 2563 986 2611 An
1010 2573 1087 2623 tu,
1110 2563 1290 2628 inquit,
1326 2563 1380 2610 id
1401 2563 1615 2623 laboras,

274 2642 314 2690 si
339 2641 458 2689 huic
501 2641 649 2689 modo
693 2642 849 2690 Bruto
883 2643 1179 2706 probaturus
1216 2642 1301 2690 es?
1340 2640 1512 2702 Plane,
1542 2642 1615 2690 in-

277 2737 445 2788 quam,
488 2720 679 2779 Attice,
724 2721 1109 2786 disputationem
1146 2721 1276 2770 hanc
1320 2720 1382 2769 de
1419 2729 1614 2771 oratore

275 2800 548 2866 probando,
575 2808 662 2850 aut
684 2800 1029 2867 improbando,
1053 2799 1211 2849 multo
1235 2800 1402 2849 malim
1427 2801 1537 2861 tibi,
1562 2810 1615 2851 et

276 2879 435 2930 Bruto
468 2879 700 2948 placere:
738 2880 1073 2947 eloquentiam
1114 2888 1284 2930 autem
1323 2895 1487 2930 meam
1527 2896 1616 2948 po-

1201 2975 1232 3009 A
1251 2974 1281 3009 a
