2071 3508
739 412 906 458 LIB‘ER'
936 412 1160 459 PRIMUS.
1600 425 1626 463 9

264 559 268 562 ·
293 539 509 582 versata:
541 546 640 578 non
666 529 798 594 quod
822 528 904 576 illa
930 536 1264 587 contemnam,
1290 536 1415 593 quae
1441 529 1626 578 Graeci

294 610 491 658 dicendi
510 608 719 657 artifices
737 616 787 656 et
806 608 1035 656 doctores
1051 607 1377 672 reliquerunt3
1407 608 1494 656 sed
1510 624 1624 656 cum

291 687 374 736 illa
396 695 618 752 pateant,
651 686 701 733 in
726 695 1023 751 promtuque
1055 686 1152 734 sint
1184 687 1428 744 omnibus,
1464 702 1625 751 neque

291 764 699 830 interpretatione
743 780 853 811 mea
890 772 976 811 aut
1009 765 1226 812 ornatius
1252 764 1506 829 explicari,
1543 773 1628 813 aut

291 843 484 908 planius
510 843 720 907 exprimi
745 843 964 906 possint3
1006 843 1143 891 dabis
1169 843 1296 890 hanc
1322 843 1535 901 veniam,
1560 844 1628 891 mi

292 921 461 980 frater,
501 929 558 969 ut
599 921 791 985 opinor,
834 929 890 969 ut
927 938 1116 980 eorum,
1143 921 1319 985 quibus
1344 938 1534 969 summa
1560 923 1632 970 di·-

293 1001 441 1049 cendi
465 1000 570 1048 laus
595 1017 622 1048 a
648 1000 826 1048 nostris
851 1000 1133 1048 hominibus
1154 1017 1389 1049 concessa
1408 1008 1499 1060 est,
1516 1018 1630 1050 auc-

290 1081 542 1130 toritatem
567 1078 775 1127 Graecis
800 1086 1114 1143 anteponam.

361 1159 489 1208 Cum
520 1158 671 1223 igitur
704 1156 1048 1205 vehementius
1080 1158 1397 1207 inveheretur
1431 1159 1481 1206 in
1519 1175 1630 1207 cau-

296 1255 397 1288 sam
428 1236 709 1302 principum
742 1234 915 1283 consul
951 1234 1225 1299 Philippus,
1261 1236 1512 1301 Drusique
1547 1238 1629 1285 tri-

295 1318 527 1374 bunatus,
562 1331 652 1379 pro
688 1321 885 1362 senatus
923 1313 1218 1361 auctoritate
1255 1323 1529 1380 susceptus,
1560 1317 1631 1364 in-

297 1393 445 1458 fringi
469 1393 572 1457 jam
598 1391 940 1456 debilitarique
964 1391 1246 1451 videretur;
1287 1393 1386 1440 dici
1410 1394 1632 1453 memini,

297 1471 525 1520 ludorum
554 1471 891 1518 Romanorum
917 1469 1105 1525 diebus,
1133 1468 1193 1516 L.
1221 1469 1469 1530 Crassum,
1496 1474 1633 1536 quasi

299 1549 565 1614 colligendi
604 1548 677 1596 sui
714 1564 878 1606 causa,
917 1564 967 1596 se
1003 1548 1055 1594 in
1080 1547 1422 1596 Tusculanum
1458 1559 1633 1599 contu-

296 1626 461 1675 lissse:
517 1627 709 1674 venisse
758 1626 954 1686 eodem,
1002 1643 1142 1675 socer
1180 1626 1283 1691 ejus
1325 1628 1409 1692 qui
1449 1627 1632 1689 fuerat,

297 1705 515 1763 Quintus
560 1705 762 1753 Mucius
805 1705 1081 1765 dicebatur,
1136 1713 1187 1753 et
1234 1706 1308 1754 M.
1360 1707 1633 1768 Antonius,

293 1783 443 1832 homo
468 1792 519 1833 et
543 1782 859 1831 consiliorum
879 1783 930 1829 in
949 1783 1205 1848 republica
1229 1785 1408 1846 socius,
1435 1795 1485 1835 et
1504 1804 1633 1836 sum-

294 1879 375 1910 ma
399 1879 512 1910 cum
539 1863 714 1911 Crasso
738 1861 1070 1911 familiaritate
1102 1863 1414 1929 conjunctus.
1486 1866 1632 1915 Exie-

294 1949 406 1989 rant
446 1949 613 1990 autem
650 1956 764 1988 cum
801 1942 907 2006 ipso
945 1942 1120 1990 Crasso
1156 1942 1496 1993 adolescentes
1533 1946 1633 1995 duo

295 2020 449 2068 Drusi
483 2020 697 2068 maxime
732 2019 1014 2080 familiares,
1052 2031 1102 2070 et
1125 2022 1176 2069 in
1202 2023 1379 2086 quibus
1403 2040 1634 2088 magnam

295 2109 402 2149 tum
428 2116 564 2166 spem
590 2100 797 2165 majores
833 2109 953 2148 natu
990 2101 1244 2165 dignitatis
1281 2118 1396 2151 suae
1428 2102 1636 2151 colloca-

296 2187 424 2237 rant,
457 2179 513 2227 C.
543 2179 709 2238 Cotta,
746 2180 828 2243 qui
860 2187 966 2226 tum
991 2180 1297 2228 tribunatum
1321 2180 1478 2246 plebis
1500 2190 1636 2246 pete-

293 2259 398 2316 bat,
432 2265 483 2305 et
509 2257 562 2304 P.
586 2257 848 2321 Sulpicius,
875 2258 957 2322 qui
983 2258 1218 2323 deinceps
1244 2276 1356 2307 eum
1383 2261 1636 2325 magistra-

293 2343 400 2385 tum
425 2336 671 2401 petiturus
695 2337 977 2400 putabatur.
1042 2336 1111 2384 Hi
1135 2337 1294 2401 primo
1319 2338 1399 2386 die
1425 2339 1487 2388 de
1511 2347 1633 2388 tem-

292 2416 494 2481 poribus
518 2414 630 2474 illis,
657 2415 818 2479 deque
844 2416 1070 2464 universa
1105 2416 1359 2481 republica
1389 2434 1534 2482 quam
1572 2421 1633 2467 ob

296 2510 494 2542 causam
530 2502 787 2553 venerant,
819 2495 1030 2543 multum
1055 2495 1185 2543 inter
1210 2512 1260 2543 se
1285 2513 1440 2560 usque
1465 2498 1528 2544 ad
1554 2515 1635 2545 ex-

295 2580 510 2620 tremum
546 2580 744 2637 tempus
781 2573 879 2620 diei
917 2572 1151 2621 collocuti
1191 2582 1319 2622 sunt.
1393 2575 1509 2631 Quo
1533 2578 1637 2640 qui·

297 2650 411 2698 dem
453 2650 503 2697 in
547 2666 772 2698 sermone
808 2650 963 2698 multa
1003 2652 1236 2699 divinitus
1279 2670 1306 2700 a
1351 2654 1508 2701 tribus
1543 2655 1636 2704 illis

299 2727 637 2776 consularibus
678 2728 826 2776 Cotta
875 2728 1129 2793 deplorata
1165 2738 1216 2777 et
1252 2742 1635 2782 commemorata

300 2807 559 2866 narrabat,
622 2816 678 2854 ut
736 2806 858 2854 nihil
912 2807 1166 2856 incidisset
1224 2818 1395 2874 postea
1448 2813 1634 2862 civitati

304 2885 438 2945 mali,
475 2885 607 2949 quod
644 2901 743 2934 non
779 2886 1066 2952 impendere
1097 2886 1163 2934 illi
1189 2896 1328 2938 tanto
1354 2899 1467 2940 ante
1492 2893 1638 2941 vidis-

1665 1879 1744 1918 25.

1667 2343 1747 2385 26.
