2071 3508
672 379 840 420 LIBER
869 378 1177 420 SECUNDUS.
1518 387 1597 424 183

258 492 442 542 Scauro
467 489 827 539 stomachanti:
865 505 928 537 ex
965 505 1062 553 quo
1099 496 1215 537 sunt
1239 490 1482 551 nonnulli,
1509 496 1595 559 qui

256 578 392 619 tuam
415 571 577 634 legem
603 568 665 616 de
690 567 891 616 civitate
911 574 1094 624 natam,
1118 567 1309 626 Crasse,
1336 567 1506 619 dicant
1527 591 1538 619 :

310 664 368 708 St,
381 666 511 707 tacete,
527 660 620 712 quid
632 659 700 697 hoc
711 657 887 698 clamoris
901 659 921 695 2?
948 658 1082 712 quibus
1101 671 1167 696 nec
1183 664 1318 705 mater,
1334 673 1399 697 nec
1406 667 1538 712 pater,

311 728 437 767 Tanta
457 726 682 777 corfidentz'a
695 725 783 764 estis
796 725 816 763 9
843 726 995 780 αιψενίε
1010 725 1119 763 istam
1140 725 1238 762 enim
1257 726 1483 777 superbiam.

253 807 383 857 Nam
421 807 471 854 in
509 806 681 855 Coelio
717 822 834 854 sane
864 806 1013 854 etiam
1039 806 1103 853 ad
1128 822 1325 854 causam
1350 807 1471 856 utile
1496 807 1593 858 fuit

250 893 393 934 tuum
417 885 559 945 illud,
586 884 795 941 Antoni,
817 901 932 933 cum
956 884 1038 933 ille
1064 902 1092 932 a
1117 901 1167 932 se
1192 886 1456 950 pecuniam
1480 903 1591 951 pro-

249 964 433 1015 fectam
459 965 650 1013 diceret
684 964 842 1023 testis,
879 972 930 1012 et
961 964 1168 1012 haberet
1189 963 1343 1012 filium
1369 965 1589 1017 delicati-

250 1061 414 1094 orem:
453 1044 668 1093 abeunte
684 1042 790 1108 jam
814 1042 918 1102 illo,

360 1136 507 1175 Sentin’
528 1149 650 1174 senem
670 1149 748 1174 esse
767 1141 905 1173 tactum
922 1134 1083 1187 triginta,
1104 1135 1214 1173 minis
1227 1135 1248 1172 ,9

318 1205 378 1253 In
402 1205 498 1253 hoc
522 1221 681 1269 genus
708 1202 1040 1268 conjiciuntur
1063 1202 1355 1267 proverbia3
1384 1212 1441 1251 ut
1464 1202 1587 1252 illud
1619 1217 1731 1260 258,

251 1284 509 1350 Scipionis,
538 1300 652 1332 cum
680 1282 880 1331 Asellus
905 1299 1076 1330 omnes
1100 1283 1379 1347 provincias
1405 1283 1586 1348 stipen-

250 1365 331 1414 dia
368 1373 641 1416 merentem
684 1380 734 1411 se
770 1379 1055 1427 peragrasse
1096 1362 1410 1426 gloriaretur,
1449 1365 1588 1426 Agas

247 1446 457 1503 asellum,
483 1453 533 1491 et
558 1451 768 1491 caetera.
843 1443 1010 1498 Quare
1037 1458 1094 1488 ea
1119 1458 1330 1505 quoque,
1354 1442 1586 1505 quoniam

245 1524 448 1571 mutatis
471 1522 633 1570 verbis
658 1537 758 1569 non
782 1529 989 1585 possunt
1024 1520 1238 1568 retinere
1269 1521 1480 1568 eandem
1504 1538 1585 1569 ve-

175 1656 182 1660 *
243 1610 513 1660 nustatem,
537 1617 637 1649 non
662 1600 713 1648 in
738 1617 805 1656 re,
843 1599 930 1647 sed
954 1599 1004 1646 in
1029 1599 1190 1647 verbis
1214 1599 1374 1663 posita
1398 1600 1584 1648 ducan-

241 1690 339 1731 tur.
411 1681 501 1729 Est
537 1681 687 1732 etiam
724 1680 775 1727 in
799 1680 951 1735 verbo
975 1679 1191 1743 positum
1218 1695 1318 1726 non
1342 1679 1581 1729 insulsum
1614 1689 1727 1735 259.

239 1778 418 1828 genus,
444 1780 506 1812 ex
532 1779 606 1819 eo,
647 1779 760 1810 cum
787 1761 850 1809 ad
874 1762 1096 1816 verbum,
1131 1776 1230 1808 non
1257 1760 1320 1808 ad
1344 1763 1583 1811 sententi-

240 1859 319 1890 am
360 1860 465 1892 rem
503 1843 729 1907 accipere
770 1841 1000 1889 videare:
1040 1857 1102 1888 ex
1138 1856 1237 1903 quo
1273 1857 1373 1889 uno
1397 1859 1583 1906 genere

239 1930 376 1970 totus
401 1930 477 1971 est
501 1922 680 1980 Tutor,
717 1921 894 1968 inimus
919 1928 1080 1977 veum,
1118 1919 1301 1983 oppido
1325 1920 1580 1970 ridiculus.

243 2001 341 2049 Sed
365 2002 489 2049 abeo
515 2018 542 2049 a
566 2000 726 2047 mimis
748 2020 760 2059 3
800 2007 995 2047 tantum
1031 2015 1190 2062 genus
1215 1997 1359 2062 hujus
1384 1999 1582 2048 ridiculi

242 2080 423 2145 insigni
449 2080 611 2144 aliqua
636 2088 687 2127 et
710 2087 829 2127 nota
854 2095 906 2126 re
932 2078 1091 2126 notari
1118 2077 1245 2125 volo.
1298 2078 1388 2126 Est
1411 2087 1580 2128 autem

242 2177 305 2208 ex
330 2160 425 2208 hoc
448 2176 634 2225 genere
658 2158 799 2217 illud,
839 2158 973 2222 quod
1007 2167 1078 2214 tu,
1113 2158 1302 2214 Crasse,
1331 2175 1490 2223 nuper
1514 2159 1579 2218 ei,

241 2240 325 2304 qui
349 2247 400 2288 te
424 2247 664 2303 rogasset,
689 2254 807 2286 num
833 2238 925 2286 tibi
951 2237 1186 2285 molestus
1211 2245 1341 2286 esset
1364 2237 1576 2294 futurus,

239 2319 278 2367 si
303 2319 368 2367 ad
391 2326 440 2367 tc
466 2320 593 2367 bene
618 2326 733 2367 ante
759 2317 924 2366 lucem
949 2318 1165 2366 venisset
1186 2317 1202 2364 ?
1240 2317 1322 2364 Tu
1346 2333 1482 2375 vero,
1507 2317 1578 2363 in-

240 2398 407 2462 quisti,
446 2398 681 2446 molestus
706 2413 807 2449 non
834 2397 956 2445 eris:
995 2396 1202 2448 Jubebis
1227 2395 1381 2460 igitur
1405 2403 1475 2454 te,
1507 2396 1579 2441 in-

239 2476 364 2540 quit,
403 2476 627 2524 suscitari
648 2477 664 2524 ?
716 2483 766 2524 et
803 2484 874 2531 tu,
920 2476 1070 2523 Certe
1108 2491 1340 2538 negaram
1383 2483 1434 2522 te
1476 2490 1578 2521 mo-

237 2554 418 2602 lestum
442 2555 682 2602 futurum.
744 2554 822 2601 Ex
848 2554 1025 2602 eodem
1051 2552 1146 2602 hoc
1172 2560 1316 2600 vetus
1342 2553 1463 2599 illud
1485 2560 1576 2610 cst,
1609 2556 1721 2597 260.

239 2632 375 2697 quod
399 2633 540 2680 aiunt
566 2632 968 2696 Maluginensem
1004 2631 1142 2678 illum
1170 2631 1245 2679 M.
1274 2631 1576 2694 Scipionem,

240 2728 355 2760 cum
381 2728 443 2759 ex
469 2710 693 2759 centuria
719 2727 805 2758 sua
829 2709 1135 2758 renuntiaret
1156 2709 1430 2758 Acidinum
1449 2710 1578 2758 Con-

240 2791 413 2848 sulem,
456 2806 737 2856 praecoque
775 2789 999 2848 dixisset,
1036 2789 1136 2837 Dic
1163 2789 1224 2837 de
1259 2787 1318 2837 L.
1348 2789 1573 2838 Manlio:

245 2870 423 2921 Virum
459 2872 664 2929 bonum,
701 2870 879 2936 inquit,
909 2869 1265 2935 egregiumque
1289 2870 1448 2920 civem
1474 2886 1579 2919 esse.

1144 2965 1184 2996 M
1211 2958 1242 2997 4
