2071 3508
424 451 506 488 330
934 443 1012 480 DE
1042 442 1243 482 CLARIS

426 555 515 605 sed
554 562 722 604 tamen
762 553 1001 612 molliora,
1038 568 1184 616 quam
1227 550 1477 600 Canachi:
1527 550 1750 597 nondum

429 634 657 700 Myronis
682 633 795 682 satis
821 634 884 681 ad
906 632 1164 681 veritatem
1190 631 1428 689 adducta3
1459 628 1563 693 jam
1587 636 1756 676 tamen

429 731 554 778 quae
597 731 696 762 non
741 714 935 762 dubites
976 711 1182 776 pulchra
1229 711 1423 758 dicere:
1474 707 1758 773 pulchriora

430 793 578 841 etiam
606 792 866 858 Polycleti,
903 800 952 839 et
978 789 1083 854 jam
1117 790 1262 854 plane
1286 788 1525 854 perfecta,
1561 795 1617 835 ut
1640 787 1762 834 mihi

430 872 631 936 quidem
672 871 829 919 videri
870 869 1043 917 solent.
1116 868 1293 916 Similis
1333 869 1384 914 in
1419 868 1613 932 pictura
1636 866 1762 913 ratio

431 958 520 1006 est,
560 951 610 996 in
636 967 732 1013 qua
756 949 978 1004 Zeuxim,
1018 955 1068 995 et
1094 947 1444 1012 Polygnotum,
1487 959 1537 993 et
1562 945 1763 992 Timan-

431 1036 553 1087 tem,
573 1035 624 1076 et
648 1044 837 1086 eorum,
873 1027 956 1090 qui
982 1043 1080 1074 non
1106 1034 1221 1074 sunt
1244 1026 1319 1073 usi
1341 1025 1451 1090 plus
1476 1041 1622 1089 quam
1648 1041 1763 1087 qua-

431 1115 545 1155 tuor
569 1106 830 1162 coloribus,
872 1105 1052 1152 formas
1094 1113 1145 1152 et
1166 1105 1466 1153 lineamenta
1488 1104 1763 1151 laudamus.

434 1185 509 1232 At
543 1185 594 1231 in
622 1185 856 1243 Aetione,
894 1183 1220 1242 Nicomacho,
1248 1184 1542 1246 Protogene,
1583 1181 1765 1245 Apelle

427 1263 530 1328 jam
555 1262 778 1327 perfecta
820 1269 934 1310 sunt
958 1262 1152 1310 omnia:
1193 1269 1244 1309 et
1278 1261 1446 1309 nescio
1483 1277 1544 1308 an
1569 1259 1767 1323 reliquis

432 1343 485 1390 in
511 1344 656 1391 rebus
682 1342 908 1390 omnibus
933 1342 1066 1389 idem
1093 1341 1303 1389 eveniat.
1373 1339 1512 1388 Nihil
1537 1346 1611 1387 est
1636 1339 1767 1386 enim

435 1422 581 1469 simul
623 1430 674 1469 et
710 1421 987 1479 inventum,
1030 1428 1080 1467 et
1118 1419 1414 1484 perfectum.
1484 1419 1595 1467 Nec
1632 1418 1771 1467 dubi-

435 1502 531 1549 tari
557 1501 724 1559 debet,
761 1501 878 1564 quin
903 1498 1090 1547 fuerint
1114 1507 1228 1547 ante
1256 1500 1532 1547 Homerum
1557 1501 1733 1562 poetae
1754 1516 1768 1548 ι

436 1579 573 1643 quod
589 1596 651 1627 ex
671 1579 739 1627 eis
760 1578 1057 1627 carminibus
1072 1577 1282 1641 intelligi
1298 1585 1476 1641 potest,
1499 1593 1623 1641 quae
1639 1576 1772 1641 apud

437 1657 593 1714 illum,
633 1667 684 1706 et
720 1658 770 1704 in
811 1657 1106 1712 Phaeacum,
1145 1665 1196 1704 et
1235 1656 1287 1702 in
1321 1672 1582 1719 procorum
1616 1654 1771 1719 epulis

437 1745 702 1784 canuntur.
807 1736 978 1792 Quid?
1037 1735 1191 1783 nostri
1237 1743 1428 1784 veteres
1473 1750 1642 1782 versus
1687 1732 1771 1781 ubi

441 1824 555 1864 sunt
574 1816 591 1863 ?

551 1919 651 1962 Quos
669 1919 756 1957 olim
773 1918 913 1964 Fauni,
943 1925 1119 1970 vatesque
1149 1919 1347 1965 canebant,

495 1985 590 2024 Cum
611 1999 728 2037 neque
748 1987 953 2024 Musarum
969 1984 1137 2037 scopulos
1152 1986 1347 2038 quisquam
1368 1993 1582 2038 superarat,

493 2053 576 2090 Nec
597 2052 689 2090 dicti
709 2052 895 2090 studiosus
911 2057 995 2090 erat
1011 2067 1022 2088 .·
1046 2074 1063 2083 -
1082 2074 1099 2083 -
1121 2073 1136 2081 -
1155 2073 1170 2082 -

494 2119 597 2156 Ante
615 2119 711 2157 hunc
729 2145 740 2150 -
754 2141 768 2148 -
782 2141 796 2148 -
808 2141 825 2149 -

441 2211 511 2258 ait
535 2211 638 2274 ipse
676 2210 737 2257 de
764 2227 814 2258 se
837 2228 849 2257 ε
894 2227 988 2258 nec
1014 2212 1251 2259 mentitur
1274 2213 1325 2259 in
1349 2211 1622 2276 gloriando.
1693 2215 1774 2265 Sic

444 2289 576 2337 enim
616 2305 721 2336 sese
747 2305 823 2336 res
847 2289 1012 2337 habet.
1089 2291 1219 2338 Nam
1262 2298 1312 2338 et
1350 2290 1574 2356 Odyssea
1598 2292 1779 2341 Latina

445 2375 538 2425 est,
575 2367 663 2425 sic,
698 2374 933 2431 tanquam
977 2385 1098 2432 opus
1134 2369 1332 2433 aliquod
1356 2370 1581 2427 Daedali,
1620 2379 1671 2420 et
1694 2372 1777 2420 Li.-

444 2446 619 2494 vianae
662 2444 876 2504 fabulae,
926 2463 1025 2493 non
1068 2447 1182 2494 satis
1218 2447 1397 2511 dignae
1433 2465 1557 2512 quae
1598 2449 1776 2498 iterum

443 2522 690 2587 legantur.
764 2523 932 2588 Atque
970 2524 1051 2573 hic
1091 2525 1276 2581 Livius,
1321 2526 1401 2589 qui
1433 2527 1616 2590 primus
1640 2527 1777 2576 fabu-

444 2602 561 2660 lam,
599 2602 656 2650 C.
684 2601 861 2650 Clodio
904 2603 1052 2651 Caeci
1076 2603 1175 2651 filio
1201 2612 1252 2652 et
1283 2604 1356 2652 M.
1385 2605 1638 2653 Tuditano
1663 2623 1778 2654 con-

448 2681 650 2739 sulibus,
691 2681 879 2740 docuit,
915 2699 1044 2730 anno
1078 2683 1184 2748 ipso
1219 2691 1482 2748 antequam
1523 2695 1667 2733 natus
1704 2693 1778 2734 est

447 2757 673 2819 Ennius,
711 2768 823 2823 post
866 2760 1076 2808 Romam
1119 2761 1370 2809 conditam
1393 2771 1559 2811 autem
1584 2771 1779 2827 quarto-

450 2836 645 2885 decimo
680 2846 730 2886 et
754 2839 1170 2903 quingentesimo,
1206 2848 1262 2887 ut
1285 2840 1366 2888 hic
1391 2842 1478 2900 ait,
1517 2859 1663 2906 quem
1687 2858 1776 2890 nos

450 2914 730 2978 sequimur:
770 2924 844 2965 est
881 2917 1012 2966 enim
1046 2917 1176 2967 inter
1200 2918 1461 2983 scriptores
1486 2919 1548 2969 de
1572 2936 1778 2969 numero
