2071 3508
312 1293 416 1353 35.

313 1388 333 1425 1
342 1387 420 1426 40.

315 1783 421 1823 141.

312 2862 420 2905 142.

448 409 522 451 ‘272
920 402 997 443 DE
1025 403 1290 444 ORATORE

447 533 583 565 mum
605 515 763 565 virum
787 515 1126 576 Timotheum,
1158 514 1391 574 Cononis,
1415 512 1766 579 praestantissi-

446 597 515 643 mi
538 595 857 659 imperatoris,
895 595 1062 651 filium,
1101 611 1345 642 summum
1375 594 1534 657 ipsum
1560 591 1765 654 impera-

447 682 623 732 torem,
647 673 993 737 hominemque
1030 673 1365 721 doctissimum
1387 673 1403 720 ?
1440 678 1523 718 aut
1548 669 1651 717 aliis
1678 669 1770 732 Py-

447 752 712 816 thagoreus
752 751 833 799 ille
872 752 1012 816 Lysis
1038 752 1331 799 Thebanum
1357 747 1768 813 Epaminondam,

447 835 581 883 haud
606 836 708 884 scio
732 852 793 882 an
818 850 1061 881 summum
1080 833 1237 879 virum
1262 830 1416 879 unum
1442 832 1598 879 omnis
1615 830 1769 878 Grae-

451 915 554 962 ciae
573 915 589 962 ?
625 922 709 961 aut
734 912 1013 975 Xenophon
1036 910 1323 973 Agesilaum
1342 911 1357 956 ?
1394 919 1479 956 aut
1499 908 1770 955 Philolaum

451 992 699 1056 Archytas
731 990 1065 1037 Tarentinus?
1102 996 1186 1035 aut
1222 989 1326 1051 ipse
1366 986 1666 1051 Pythagoras
1700 993 1774 1031 to-

450 1078 553 1117 tam
577 1069 709 1115 illam
733 1075 950 1114 veterem
977 1065 1147 1112 Italiae
1174 1064 1455 1122 Graeciam,
1473 1080 1595 1126 quae
1621 1077 1773 1126 quon-

454 1147 567 1194 dam
611 1145 800 1209 Magna
835 1144 1050 1192 vocitata
1087 1143 1192 1190 est?
1237 1142 1479 1205 Equidem
1515 1157 1615 1189 non
1650 1140 1772 1188 arbi-

452 1232 570 1271 tror.

519 1302 598 1350 Sic
635 1302 765 1350 enim
800 1302 964 1360 video,
998 1318 1146 1349 unam
1183 1300 1428 1365 quandam
1454 1299 1672 1346 omnium
1703 1313 1775 1344 re-

452 1397 579 1439 rum,
605 1397 728 1443 quae
755 1388 917 1428 essent
951 1379 1148 1427 homine
1185 1379 1378 1427 erudito
1405 1379 1601 1442 dignae,
1626 1384 1773 1438 atque

453 1474 527 1514 eo,
556 1459 638 1521 qui
661 1459 711 1505 in
736 1458 988 1522 republica
1011 1458 1160 1506 vellet
1190 1457 1447 1513 excellere,
1485 1456 1634 1503 fuisse
1660 1455 1775 1502 doc-

451 1537 629 1583 trinam
651 1557 664 1595 3
707 1553 851 1600 quam
877 1537 959 1599 qui
984 1537 1306 1600 accepissent,
1338 1536 1376 1583 si
1400 1535 1549 1582 iidem
1572 1531 1773 1596 ingenio

452 1614 514 1661 ad
538 1614 955 1677 pronuntiandum
980 1614 1264 1673 valuissent,
1281 1622 1330 1661 et
1349 1630 1399 1662 se
1419 1614 1482 1661 ad
1507 1611 1774 1659 dicendum

452 1708 665 1756 quoque,
700 1709 799 1740 non
835 1703 1141 1758 repugnante
1167 1701 1359 1751 natura,
1385 1691 1653 1748 dedissent,
1678 1688 1775 1738 elo-

454 1770 654 1833 quentia
699 1771 1012 1833 praestitisse.
1089 1771 1263 1834 Itaque
1310 1770 1412 1834 ipse
1462 1767 1774 1826 Aristoteles,

454 1864 567 1895 cum
607 1848 780 1896 florere
819 1849 1086 1897 Isocratem
1123 1849 1378 1897 nobilitate
1421 1846 1772 1911 discipulorum

451 1926 657 1983 videret,
697 1927 829 1991 quod
865 1929 968 1992 ipse
1004 1945 1113 1975 suas
1150 1928 1519 1992 disputationes,
1558 1943 1586 1973 a
1618 1925 1776 1973 causis

449 2004 725 2054 forensibus
751 2015 801 2054 et
825 2007 1065 2066 civilibus,
1101 2008 1164 2055 ad
1198 2007 1394 2055 inanem
1419 2005 1655 2054 sermonis
1679 2004 1776 2053 ele-

450 2084 669 2146 gantiam
717 2085 1060 2144 transtulisset,
1112 2086 1322 2133 mutavit
1366 2093 1571 2149 repente
1617 2092 1773 2132 totam

448 2159 657 2208 formam
681 2179 833 2225 prope
851 2162 1134 2226 disciplinae
1161 2165 1294 2222 suae,
1313 2180 1604 2227 versumque
1624 2179 1775 2227 quen-

451 2237 565 2285 dam
608 2239 911 2288 Philoctetae
950 2241 1096 2305 paulo
1135 2259 1275 2289 secus
1317 2243 1473 2290 dixit:
1523 2241 1604 2290 ille
1643 2242 1774 2290 enim

451 2324 595 2379 turpe
637 2317 725 2364 sibi
766 2318 835 2365 ait
875 2335 979 2367 esse
1020 2327 1205 2377 tacere,
1241 2337 1353 2367 cum
1381 2319 1772 2379 Barba1·os;'hic

452 2401 637 2452 autem,
662 2411 775 2442 cum
801 2396 1067 2444 Isocratem
1092 2405 1344 2460 pateretur
1367 2397 1549 2445 dicere.
1597 2398 1773 2461 Itaque

451 2473 643 2520 ornavit
684 2480 734 2520 et
773 2472 1032 2522 illustravit
1073 2474 1347 2522 doctrinam
1388 2474 1519 2522 illam
1557 2491 1770 2532 omnem,

420 2565 713 2618 *rerumque
756 2552 1090 2616 cognitionem
1129 2569 1242 2600 cum
1278 2553 1510 2601 orationis
1535 2554 1774 2602 exercita-

450 2627 586 2676 tione
611 2628 883 2693 conjunxit.
953 2632 1132 2694 Neque
1169 2648 1285 2679 vero
1314 2631 1409 2679 hoc
1433 2630 1563 2695 fugit
1586 2632 1773 2696 sapien-

449 2705 690 2754 tissimum
714 2725 901 2772 regem,
939 2708 1238 2773 Philippum,
1274 2709 1357 2772 qui
1392 2709 1525 2758 hune
1557 2709 1772 2758 Alexan-

452 2782 540 2830 dro
562 2784 661 2832 filio
686 2785 939 2835 doctorem
974 2788 1194 2846 accierit,
1229 2804 1258 2834 a
1292 2804 1390 2851 quo
1415 2787 1589 2835 eodem
1613 2786 1694 2834 ille
1719 2794 1770 2834 et

452 2862 631 2924 agendi
665 2865 914 2928 acciperet
940 2874 1205 2935 praecepta
1228 2874 1279 2915 et
1300 2865 1550 2930 loquendi.
1596 2864 1768 2927 ‚Nunc
