2071 3508
307 1245 414 1285 141.

447 427 524 462 ΜΟ
931 422 1008 463 DE
1037 421 1304 463 ORATORE

445 530 652 590 infinita,
689 530 728 577 si
766 530 815 577 in
850 532 1068 595 personis
1092 531 1324 595 ponitur-3
1363 536 1483 593 quot
1523 527 1759 585 homines,

445 616 521 658 tot
545 625 748 657 causae:
786 609 860 656 sin
898 609 961 657 ad
1001 625 1238 672 generum
1272 608 1520 655 universas
1557 607 1764 670 quaesti-

445 703 563 735 ones
603 686 912 747 referuntur5
950 688 1019 735 ita
1059 687 1301 745 modicae,
1337 694 1388 733 et
1421 702 1607 749 paucae
1632 693 1764 744 sunt,

444 773 502 813 ut
526 782 695 814 omnes
720 783 818 825 eas,
844 765 1123 829 diligentes,
1166 772 1216 812 et
1250 781 1508 822 memores,
1545 772 1595 812 et
1619 763 1765 811 sobrii

445 851 660 891 oratores
696 859 949 908 percursas
974 843 1151 898 animo,
1191 849 1258 899 et,
1293 857 1445 905 prope
1471 842 1646 898 dicam,
1685 842 1767 889 de-

447 929 666 978 cantatas
703 921 883 969 habere
909 920 1152 968 debeant:
1190 918 1283 965 nisi
1307 917 1434 965 forte
1460 918 1766 978 existimatis,

445 1016 473 1048 a
498 999 672 1047 Man-io
698 998 848 1046 Curio
873 1014 1068 1046 causam
1094 997 1321 1047 didicisse
1347 996 1406 1043 L.
1429 996 1687 1055 Crassum3
1715 1004 1768 1045 et

447 1095 505 1126 ea
527 1094 579 1125 re
603 1076 757 1124 multa
776 1075 1013 1133 att-ulisse,
1033 1076 1367 1139 quamobrem,
1385 1075 1648 1138 posthumo
1666 1091 1768 1123 non

446 1164 582 1214 nato,
618 1155 823 1203 Curium
858 1162 1024 1202 tamen
1060 1153 1320 1201 haeredem
1346 1152 1555 1217 Coponii
1580 1170 1684 1201 esse
1719 1170 1769 1202 o-

446 1240 678 1297 porteret.
749 1231 889 1279 Nihil
926 1231 989 1279 ad
1024 1231 1216 1295 copiam
1241 1239 1660 1295 argumentorum,
1684 1248 1768 1280 ne-

447 1328 542 1376 que
567 1310 630 1359 ad
655 1327 828 1359 causae
851 1310 951 1357 vim
981 1326 1038 1357 ac
1075 1316 1316 1365 naturam,
1352 1325 1534 1358 nomen
1558 1310 1769 1374 Coponii

447 1398 532 1438 aut
558 1390 694 1438 Curii
717 1389 956 1453 pertinuit
977 1407 988 1436 z
1027 1389 1078 1435 in
1112 1404 1295 1452 genere
1320 1396 1425 1436 erat
1446 1389 1674 1437 universo
1697 1389 1769 1438 rei

446 1469 750 1533 negotiique,
775 1484 874 1515 non
892 1468 943 1515 in
961 1475 1183 1531 tempore
1208 1484 1265 1515 ac
1290 1467 1587 1526 nominibus,
1611 1468 1770 1516 omnis

447 1548 700 1612 quaestio:
741 1547 867 1595 Cum
906 1547 1141 1610 scriptum
1170 1546 1240 1593 ita
1263 1546 1342 1605 sit,
1382 1546 1434 1594 S1
1459 1562 1579 1594 MIHI
1605 1562 1768 1595 FILIUS

447 1643 691 1685 GENITUR,
715 1642 861 1678 ISQUE
882 1641 1027 1673 Palus
1047 1639 1297 1683 MORITUR,
1321 1632 1371 1672 et
1397 1632 1620 1684 caetera3
1658 1640 1770 1672 TUM

448 1721 515 1753 UT
541 1721 662 1752 MIHI
686 1720 802 1752 ILLE
829 1721 903 1752 srr
928 1720 1153 1763 HAEREs3
1193 1704 1231 1750 si
1255 1711 1398 1751 natus
1415 1703 1540 1750 filius
1564 1719 1663 1750 non
1688 1704 1768 1763 sit,

449 1784 739 1832 videaturne
779 1783 838 1841 is,
876 1783 959 1846 qui
982 1782 1080 1830 filio
1104 1789 1299 1829 mortuo
1323 1782 1575 1830 institutus
1597 1781 1768 1830 haeres

399 1898 412 1911 .
450 1862 526 1918 sit,
552 1862 722 1910 haeres
748 1861 887 1910 esse?
927 1861 1157 1925 Perpetui
1184 1860 1327 1924 juris,
1365 1868 1415 1908 et
1448 1860 1662 1908 universi
1685 1877 1768 1925 ge-

449 1941 577 1988 neris
602 1940 821 2004 quaestio
857 1955 956 1986 non
990 1938 1244 1986 hominum
1269 1939 1485 1997 nomina,
1516 1939 1603 1987 sed
1626 1939 1769 1987 ratio-

450 2035 563 2067 nem
590 2017 807 2075 dicendi,
833 2024 883 2064 et
907 2024 1307 2080 argumentorum
1326 2014 1487 2063 fontes
1507 2015 1767 2067 desiderat.

407 2138 418 2150 .
452 2097 512 2144 In
537 2113 633 2160 quo
659 2096 807 2144 etiam
831 2095 910 2142 isti
934 2111 1022 2142 nos
1038 2093 1377 2158 jurisconsulti
1411 2094 1706 2158 impediunt,
1740 2112 1770 2143 a

451 2175 785 2237 discendoque
811 2173 1076 2221 deterrent.
1144 2172 1307 2220 Video
1339 2172 1469 2220 enim
1493 2172 1543 2220 in
1570 2172 1771 2222 Catonis

451 2261 502 2302 et
527 2252 668 2300 Bruti
690 2251 823 2299 libris
847 2251 1136 2298 nominatim
1151 2249 1254 2298 fere
1273 2250 1461 2309 referri,
1479 2251 1600 2314 quid
1623 2251 1769 2300 alicui

451 2332 512 2380 de
527 2330 640 2395 jure
664 2330 768 2378 viro
792 2336 876 2376 aut
900 2328 1091 2376 mulieri
1114 2328 1484 2392 responderint3
1524 2328 1688 2385 credo,
1714 2337 1772 2377 ut

448 2416 751 2474 putaremus,
785 2407 837 2452 in
860 2406 1156 2463 hominibus,
1192 2421 1292 2453 non
1315 2406 1366 2452 in
1390 2422 1460 2464 re,
1486 2405 1769 2455 consultati-

451 2487 574 2545 onis,
612 2493 698 2532 aut
738 2483 1056 2531 dubitationis
1098 2499 1293 2531 causam
1333 2483 1543 2547 aliquam
1583 2483 1768 2546 fiiisse3

450 2572 525 2623 ut,
566 2563 700 2627 quod
728 2562 951 2609 homines
986 2569 1148 2609 essent
1181 2561 1578 2620 innumerabiles,
1602 2561 1772 2611 debili-

451 2642 542 2690 tati
582 2658 611 2688 a
641 2640 753 2705 jure
792 2638 1157 2703 cognoscendo,
1202 2637 1506 2687 voluntatem
1548 2640 1770 2690 discendi

454 2719 597 2768 simul
634 2735 748 2768 cum
786 2734 870 2782 spe
908 2716 1220 2782 perdiscendi
1260 2716 1597 2782 abjiceremus.
1672 2719 1769 2768 Sed

453 2798 576 2846 haec
602 2798 802 2845 Crassus
825 2795 1087 2860 aliquando
1110 2795 1250 2844 nobis
1275 2796 1524 2861 expediet,
1548 2804 1598 2844 et
1622 2813 1769 2861 expo-

455 2882 543 2926 net
582 2874 827 2941 descripta
861 2873 1150 2940 generatim.
1221 2873 1312 2924 Est
1351 2874 1497 2934 enim,
1539 2890 1602 2930 ne
1640 2873 1768 2928 forte
