2071 3508
469 398 527 439 22*
944 391 1024 436 ΠΕ
1053 391 1320 435 ORATORE

472 510 564 558 dae
583 506 832 565 orationiS,
852 505 1031 553 diserte
1046 505 1098 552 id
1112 505 1270 569 ipsum
1287 519 1447 567 posse,
1463 499 1523 549 de
1541 516 1637 564 quo
1653 498 1800 554 sciat,

474 589 655 638 dicere.

357 641 458 701 15·
544 665 877 725 Quamobrem
929 662 1077 726 siquis
1128 660 1402 707 universam
1456 665 1506 705 et
1549 655 1794 721 propriam

366 732 446 776 64.

372 1144 450 1186 65.

381 1923 460 1965 66.

389 2470 467 2516 67.

476 746 680 797 oratoris
715 744 813 791 vim
849 740 1049 788 definire
1075 736 1435 801 complectique
1458 734 1593 793 vult3
1631 732 1671 780 is
1695 748 1802 780 ora-

477 835 555 875 tor
580 825 689 882 erit,
709 839 819 869 mea
837 818 1100 875 sententia,
1117 816 1212 863 hoc
1236 823 1337 862 tarn
1356 813 1493 877 gravi
1518 812 1696 875 dignus
1714 827 1798 858 no-

479 905 631 962 mine,
673 901 773 965 qui,
816 911 1137 962 quaecunque
1175 910 1251 940 res
1291 891 1537 948 inciderit,
1579 905 1704 953 quae
1739 889 1803 936 sit

480 981 698 1030 dictione
722 974 1031 1042 explicanda,
1054 971 1342 1037 prudenter,
1366 976 1418 1017 et
1441 967 1729 1032 composite,
1753 973 1806 1014 et

481 1068 672 1118 ornate,
710 1066 761 1106 et
788 1053 1070 1103 memoriter
1095 1051 1246 1107 dicat,
1271 1065 1384 1097 cum
1420 1047 1630 1112 quadam
1656 1045 1804 1093 etiam

482 1138 689 1188 actionis
715 1134 972 1198 dignitate.
1045 1130 1127 1178 Sin
1153 1128 1365 1192 cuipiam
1394 1126 1537 1174 nimis
1560 1123 1806 1172 infinitum

481 1216 696 1272 videtur,
717 1211 849 1276 quod
872 1211 941 1257 ita
963 1206 1195 1272 proposui
1219 1221 1490 1269 quacunque
1514 1206 1573 1251 de
1593 1219 1666 1260 re,
1687 1201 1808 1252 licet

481 1294 618 1350 hinc,
637 1297 875 1354 quantum
901 1287 1078 1347 cuique
1102 1284 1368 1340 videbitur,
1393 1281 1717 1329 circumcidat
1738 1289 1812 1330 at-·

483 1386 580 1435 que
599 1371 851 1430 amputet:
878 1371 1045 1410 tamen
1060 1358 1183 1406 illud
1201 1359 1401 1417 tenebo,
1418 1358 1475 1417 si,
1492 1374 1616 1421 quae
1632 1360 1809 1408 ceteris

483 1449 535 1497 in
560 1446 744 1494 artibus
781 1448 866 1489 aut
904 1437 1076 1486 studiis
1112 1437 1204 1484 sita
1238 1444 1370 1495 sunt,
1402 1443 1565 1484 orator
1597 1437 1812 1500 ignoret,

484 1533 778 1586 tantumque
803 1535 862 1568 ea
883 1523 1070 1574 teneat,
1094 1531 1218 1579 quae
1251 1514 1348 1562 sint
1370 1515 1422 1561 in
1447 1514 1821 1578 disceptationi--

484 1606 595 1663 bus,
615 1610 762 1666 atque
776 1599 828 1646 in
842 1614 934 1645 usu
948 1594 1129 1642 forensi
1145 1614 1158 1654 3
1185 1602 1351 1641 tamen
1368 1593 1441 1640 his
1458 1592 1519 1640 de
1534 1594 1679 1641 rebus
1695 1594 1812 1659 ipsis

488 1685 527 1732 si
552 1684 614 1732 sit
638 1681 683 1729 ei
708 1676 993 1734 dicendum,
1011 1690 1124 1721 cum
1144 1672 1433 1737 cognoverit
1456 1673 1516 1720 ab
1540 1672 1616 1731 iis,
1636 1673 1719 1736 qui
1742 1680 1813 1721 te·

489 1769 630 1819 nent,
667 1774 791 1823 quae
827 1755 924 1803 sint
954 1753 1004 1799 in
1041 1769 1232 1816 quaque
1267 1768 1337 1810 re,
1373 1750 1529 1798 multo
1570 1758 1813 1800 oratorem

490 1839 683 1896 melius,
709 1851 854 1900 quam
878 1833 1007 1897 ipsos
1031 1830 1157 1889 illos,
1183 1847 1389 1894 quorum
1411 1846 1504 1877 eae
1530 1838 1644 1877 sunt
1667 1838 1813 1890 artes,

492 1933 597 1966 esse
622 1916 887 1964 dicturum.
958 1909 1037 1956 Ita
1066 1909 1104 1956 si
1136 1908 1198 1956 de
1233 1925 1285 1955 re
1321 1907 1517 1955 militari
1548 1908 1814 1957 dicendum

490 1996 607 2045 huic
641 1993 733 2042 erit
758 1988 992 2053 Sulpicio,
1012 1994 1213 2050 quaeret
1238 2003 1265 2033 a
1291 1986 1348 2033 C.
1368 1986 1530 2033 Mario
1554 1986 1684 2033 affini
1708 2003 1817 2035 nos-

491 2083 589 2133 tro,
614 2079 682 2131 et,
700 2085 811 2119 cum
829 2065 1095 2130 acceperit,
1114 2065 1181 2112 ita
1203 2065 1559 2128 pronuntiabit,
1573 2073 1630 2112 ut
1647 2065 1738 2129 ipsi
1758 2065 1816 2114 C.

497 2151 660 2200 Mario
677 2164 805 2214 pene
823 2147 905 2193 hic
929 2144 1120 2202 melius,
1146 2160 1290 2207 quam
1316 2144 1418 2207 ipse
1442 2143 1523 2191 ille
1543 2144 1666 2192 scire
1685 2144 1819 2194 vide-

497 2238 638 2278 atur:
678 2227 751 2274 sin
788 2225 850 2272 de
877 2223 988 2287 jure
1020 2221 1185 2280 civili;
1223 2229 1391 2268 tecum
1417 2222 1819 2284 communicabit,

495 2317 644 2372 teque
668 2303 917 2352 hominem
931 2299 1371 2364 prudentissimum
1392 2307 1443 2346 et
1455 2300 1821 2363 peritissimum,

498 2387 549 2434 in
563 2385 620 2432 iis
636 2382 750 2448 ipsis
765 2381 928 2437 rebus,
943 2394 1060 2441 quas
1077 2378 1160 2425 abs
1175 2386 1224 2424 te
1242 2376 1487 2436 didicerit,
1504 2378 1700 2425 dicendi
1716 2387 1821 2428 arte

500 2461 770 2528 superabit:
792 2458 865 2505 sin
883 2473 1005 2520 quae
1024 2472 1100 2504 res
1116 2455 1362 2513 inciderit,
1374 2455 1424 2502 in
1441 2472 1536 2519 qua
1552 2457 1614 2504 de
1629 2464 1822 2517 natura,

502 2541 563 2590 de
587 2540 718 2589 vitiis
751 2537 1025 2594 hominum,
1067 2535 1128 2582 de
1166 2534 1533 2598 cupiditatibus,
1570 2535 1631 2583 de
1655 2536 1822 2596 modo,

503 2619 565 2667 de
590 2614 913 2672 continentia,
955 2613 1015 2660 de
1053 2612 1238 2670 dolore,
1275 2612 1336 2660 de
1373 2621 1529 2661 morte
1556 2614 1823 2662 dicendum

504 2697 565 2744 sit
587 2716 599 2755 3
637 2694 859 2751 forsitan,
896 2691 934 2738 si
971 2691 1015 2739 ei
1040 2691 1102 2738 sit
1124 2691 1299 2749 visum,
1337 2692 1453 2755 (etsi
1475 2692 1598 2740 haec
1623 2693 1822 2756 quidem

505 2790 647 2821 nosse
672 2773 820 2820 debet
843 2772 1029 2834 orator)
1066 2789 1179 2820 cum
1204 2773 1315 2820 Sex.
1345 2773 1597 2838 Pompeio,
1632 2775 1826 2823 erudito

509 2850 709 2900 homine
733 2851 784 2899 in
807 2850 1131 2916 philosophia,
1155 2851 1528 2901 communicarit
1551 2870 1562 2899 :
1599 2853 1694 2902 hoc
1716 2870 1824 2918 pro-
