2071 3508
751 376 1124 423 ORATORIBUS.
1527 384 1602 426 401

270 489 368 539 Sed
392 491 456 540 ad
481 508 582 552 eos,
624 488 663 540 si
686 490 872 555 placet,
915 492 999 554 qui
1023 491 1126 539 vita
1150 499 1487 548 excesserunt,
1530 509 1605 542 re-

267 577 531 619 vertamur.

332 649 390 697 C.
417 648 628 697 Sicinius
651 646 824 711 igitur,
861 647 926 704 Q.
955 646 1178 712 Pompeii
1202 647 1351 707 illius,
1377 648 1460 713 qui
1486 664 1599 697 cen·
1634 647 1739 708 76,

264 741 342 774 sor
363 725 475 782 fuit,
513 718 699 774 ex‘filia
722 742 895 790 nepos,
926 725 1233 791 quaestorius
1257 734 1481 776 mortuus
1506 735 1598 787 est,

258 804 525 869 probabilis
560 812 755 853 orator:
784 804 891 869 jam
915 821 1034 853 vero
1059 805 1208 853 etiam
1241 806 1496 870 probatus,
1533 822 1598 855 ex

258 881 351 930 hac
389 883 526 948 inopi
567 884 632 932 ad
669 883 962 940 ornandum,
1013 883 1101 932 sed
1140 883 1205 931 ad
1237 883 1594 933 inveniendum

256 960 509 1025 expedita,
548 961 892 1026 Hermagorae
933 960 1209 1026 disciplina.
1281 961 1356 1009 Ea
1397 961 1484 1009 dat
1524 979 1598 1009 ra„

255 1038 417 1088 tiones
454 1048 614 1089 certas
639 1048 691 1089 et
713 1047 983 1106 praecepta
1008 1040 1209 1088 dicendi
1233 1057 1244 1088 :
1283 1056 1410 1105 quae
1441 1041 1480 1089 si
1505 1042 1593 1088 mi-

253 1135 426 1167 norem
450 1119 638 1169 habent
661 1127 952 1185 apparatum
989 1123 1130 1185 (sunt
1154 1119 1285 1168 enim
1312 1119 1484 1182 exilia)
1521 1129 1592 1170 ta-

254 1213 370 1245 men
394 1198 581 1248 habent
605 1199 850 1258 ordinem,
887 1206 938 1246 et
974 1198 1210 1263 quasdam
1247 1215 1409 1248 errare
1444 1200 1496 1246 in
1521 1199 1592 1247 di-

254 1276 418 1325 cendo
457 1293 558 1325 non
599 1277 846 1342 patientes
881 1276 998 1325 vias.
1073 1277 1179 1325 Has
1202 1277 1284 1325 ille
1310 1286 1505 1336 tenens,
1541 1288 1592 1328 et

252 1363 453 1419 paratus
478 1356 542 1404 ad
567 1373 737 1405 causas
755 1356 980 1414 veniens,
1004 1358 1267 1404 verborum
1293 1373 1393 1404 non
1419 1374 1591 1421 egens,

250 1435 358 1499 ipsa
381 1435 464 1483 illa
489 1436 858 1501 comparatione
883 1435 1241 1501 disciplinaque
1268 1436 1469 1485 dicendi
1485 1436 1589 1500 jam

251 1514 303 1562 in
338 1523 660 1580 patronorum
702 1530 964 1562 numerum
1005 1522 1316 1578 pervenerat⁴
1387 1515 1509 1562 Erat
1545 1533 1592 1563 c-

251 1594 372 1642 tiam
411 1594 485 1642 vir
525 1593 704 1642 doctus
741 1594 793 1640 in
833 1593 1004 1657 primis
1047 1593 1104 1640 C.
1137 1592 1372 1641 Visellius
1411 1593 1590 1653 Varro,

251 1673 575 1722 consobrinus
611 1689 766 1729 meus,
806 1672 889 1736 qui
914 1670 1011 1721 fuit
1048 1689 1162 1719 cum
1203 1671 1387 1720 Sicinio
1425 1680 1589 1722 aetate

250 1751 564 1818 conjunctus.
637 1751 702 1808 Is,
749 1767 862 1799 cum
887 1760 1001 1815 post
1037 1750 1260 1799 curulem
1286 1751 1593 1800 aedilitatem

241 1831 404 1897 judex
441 1830 744 1896 quaestionis
783 1838 926 1886 esset,
983 1836 1058 1878 est
1100 1838 1353 1878 mortuus:
1398 1831 1451 1878 in
1493 1849 1591 1896 quo

248 1911 410 1960 sateor
432 1910 571 1975 vulgi
599 1908 849 1974 judicium
875 1926 904 1956 a
925 1908 1120 1973 judicio
1149 1925 1261 1956 meo
1287 1909 1588 1959 dissensisse.

253 1991 384 2040 Nam
409 1989 595 2055 populo
619 2005 720 2037 non
746 1995 852 2037 erat
877 1988 993 2037 satis
1018 1987 1281 2036 vendibilis
1303 2006 1314 2036 ε
1352 2005 1591 2055 praeceps

251 2070 515 2134 quaedam,
552 2077 605 2117 et
628 2085 744 2117 cum
767 2068 957 2116 idcirco
983 2068 1211 2126 obscura,
1248 2067 1363 2131 quia
1385 2084 1608 2132 peracu-⁴

248 2157 318 2209 ta,
343 2157 451 2198 tum
475 2148 666 2214 rapida,
691 2154 742 2196 et
767 2146 1023 2195 celeritate
1049 2154 1252 2194 caecata
1275 2147 1463 2196 oratio:
1503 2149 1591 2198 sed

247 2245 410 2296 neque
434 2228 596 2277 verbis
634 2227 876 2292 aptiorem
920 2226 1020 2274 cito
1062 2225 1212 2273 alium
1238 2225 1464 2284 dixerim,
1504 2245 1589 2277 ne.

247 2326 346 2375 que
389 2307 648 2357 sententiis
691 2305 1007 2355 crebriorem.
1093 2304 1358 2359 Praeterea
1396 2305 1586 2371 perfec-

247 2397 328 2440 tus
364 2389 417 2436 in
457 2388 631 2446 literis,
658 2385 884 2451 jurisque
911 2384 1068 2433 civilis
1101 2383 1206 2449 jam
1231 2402 1260 2433 a
1282 2393 1423 2450 patre
1451 2386 1588 2436 Acu-

244 2467 391 2517 leone
410 2468 643 2517 traditam
661 2468 826 2518 tenuit
845 2467 1172 2532 disciplinam.
1224 2467 1427 2532 Reliqui
1451 2479 1586 2530 sunt,

245 2547 331 2613 qui
349 2547 532 2596 mortui
556 2548 672 2610 sint,
697 2548 757 2595 L.
776 2548 1075 2611 TorquatUS‚
1103 2563 1250 2611 quem
1275 2554 1332 2594 tu
1356 2563 1457 2596 non
1481 2555 1586 2597 tam

246 2627 348 2675 cito
371 2626 621 2675 rhetorem
646 2627 852 2674 dixisses
895 2626 1012 2691 (etsi
1048 2642 1149 2673 non
1186 2625 1359 2675 deerat
1381 2627 1580 2690 oratio),

245 2722 394 2771 quam
434 2713 492 2754 ut
526 2705 711 2755 Graeci
750 2705 944 2765 dicunt,
982 2708 1187 2754 πολιτικόν.
1260 2705 1417 2754 Erant
1445 2707 1496 2754 in
1522 2723 1583 2756 eo

242 2784 484 2851 plurimae
517 2784 709 2844 literae,
745 2800 839 2832 nec
865 2799 952 2832 eae
975 2783 1223 2849 vulgares,
1260 2783 1348 2832 sed
1382 2784 1583 2834 interio-

245 2880 323 2914 res
361 2863 606 2931 quaedam
641 2871 694 2914 et
729 2861 1052 2913 reconditae:
1105 2862 1274 2926 divina
1326 2865 1582 2936 memoria,

1165 2958 1193 2991 c
1219 2959 1247 2991 c
