2071 3508
276 1086 384 1148 46.

281 1181 300 1219 1
311 1181 388 1220 80.

283 2357 390 2399 181.

422 441 502 480 ‘286
898 438 975 478 DE
1004 437 1273 478 ORATORE

421 548 680 608 mantium,
714 548 923 597 formam
960 556 1012 597 et
1050 548 1286 614 figuram:
1337 545 1521 596 nullam
1556 552 1747 611 partem‘

421 629 638 692 corporis
661 628 765 677 sine
791 628 953 693 aliqua
989 628 1283 678 necessitate
1307 624 1537 685 affictam,
1572 633 1750 673 totam-

420 721 516 770 que
540 705 748 755 formam
773 706 909 771 quasi
926 706 1200 770 perfectam
1224 698 1478 770 reperietis
1502 712 1625 763 arte,
1648 715 1750 751 non

419 800 552 833 casu.
624 785 761 842 Quid
801 784 854 831 in
894 784 1165 842 arboribUS,
1200 784 1251 830 in
1291 783 1466 847 quibus
1490 798 1591 830 non
1614 789 1751 830 trun-

420 879 526 922 cus,
560 879 661 911 non
699 862 836 918 rami,
875 877 976 909 non
1010 860 1129 908 folia
1153 869 1268 909 sunt
1292 861 1524 924 denique,
1559 860 1652 908 nisi
1687 859 1752 908 ad

420 956 555 989 suam
603 941 913 990 retinendam
961 940 1446 1003 conservandamque
1487 939 1751 987 naturam?

420 1035 660 1083 nusquam
684 1027 851 1067 tamen
877 1027 952 1067 est
974 1018 1074 1066 ulla
1096 1035 1225 1083 pars,
1261 1019 1354 1066 nisi
1378 1025 1601 1066 venusta.

486 1098 791 1162 Linquamus
805 1105 1050 1156 naturam,
1065 1106 1291 1162 artesque
1306 1097 1577 1146 videamus.
1615 1095 1753 1154 Quid

419 1183 520 1224 tam
547 1177 599 1224 in
623 1176 822 1240 navigio
846 1176 1193 1234 necessarium,
1229 1192 1375 1239 quam
1398 1175 1571 1234 latera,
1607 1191 1753 1239 quam

421 1271 680 1314 cavernae,
717 1270 863 1319 quam
897 1271 1060 1319 prora,
1097 1270 1242 1318 quam
1267 1253 1463 1318 puppis,
1499 1269 1646 1317 quam
1670 1269 1754 1301 an-

419 1340 621 1392 tennae,
670 1350 817 1398 quam
857 1333 984 1392 vela,
1037 1349 1183 1397 quam
1224 1332 1372 1380 mali?
1421 1344 1548 1396 quae
1585 1339 1754 1380 tamen

421 1411 550 1459 hanc
591 1412 776 1460 habent
815 1412 867 1458 in
909 1412 1073 1476 specie
1108 1419 1435 1468 venustatem,
1475 1418 1533 1459 ut
1554 1427 1656 1459 non
1681 1427 1756 1459 so-

420 1489 525 1537 lum
550 1490 737 1548 salutis,
773 1490 861 1537 sed
885 1489 1034 1536 etiam
1057 1489 1324 1554 voluptatis
1349 1506 1514 1550 causa,
1553 1490 1757 1538 inventa

423 1585 528 1617 esse
552 1569 830 1617 videantur.
901 1567 1174 1616 Columnae
1216 1577 1266 1617 et
1302 1568 1488 1633 templa
1528 1576 1579 1617 et
1606 1569 1757 1634 porti-

425 1663 511 1695 cus
536 1648 811 1706 sustinent,
858 1654 1024 1695 tamen
1047 1646 1233 1694 habent
1255 1663 1355 1695 non
1378 1647 1488 1711 plus
1511 1647 1756 1708 utilitatis,

425 1741 571 1789 quam
614 1726 883 1790 dignitatis.
968 1725 1199 1790 Capitolii
1240 1723 1491 1790 fastigium
1526 1725 1667 1785 illud,
1703 1734 1756 1775 et

423 1812 729 1853 caeterarum
771 1805 986 1863 aedium,
1022 1820 1121 1853 non
1146 1812 1395 1863 venustas,
1431 1804 1518 1852 sed
1541 1805 1753 1853 necessi-

421 1890 495 1930 tas
535 1883 641 1947 ipsa
680 1882 919 1931 fabricata
954 1890 1060 1930 est:
1110 1898 1223 1929 nam
1264 1899 1379 1930 cum
1417 1891 1546 1930 esset
1585 1883 1756 1932 habita

419 1962 563 2020 rati0,
613 1959 1033 2024 quemadmodum
1075 1976 1137 2007 ex
1177 1968 1385 2023 utraque
1431 1961 1554 2008 tecti
1606 1969 1750 2026 parte

419 2058 546 2106 aqua
569 2039 899 2097 delaberetur,
924 2038 1191 2087 utilitatem
1214 2038 1389 2102 templi
1423 2037 1609 2104 fastigii
1645 2040 1753 2105 dig-

419 2120 546 2167 nitas
572 2126 839 2167 consecuta
880 2126 988 2177 est,
1032 2125 1103 2173 ut,
1131 2117 1278 2165 etiam
1305 2117 1343 2164 si
1367 2118 1418 2165 in
1444 2118 1583 2166 coelo
1608 2118 1754 2184 Capi-

420 2198 594 2246 tolium
631 2204 944 2251 statueretur,
981 2197 1066 2243 ubi
1101 2196 1258 2244 imber
1293 2212 1396 2244 esse
1433 2213 1534 2244 non
1565 2205 1752 2261 posset,

420 2275 606 2323 nullam
631 2276 735 2323 sine
759 2273 957 2337 fastigio
982 2273 1275 2338 dignitatem
1294 2274 1576 2322 habiturum
1599 2275 1752 2324 fuisse

421 2354 662 2402 videatur.
725 2353 840 2400 Hoc
859 2353 911 2399 in
935 2353 1160 2400 omnibus
1185 2352 1305 2400 item
1328 2353 1548 2416 partibus
1573 2354 1752 2402 oratio-

422 2433 497 2481 nis
521 2432 700 2488 evenit‚
738 2439 795 2479 ut
817 2431 1101 2490 utilitatem,
1126 2447 1183 2478 ac
1206 2448 1359 2495 prope
1384 2431 1751 2494 necessitatem,

421 2512 634 2560 suavitas
669 2510 910 2575 quaedam
951 2518 1002 2558 et
1031 2509 1167 2574 lepos
1193 2518 1536 2574 consequatur.
1606 2510 1753 2560 Clau..

422 2590 549 2638 sulas
573 2590 706 2638 enim
730 2597 877 2654 atque
901 2588 1218 2653 interpuncta
1241 2589 1522 2649 verborum,
1557 2590 1750 2639 animae

420 2668 707 2718 interclusio
747 2675 895 2732 atque
933 2668 1187 2732 angustiae
1228 2668 1424 2733 spiritus
1459 2667 1749 2718 attulerunt.

424 2747 486 2794 Id
509 2748 765 2796 inventum
789 2747 859 2795 ita
884 2754 957 2795 est
981 2764 1146 2806 suave,
1171 2754 1241 2803 ut,
1273 2747 1313 2794 si
1338 2747 1418 2794 cui
1442 2747 1505 2794 sit
1527 2746 1746 2795 infinitus

423 2825 618 2889 spiritus
642 2827 800 2883 datus,
836 2834 1004 2874 tamen
1040 2842 1152 2874 eum
1175 2833 1467 2890 perpetuare
1491 2825 1641 2874 verba
1662 2840 1749 2873 no-

421 2901 582 2952 limus.
651 2904 714 2952 Id
751 2905 881 2954 enim
916 2905 1114 2954 auribus
1146 2904 1324 2954 nostris
1345 2911 1543 2970 gratum
1566 2910 1642 2954 est
1673 2902 1747 2951 in-
