2071 3508
698 429 866 469 LIBER
897 429 1151 470 TERTIUS.
1519 438 1597 475 243

265 556 380 590 vum
407 539 498 589 sibi
521 537 613 603 ipsi
641 537 855 603 aliquem
882 539 1172 603 excogitant
1196 538 1247 586 in
1272 539 1374 589 otio
1392 541 1595 593 ludum:

265 620 335 668 sic
370 618 439 666 illi
476 634 504 665 a
538 616 752 680 negotiis
787 617 1017 682 publicis,
1054 626 1288 683 tanquam
1330 620 1390 668 ab
1430 637 1599 686 opere,

262 704 349 746 aut
367 695 672 761 temporibus
692 695 899 754 exclusi,
926 704 1012 744 aut
1035 696 1292 746 voluntate
1312 714 1398 745 sua
1415 698 1595 758 feriati,

261 782 394 823 totos
419 791 470 822 se
497 774 577 822 alii
602 774 665 822 ad
688 779 878 840 poetas,
903 775 985 823 alii
1010 776 1074 823 ad
1096 784 1395 840 geometras,
1428 776 1509 825 alii
1535 779 1598 826 ad

257 852 474 901 musicos
511 852 862 912 contulerunt3
907 852 988 901 alii
1026 853 1193 913 etiam,
1233 861 1290 902 ut
1329 854 1597 916 dialectici,

255 947 443 981 novum
474 932 565 980 sibi
596 931 688 996 ipsi
720 931 939 980 studium
969 930 1242 997 ludumque
1274 944 1596 998 pepererunt,

255 1017 407 1075 atque
432 1011 482 1058 in
507 1010 565 1059 iis
591 1011 791 1067 artibus,
828 1028 954 1075 quae
980 1019 1204 1076 repertae
1229 1020 1359 1070 sunt,
1397 1021 1455 1061 ut
1476 1030 1596 1078 pue-

253 1106 420 1138 rorum
441 1098 635 1139 mentes
654 1091 718 1139 ad
742 1090 1102 1139 humanitatem
1121 1091 1427 1157 fingerentur
1445 1102 1594 1158 atque

253 1168 506 1226 virtutem,
546 1186 693 1218 omne
725 1177 922 1234 tempus
956 1177 1104 1233 atque
1130 1178 1317 1219 aetates
1341 1187 1451 1220 suas
1477 1189 1592 1220 con-

253 1256 553 1296 sumserunt.

319 1326 419 1376 Sed
443 1327 580 1392 quod
605 1335 745 1375 erant
770 1327 986 1391 quidam,
1024 1327 1156 1391 iique
1186 1328 1346 1385 multi,
1385 1330 1468 1393 qui
1505 1339 1590 1379 aut
1630 1321 1728 1382 16.

250 1404 302 1453 in
327 1407 583 1472 republica
605 1415 808 1472 propter
833 1407 1122 1471 ancipitem,
1148 1423 1274 1470 quae
1299 1424 1399 1456 non
1425 1417 1590 1473 potest
1618 1413 1698 1455 59.

249 1501 356 1534 esse
398 1485 638 1551 sejuncta,
688 1485 905 1534 faciendi
949 1485 1248 1550 dicendique
1297 1487 1588 1552 sapientiam

248 1564 502 1625 florerent,
530 1574 587 1614 ut
612 1564 995 1624 Themistocles,
1025 1573 1081 1614 ut
1108 1565 1338 1623 Pericles,
1373 1574 1431 1614 ut
1456 1566 1587 1616 The-

244 1661 507 1705 ramenes;
545 1654 650 1705 aut,
681 1645 764 1709 qui
796 1645 958 1693 minus
988 1645 1080 1709 ipsi
1112 1646 1163 1692 in
1194 1645 1450 1710 republica
1481 1664 1587 1695 ver-

243 1732 483 1781 sarentur,
523 1724 610 1772 sed
651 1724 796 1789 hujus
839 1732 1008 1772 tamen
1051 1723 1272 1788 ejusdem
1315 1725 1585 1790 sapientiae

246 1801 477 1852 doctores
499 1812 682 1862 essent,
706 1811 763 1851 ut
783 1803 1015 1867 Gorgias,
1036 1803 1456 1868 Thrasymachus,
1482 1805 1585 1854 Iso-

227 1888 440 1942 'crates3
478 1883 669 1930 inventi
695 1890 829 1941 sunt,
863 1883 965 1946 qui,
1003 1898 1117 1929 cum
1153 1882 1245 1946 ipsi
1271 1882 1498 1931 doctrina
1533 1893 1585 1933 et

242 1961 456 2025 ingeniis
493 1960 824 2019 abundarent,
861 1978 888 2008 a
912 1977 964 2008 re
989 1968 1156 2008 autem
1184 1961 1335 2020 civili,
1372 1970 1422 2010 et
1447 1980 1474 2010 a
1498 1980 1581 2013 ne-

240 2040 408 2103 gotiis,
434 2039 584 2087 animi
610 2040 823 2104 quodam
840 2038 1049 2103 judicio,
1085 2039 1425 2101 abhorrerent,
1449 2042 1579 2092 hanc

241 2117 443 2166 dicendi
481 2118 889 2167 exercitationem
929 2119 1240 2182 exagitarent
1274 2128 1423 2183 atque
1459 2138 1576 2169 con-

239 2204 555 2245 temnerent:
595 2213 802 2260 quorum
834 2197 1064 2261 princeps
1090 2197 1316 2246 Socrates
1340 2197 1451 2247 fuit.
1523 2201 1573 2249 Is
1601 2209 1681 2251 60.

239 2276 349 2341 (qui
386 2276 607 2324 omnium
645 2276 948 2324 cruditorum
982 2276 1285 2336 testimonio,
1319 2278 1570 2344 totiusque

228 2355 424 2420 judicio
444 2356 706 2412 Graeciae,
735 2373 847 2404 cum
872 2356 1156 2421 prudentia,
1182 2365 1233 2405 et
1252 2359 1500 2418 acumine,
1519 2368 1570 2408 et

234 2443 515 2494 venustate,
565 2444 611 2483 et
651 2436 942 2496 subtilitate,
969 2446 1075 2484 tum
1111 2454 1230 2486 vero
1266 2437 1567 2501 eloquentia,

232 2513 490 2572 varietate,
522 2516 682 2578 copia,
709 2532 854 2578 quam
881 2532 931 2563 se
957 2532 1170 2580 cumque
1196 2517 1245 2563 in
1269 2524 1460 2580 partem
1487 2517 1569 2565 de-

234 2592 406 2650 disset,
425 2594 644 2640 omnium
665 2592 761 2640 fuit
780 2593 924 2641 facile
943 2593 1199 2658 princeps)
1225 2594 1301 2652 iis,
1323 2595 1406 2658 qui
1424 2595 1566 2655 haec,

232 2688 358 2735 quae
390 2687 480 2719 nos
513 2687 646 2719 nunc
673 2673 971 2736 quaerimus,
1017 2680 1303 2729 tractarent,
1341 2683 1566 2737 agerent,

233 2750 491 2809 docerent,
528 2767 641 2799 cum
673 2752 873 2799 nomine
899 2751 1264 2816 appellarentur
1287 2769 1405 2812 uno,
1430 2755 1566 2818 quod

231 2831 390 2878 omnis
427 2846 590 2878 rerum
627 2830 924 2894 optimarum
962 2830 1199 2894 cognitio,
1237 2839 1385 2896 atque
1420 2833 1472 2880 in
1506 2834 1564 2882 iis

229 2910 540 2970 exercitatio,
569 2910 880 2976 philosophia
910 2910 1267 2971 nominaretur,
1303 2911 1400 2962 hoc
1431 2929 1561 2962 com-

1163 3006 1196 3044 Q
1221 2999 1250 3037 2
