2071 3508
829 393 1069 447 (431)

737 716 1174 766 ORATORIAE

513 875 1386 943 PARTITIONES,

754 1063 1148 1113 DIALOGUS.

799 1255 1097 1262 .—.——.———

798 1266 1098 1276 —

746 1418 1134 1455 ARGUMENTUM
1142 1444 1151 1453 .

282 1531 387 1581 Hic
411 1530 591 1580 libellus
613 1539 686 1581 est
700 1534 938 1596 quoddam
954 1532 1280 1596 compendium
1303 1549 1482 1591 eorum,
1510 1551 1631 1599 quae

349 1612 402 1660 in
426 1611 559 1660 libris
583 1612 825 1661 Oratoriis
847 1612 1047 1660 caeteris
1063 1612 1186 1674 fuse
1211 1614 1451 1662 docuerat.
1522 1616 1631 1666 Om-

314 1680 318 1683 Χ
350 1708 457 1740 nem
480 1700 635 1740 autem
667 1693 855 1741 dicendi
879 1693 1142 1740 doctrinam
1166 1693 1216 1740 in
1240 1699 1336 1741 tres
1350 1703 1520 1758 partes
1544 1698 1636 1745 dis-

354 1773 522 1821 tribuit
539 1795 554 1820 .-
591 1774 641 1821 in
667 1773 874 1821 oratoris
897 1773 1004 1829 vim,
1033 1775 1314 1833 orationem,
1338 1782 1387 1822 et
1407 1778 1638 1839 quaestio-

352 1869 474 1902 nem.
547 1855 633 1902 Ad
653 1855 747 1902 vim
776 1854 985 1918 requirit
1005 1854 1337 1915 inventionem,
1375 1858 1638 1907 collocatio*

353 1950 474 1990 nem,
501 1934 821 1990 elocutionem,
859 1941 910 1981 et
927 1934 1199 1982 memoriam
1233 1952 1336 1983 cum
1352 1938 1638 1999 pronuntia-

355 2013 499 2072 tione,
512 2030 541 2060 a
557 2030 665 2078 cap.
677 2019 824 2066 3-7.
835 2015 1065 2062 orationis
1065 2022 1234 2078 partes
1230 2015 1365 2077 facit
1372 2017 1637 2073 exordium,

355 2094 696 2150 narrationem,
734 2094 1157 2158 confirmationem,
1198 2102 1247 2142 et
1279 2096 1639 2155 conclusionem,

356 2189 385 2220 a
405 2188 514 2237 cap.
543 2179 723 2224 8—17.
751 2175 809 2220 de
825 2174 1172 2237 quaestionibus
1187 2191 1290 2222 cum
1308 2175 1518 2238 infinitis,
1547 2181 1642 2222 tum

338 2252 518 2315 finitis,
571 2261 711 2317 atque
758 2254 878 2300 adeo
921 2254 980 2300 de
1015 2254 1276 2316 generibus
1315 2270 1568 2302 causarum
1599 2262 1648 2302 et

357 2332 771 2380 constitutionibus
795 2332 903 2395 agit
922 2348 952 2379 a
978 2348 1086 2397 cap.
1119 2341 1193 2380 18.
1220 2349 1368 2397 usque
1392 2334 1458 2380 ad
1468 2335 1642 2396 finem.

357 2410 647 2460 ERNESTUS.

303 2492 428 2540 Utra
442 2494 611 2556 potior
650 2492 713 2540 sit
744 2492 1008 2556 inscriptio,
1048 2493 1133 2540 DE
1161 2493 1482 2541 PART1T10NE
1508 2491 1646 2541 ORA-

361 2587 537 2630 TORIA,
575 2588 639 2619 an
676 2571 1028 2619 PARTITIONES
1054 2570 1383 2631 ORATORIAE,
1409 2573 1649 2636 disputent

362 2651 500 2717 otiosi
540 2650 838 2714 interpretes.
918 2653 1179 2716 Utramque
1215 2659 1393 2700 rectam
1416 2667 1515 2700 esse
1539 2668 1647 2700 con-

363 2737 472 2778 stat.
543 2729 828 2778 PRUSTEUS.

297 2809 692 2873 Quandoquidem
716 2809 859 2857 habet
879 2809 954 2857 hic
988 2809 1169 2858 libellus
1195 2810 1380 2859 brevem
1415 2812 1652 2860 duntaoeat

371 2891 757 2941 numerationem
774 2907 941 2941 eorum
965 2891 1185 2950 omnium,
1215 2909 1337 2958 quae
1359 2893 1517 2943 multis
1540 2893 1647 2942 hac-
