2071 3508
454 419 532 456 318
945 415 1020 454 DE
1052 415 1249 454 CLARIS

452 525 612 574 verbis
659 532 751 584 est,
798 524 930 573 cadit
971 525 1116 573 etiam
1164 523 1451 588 plerumque
1497 537 1772 571 numerose.

453 603 583 652 Nam
608 611 659 652 et
681 621 820 651 aures
843 604 976 667 ipsae
1002 603 1120 666 quid
1142 602 1361 666 plenum,
1388 600 1505 664 quid
1523 600 1668 647 inane
1693 599 1773 659 sit,

443 682 691 746 judicant,
744 690 793 731 et
831 683 1020 746 spiritu,
1073 681 1207 745 quasi
1255 680 1547 728 necessitate
1594 679 1774 742 aliqua,

451 762 710 808 verborum
736 760 1106 824 comprehensio
1130 759 1450 806 terminatur:
1477 758 1528 805 in
1553 775 1650 821 quo
1674 772 1775 805 non

451 841 598 887 modo
624 839 781 895 defici,
820 839 907 887 sed
931 838 1078 886 etiam
1101 837 1320 884 laborare
1346 844 1487 900 turpe
1513 843 1602 884 est.

352 903 413 964 9-
517 918 648 966 Tum
672 917 768 965 fuit
793 917 980 981 Lysias,
1005 917 1107 979 ipse
1134 915 1332 979 quidem
1357 915 1407 961 in
1434 916 1592 962 causis
1615 914 1776 962 foren-

450 997 580 1044 sibus
605 1013 704 1043 non
728 1003 960 1051 versatus,
999 994 1086 1042 sed
1121 994 1319 1058 egregie
1356 993 1544 1041 subtilis
1570 993 1778 1057 scriptor

450 1083 597 1138 atque
638 1074 870 1138 elegans:
909 1089 1055 1136 quem
1085 1072 1189 1136 jam
1225 1089 1378 1135 prope
1417 1073 1596 1120 audeas
1621 1079 1781 1120 orato-

449 1169 553 1200 rem
577 1151 855 1216 perfectum
882 1151 1062 1198 dicere.
1134 1150 1264 1196 Nam
1289 1150 1433 1213 plane
1450 1150 1648 1213 quidem
1672 1167 1781 1215 per-

449 1230 657 1288 fectum,
694 1238 744 1278 et
783 1230 862 1277 cui
901 1228 1022 1276 nihil
1066 1227 1335 1275 admodum
1375 1227 1519 1286 desit,
1572 1229 1780 1276 Demos-

449 1309 652 1357 thenem
675 1307 820 1356 facile
858 1307 1054 1355 dixeris.
1129 1305 1267 1353 Nihil
1292 1313 1437 1354 acute
1463 1306 1672 1353 inveniri
1694 1324 1780 1371 po-

449 1388 548 1435 tuit
571 1388 621 1434 in
647 1387 714 1435 eis
741 1387 911 1442 causis,
952 1402 1069 1450 quas
1111 1385 1320 1448 scripsit,
1356 1385 1476 1432 nihil
1503 1388 1582 1449 (ut
1606 1385 1680 1437 ita,
1709 1385 1780 1433 di-

452 1466 586 1526 cam)
623 1466 846 1524 subdole,
871 1464 993 1511 nihil
1019 1472 1234 1522 versute,
1261 1464 1394 1527 quod
1417 1463 1498 1512 ille
1524 1480 1624 1511 non
1646 1464 1782 1513 vide-

451 1544 514 1592 rit
535 1565 548 1604 3
588 1544 708 1592 nihil
733 1544 976 1592 subtiliter
1001 1543 1117 1600 dici,
1154 1542 1275 1589 1111111
1298 1559 1480 1607 presse,
1516 1542 1638 1590 nihil
1662 1559 1780 1591 enu-

454 1622 625 1680 cleate,
679 1640 775 1686 quo
813 1623 914 1671 fieri
952 1622 1104 1686 possit
1142 1621 1326 1685 aliquid
1362 1621 1608 1669 limatius:
1658 1621 1780 1669 nihil

453 1710 626 1749 contra
662 1690 866 1765 grande,
911 1700 1032 1747 nihil
1069 1700 1344 1755 incitatum,
1390 1700 1510 1746 nihil
1551 1707 1778 1748 ornatum

451 1780 531 1828 vel
570 1782 830 1828 verborum
871 1779 1129 1843 gravitate,
1171 1778 1249 1826 vel
1274 1778 1645 1837 sententiarum,
1682 1795 1779 1842 quo

453 1859 720 1922 quidquam
745 1866 873 1905 esset
892 1857 1078 1904 elatius.
1151 1857 1285 1904 Huic
1314 1856 1592 1921 Hyperides
1616 1857 1778 1920 proxi-

452 1953 574 1992 mus,
613 1945 664 1984 et
689 1936 964 1992 Aeschines
989 1935 1100 1994 fuit,
1137 1943 1187 1982 et
1212 1934 1489 1999 Lycurgus,
1526 1946 1576 1983 et
1602 1935 1778 1982 Dinar-

451 2014 591 2073 chus,
628 2022 680 2062 et
718 2014 776 2072 is,
813 2013 951 2077 cujus
987 2013 1120 2060 nulla
1161 2020 1331 2060 extant
1357 2013 1554 2076 scripta,
1595 2013 1778 2061 Dema-

451 2093 556 2152 des,
597 2092 775 2156 aliique
812 2092 991 2157 plures.
1087 2091 1228 2139 Haec
1271 2092 1401 2139 enim
1438 2098 1569 2139 aetas
1606 2091 1779 2141 effudit

449 2171 578 2218 hanc
621 2171 844 2235 copiam3
895 2178 958 2226 et,
997 2178 1053 2217 ut
1094 2170 1258 2234 opinio
1297 2187 1407 2217 mea
1446 2170 1560 2229 fert,
1601 2187 1777 2218 succus

449 2249 531 2296 ille
557 2258 607 2298 et
632 2250 827 2313 sanguis
868 2249 1178 2312 incorruptus
1219 2265 1373 2311 usque
1399 2249 1462 2296 ad
1495 2249 1623 2296 hanc
1647 2257 1778 2297 aeta·

449 2335 551 2374 tem
577 2334 824 2374 oratorum
848 2326 958 2382 fuit,
1001 2327 1051 2372 111
1077 2343 1173 2389 qua
1197 2327 1430 2374 naturalis
1453 2328 1651 2386 inesset,
1676 2343 1777 2375 non

448 2403 665 2452 fucatus·
691 2404 836 2451 nitor.
941 2403 1205 2451 Phalereus
1254 2405 1382 2451 enim
1425 2405 1661 2452 successit
1707 2405 1775 2454 eis

451 2482 646 2531 senibus
693 2482 999 2540 adolescenS,
1052 2482 1405 2530 eruditissimus
1451 2482 1532 2530 ille
1575 2483 1774 2546 quidem

448 2560 623 2607 horum
662 2559 901 2617 omnium,
937 2558 1024 2606 sed
1059 2566 1160 2606 non‘
1198 2568 1298 2606 tam
1336 2560 1480 2607 armis
1503 2561 1775 2622 institutus,

449 2655 594 2702 quam
618 2638 874 2702 palaestra.
947 2638 1121 2701 Itaque
1141 2638 1421 2687 delectabat
1438 2641 1592 2704 magis
1618 2641 1786 2690 Athe-.

447 2718 659 2775 nienses,
695 2733 841 2780 quam
878 2716 1225 2765 inflammabat.
1298 2718 1607 2771 Processerat
1641 2719 1772 2767 enim

447 2794 499 2840 in
524 2794 675 2842 solem
701 2804 751 2843 et
772 2795 1047 2859 pulverem,
1072 2812 1171 2843 non
1197 2803 1254 2844 ut
1278 2813 1304 2845 e
1330 2797 1526 2845 militari
1549 2799 1772 2846 taberna-

448 2872 578 2932 61110,
615 2874 700 2923 sed
724 2882 780 2922 ut
805 2892 832 2923 e
858 2875 1205 2940 Theophrasti,
1242 2876 1509 2928 doctissimi
1542 2876 1770 2936 hominiS,
