2071 3508
713 430 1086 473 ORATORIBUS.
1486 435 1568 472 309

237 546 385 595 modo
422 543 838 606 detrimentoque,
874 541 913 589 si
949 548 1024 589 est
1056 539 1127 587 ita
1155 553 1378 597 necesse,
1403 539 1565 588 dolea-³

236 639 373 672 mus:
410 622 538 670 illius
569 631 685 669 vero
710 619 881 669 mortis
905 618 1327 684 opportunitatem
1351 618 1566 667 benevo=

233 701 386 750 lentia
424 700 589 765 potius
626 715 775 763 quam
813 697 1151 753 misericordia
1190 713 1564 762 prosequamur,

233 787 304 836 ut,
341 779 750 844 quotiescumque
788 777 851 826 de
888 777 1156 826 clarissimo
1191 785 1242 826 et
1281 776 1568 825 beatissimo

232 858 338 906 viro
363 859 660 923 cogitemus,
684 856 822 906 illum
846 858 1029 922 potius,
1055 873 1201 921 quam
1220 857 1566 922 nosmetipsos,

234 935 442 1001 diligere
474 936 746 985 videamur.
818 936 967 995 Nam,
1003 934 1043 982 si
1078 934 1131 982 id
1166 935 1405 993 dolemus,
1433 937 1566 1001 quod

233 1031 295 1064 eo
309 1015 415 1080 jam
440 1015 537 1063 frui
561 1015 702 1064 nobis
726 1031 828 1063 non
851 1014 1003 1074 licet;
1042 1021 1266 1063 nostrum
1291 1024 1364 1065 est
1390 1016 1443 1064 id
1467 1032 1566 1064 ma-

232 1093 336 1143 lum
358 1113 370 1143 :
409 1095 545 1160 quod
580 1095 777 1144 modice
801 1095 1035 1152 seramus,
1061 1110 1124 1142 ne
1160 1094 1213 1142 id
1236 1111 1337 1143 non
1362 1095 1426 1143 ad
1450 1096 1569 1144 ami-

234 1172 419 1231 citiam,
446 1174 535 1223 sed
558 1173 622 1222 ad
646 1173 970 1222 domesticam
1001 1173 1268 1222 utilitatem
1293 1173 1476 1223 referre
1500 1175 1569 1222 vi<

237 1251 458 1301 deamur.
503 1253 607 1312 Sin,
622 1260 858 1318 tanquam
873 1252 943 1300 illi
959 1253 1050 1318 ipsi
1075 1254 1358 1302 acerbitatis
1383 1254 1568 1319 aliquid

237 1332 493 1389 acciderit,
536 1332 798 1397 angimur3
850 1348 1091 1380 summam
1132 1331 1236 1397 ejus
1276 1332 1569 1382 felicitatem

239 1427 340 1460 non
366 1413 481 1461 satis
505 1421 648 1477 grato
673 1412 839 1460 animo
862 1411 1262 1476 interpretamur.

305 1491 507 1539 Etenim
532 1492 571 1539 si
594 1492 785 1539 viveret
822 1490 886 1548 Q.
915 1490 1231 1550 Hortensius,
1256 1499 1455 1540 caetera
1476 1492 1571 1541 for-

242 1577 368 1619 tasse
394 1570 699 1618 desideraret
734 1586 833 1617 una
859 1586 973 1618 cum
1009 1568 1209 1634 reliquis
1233 1571 1375 1619 bonis
1400 1579 1452 1620 et
1476 1571 1572 1620 for-

239 1649 371 1698 tibus
413 1650 602 1698 civibus
625 1665 637 1697 :
694 1649 828 1698 hunc
869 1658 1056 1708 autem,
1096 1658 1293 1714 praeter
1332 1659 1574 1710 caeteros,

239 1737 326 1777 aut
363 1746 478 1777 cum
513 1729 685 1793 paucis
709 1728 976 1776 sustineret
1000 1728 1241 1788 dolorem,
1272 1747 1386 1778 cum
1412 1730 1574 1780 forum

238 1808 408 1874 populi
452 1807 687 1866 Romani,
722 1806 858 1871 quod
887 1807 1063 1856 fuisset
1087 1809 1224 1871 quasi
1247 1809 1498 1858 theatrum
1522 1812 1577 1859 il„

240 1887 334 1936 lius
358 1887 562 1952 ingenii,
589 1903 713 1935 voce
739 1886 952 1945 erudita,
988 1894 1039 1934 et
1066 1886 1320 1945 Romanis,
1348 1889 1576 1938 Graecis-

242 1983 338 2030 que
364 1967 562 2021 auribus
587 1965 756 2030 digna,
795 1963 1057 2029 spoliatum
1083 1973 1230 2030 atque
1256 1967 1483 2017 orbatum
1507 1971 1577 2017 vi=

245 2045 402 2094 deret.
462 2044 709 2109 Equidem
734 2060 890 2108 angor
913 2044 1094 2101 animo,
1120 2061 1220 2093 non
1241 2046 1451 2107 consilii,
1476 2065 1575 2098 non

244 2125 452 2190 ingenii,
490 2140 590 2173 non
629 2124 937 2173 auctoritatiS
969 2125 1115 2173 armis
1140 2141 1287 2190 egere
1312 2129 1577 2194 rempublin

246 2221 374 2264 cam,
417 2221 542 2269 quae
589 2203 860 2253 didiceram
899 2212 1133 2265 tractare,
1180 2206 1457 2272 quibusque
1499 2225 1577 2257 me

246 2283 626 2344 assuefeceram,
657 2300 882 2348 quaeque
917 2292 1058 2333 erant
1080 2286 1278 2350 propria
1302 2304 1416 2335 cum
1440 2305 1580 2353 praem

247 2364 420 2413 stantis
461 2364 512 2411 in
554 2363 809 2429 republica
843 2363 952 2421 viri,
989 2372 1096 2412 tum
1131 2366 1261 2414 bene
1286 2375 1504 2417 moratae
1531 2378 1579 2417 et

246 2444 374 2493 bene
395 2442 696 2492 constitutae
713 2443 943 2492 civitatis.
987 2443 1139 2501 Quod
1163 2445 1201 2492 si
1224 2444 1322 2494 fuit
1338 2445 1389 2494 in
1405 2449 1581 2511 repub-

246 2522 344 2570 lica
366 2530 563 2587 tempus
586 2521 763 2582 ullum,
799 2539 912 2571 cum
938 2530 1233 2588 extorquere
1258 2541 1393 2573 arma
1414 2535 1582 2590 posset

250 2618 278 2649 e
316 2601 542 2649 manibus
578 2601 815 2650 iratorum
855 2602 1057 2661 civium,
1080 2603 1198 2651 boni
1225 2604 1345 2652 civis
1369 2607 1581 2654 auctori-

250 2688 324 2729 tas
349 2687 401 2729 et
424 2680 616 2741 orati03
653 2688 760 2729 tum
783 2680 1010 2746 profecto
1040 2680 1154 2742 fuit,
1180 2698 1294 2730 cum
1317 2684 1583 2747 patrocini-

251 2776 337 2808 um
360 2759 497 2824 pacis
522 2758 780 2808 exclusum
806 2767 880 2808 est
904 2767 990 2807 aut
1015 2776 1178 2809 errore
1197 2760 1473 2824 hominum,
1498 2774 1585 2814 aut

256 2839 451 2889 timore.
507 2839 585 2889 Ita
604 2839 966 2905 nobismetipsis
991 2840 1194 2901 accidit,
1210 2849 1286 2902 ut,
1304 2859 1585 2908 quanquam

255 2927 421 2970 essent
443 2919 601 2970 multo
624 2919 782 2985 magis
805 2918 899 2969 alia
922 2918 1152 2986 lugenda,
1179 2929 1349 2973 tamen
1379 2922 1476 2976 hoc
1500 2921 1585 2973 do·

1151 3016 1185 3050 U
1223 3009 1252 3050 3
