2071 3508
635 380 803 442 mssssa
834 382 1140 424 SECUNDUs.
1484 390 1554 427 161

228 510 327 543 non
353 493 606 552 contium,
647 493 685 540 si
711 493 818 557 quis
843 500 1004 540 motus
1028 492 1197 556 populi
1221 492 1383 540 factus
1409 505 1556 555 esset,

228 572 279 620 id
305 574 360 621 C;
390 573 622 620 Norbano
647 571 697 617 in
722 570 910 618 nefario
930 570 1154 629 crimine,
1180 578 1328 634 atque
1355 572 1403 618 in
1430 573 1557 620 frau-

226 651 290 699 de
327 649 521 715 capitali
558 665 662 697 esse
697 649 1001 714 ponendum.
1076 649 1226 706 Quod
1265 648 1302 695 si
1341 666 1556 714 unquam

223 728 406 793 populo
445 729 672 776 Romano
709 745 999 777 concessum
1033 737 1179 788 esset,
1215 737 1271 777 ut
1291 729 1404 794 jure
1443 747 1557 778 con-

223 806 402 854 citatus
436 806 706 866 videretur,
743 808 819 872 (id
855 807 987 871 quod
1014 807 1252 855 docebam
1280 825 1425 872 saepe
1451 825 1556 857 esse

222 885 536 947 concessum)
570 885 753 933 nullam
778 885 860 933 illa
885 901 1083 934 causam
1099 886 1362 950 justiorem
1387 888 1553 936 fuisse.

222 962 353 1012 Tum
393 981 591 1013 omnem
630 964 903 1013 orationem
945 965 1144 1013 traduxi
1182 972 1232 1013 et
1257 967 1480 1014 converti
1505 967 1556 1014 in

219 1041 572 1107 increpandam
600 1041 863 1107 Caepionis
887 1042 1076 1108 fugam,
1115 1044 1166 1091 in
1191 1044 1551 1109 deplorandum

219 1120 474 1169 interitum
500 1121 765 1170 exercitus.
837 1121 916 1169 Sic
935 1130 985 1169 et
1004 1139 1174 1170 eorum
1200 1123 1440 1184 dolorem,
1475 1125 1558 1189 qui

220 1197 457 1263 lugebant
492 1216 624 1258 suos,
676 1201 897 1248 oratione
934 1200 1244 1259 refricabam,
1282 1210 1333 1249 et
1368 1204 1557 1251 animos

221 1279 444 1342 equitum
482 1278 841 1336 Romanorum,
887 1277 1020 1340 apud
1055 1294 1176 1341 quos
1218 1286 1324 1325 tum
1357 1279 1557 1343 judices

221 1371 368 1404 causa
392 1357 650 1421 agebatur,
687 1357 749 1404 ad
783 1357 847 1413 Q.
876 1355 1138 1419 Caepionis
1169 1355 1357 1415 odium,
1394 1375 1421 1405 a
1458 1377 1556 1423 quo

221 1443 361 1483 erant
385 1435 475 1499 ipsi
500 1443 702 1499 propter
716 1434 909 1499 judicia
933 1433 1211 1491 abalienati,
1239 1438 1553 1495 renovabam,

220 1516 398 1578 [atque
418 1513 757 1574 revocabam]
829 1513 982 1570 Quod
1003 1513 1085 1561 ubi
1108 1514 1236 1561 sensi
1255 1530 1334 1562 me
1358 1515 1409 1562 in
1445 1533 1554 1580 pos-
1587 1518 1696 1580 49,

218 1593 408 1640 sesione
423 1591 621 1656 judicii,
657 1608 715 1640 ac
754 1592 1054 1640 defensionis
1090 1608 1228 1641 meae
1255 1596 1552 1658 constitisse,
1585 1618 1697 1658 200,

217 1671 351 1734 quod
376 1679 426 1719 et
448 1670 618 1735 populi
642 1670 1041 1719 benevolentiam
1071 1670 1191 1718 mihi
1217 1673 1553 1736 conciliaram,

216 1748 356 1813 cujus
388 1748 471 1814 jus
497 1750 646 1797 etiam
673 1766 786 1797 cum
811 1749 1066 1798 seditionis
1092 1750 1445 1815 conjunctione
1471 1756 1554 1804 de-

214 1826 490 1888 fenderam,
517 1837 568 1877 et
582 1827 812 1893 judicum
839 1828 1026 1876 animos
1052 1837 1182 1877 totos
1200 1830 1279 1878 vel
1306 1832 1553 1883 calamita-

215 1915 266 1955 te
309 1908 542 1967 civitatis,
583 1907 663 1955 vel
686 1908 847 1967 luctu,
889 1923 947 1956 ac
974 1908 1218 1956 desiderio
1252 1912 1550 1976 propinquo-

218 2003 345 2046 rum,
380 1986 459 2034 vel
483 1986 599 2035 odio
622 1987 820 2051 proprio
855 1987 908 2034 in
934 1986 1235 2051 Caepionem
1261 1988 1325 2035 ad
1351 2006 1548 2039 causam

217 2074 434 2113 nostram
461 2073 801 2114 converteram
823 2086 836 2126 3
879 2074 1000 2113 tunc
1026 2065 1298 2115 admiscere
1324 2067 1440 2118 huic
1465 2088 1550 2134 ge.

216 2145 322 2193 neri
361 2145 595 2193 orationis
631 2145 916 2194 vehementi
955 2153 1102 2209 atque
1127 2147 1282 2194 atroci
1311 2164 1470 2212 genus
1495 2150 1549 2196 il-

213 2223 302 2272 lud
326 2223 535 2272 alterum
573 2225 660 2290 (de
687 2242 784 2289 quo
809 2233 924 2273 ante
950 2224 1220 2289 disputavi)
1256 2226 1474 2276 lenitatis
1500 2239 1550 2278 et

215 2304 607 2352 mansuetudinis
650 2306 824 2370 coepi3
879 2322 959 2353 me
996 2321 1086 2370 pro
1111 2322 1223 2354 meo
1248 2307 1421 2367 sodali,
1465 2309 1548 2372 qui

215 2382 334 2430 mihi
373 2383 423 2430 in
464 2383 672 2432 liberum
696 2384 808 2433 loco
833 2400 969 2433 more
995 2384 1235 2449 majorum
1268 2403 1373 2435 esse
1399 2387 1546 2436 debe-

214 2469 308 2520 ret,
350 2470 401 2510 et
439 2479 529 2527 pro
567 2479 678 2511 mea
718 2463 852 2511 omni
875 2462 1007 2512 fama
1030 2476 1204 2529 prope,
1238 2464 1548 2530 fortunisque

217 2540 486 2589 decernere
507 2562 521 2601 ;
563 2541 685 2589 nihil
720 2542 840 2589 mihi
864 2541 929 2589 ad
953 2542 1370 2592 existimationem
1395 2546 1548 2609 turpi-

218 2637 290 2678 us,
329 2619 451 2666 nihil
490 2621 553 2668 ad
596 2620 817 2669 dolorem
857 2622 1081 2669 acerbius
1123 2622 1352 2671 accidere
1387 2640 1546 2687 posse,

214 2715 361 2763 quam
387 2699 425 2746 si
451 2699 508 2758 is,
534 2699 618 2763 qui
643 2716 786 2764 saepe
807 2699 1113 2748 alienissimis
1139 2717 1167 2747 a
1191 2718 1289 2760 me,
1315 2702 1402 2750 sed
1427 2704 1548 2751 meis

212 2785 379 2825 tamen
416 2778 624 2838 civibus,
665 2777 809 2826 saluti
846 2777 1152 2826 existimarer
1186 2779 1355 2840 fuisse,
1392 2781 1546 2829 sodali

215 2872 327 2905 meo
351 2856 587 2906 auxilium
617 2857 746 2907 ferre
772 2874 872 2907 nou
896 2857 1181 2922 potuissem.
1254 2859 1492 2910 Petebam
1518 2878 1546 2910 a
1577 2877 1692 2920 201,

1182 2953 1211 2985 L
