2071 3508
346 768 423 809 86.

339 1399 416 1444 87.

327 2663 404 2702 88.

456 418 507 454 28
930 415 1006 454 DE
1036 411 1302 453 ORATORE

455 538 794 602 temperantia,
830 536 892 584 de
926 535 1073 605 modo
1096 548 1258 580 rerum
1282 532 1520 591 omnium,
1556 539 1768 581 caetera-

456 633 568 680 que,
593 616 703 674 sine*
721 616 894 679 quibus
920 614 1140 661 civitates
1155 618 1242 658 aut
1265 626 1387 668 esse,
1411 618 1496 658 aut
1517 612 1644 658 bene
1669 626 1770 657 mo-

454 702 587 741 ratae
613 710 714 741 esse
738 709 838 740 non
861 698 1076 756 possent,
1091 704 1296 752 usquam
1311 688 1362 734 in
1379 704 1547 735 eorum
1564 687 1774 736 inveniri

454 770 645 819 libellis.
700 770 848 827 Quod:
871 770 909 817 si
934 775 1119 815 tantam
1143 765 1242 812 vim
1266 781 1427 813 rerum
1452 765 1773 813 maximarum

454 857 558 897 arte
584 866 669 896 sua
692 847 922 896 rhetorici
946 845 1014 892 illi
1039 845 1264 892 doctores
1289 842 1768 908 complecterentur;

453 928 736 991 quaerebat,
775 943 862 974 cur
898 925 958 974 de
988 922 1267 988 prooemiis,
1303 930 1354 970 et
1377 922 1439 970 de
1465 921 1686 986 epilogis,
1723 928 1774 969 et

453 1006 515 1053 de
540 1004 819 1069 hujusmodi
845 1003 987 1067 nugis
1007 1002 1099 1067 (sic
1125 1001 1256 1049 enim
1280 1000 1580 1065 appellabat)
1605 999 1773 1048 referti

452 1091 615 1131 essent
642 1100 810 1131 eorum
845 1082 988 1130 libri:
1027 1081 1088 1129 de
1126 1079 1407 1128 civitatibus·
1443 1079 1775 1139 instituendis,

449 1161 511 1209 de
536 1162 803 1209 scribendis
826 1161 1035 1224 legibus,
1071 1159 1133 1207 de
1163 1158 1433 1222 aequitate,
1471 1158 1533 1206 de
1560 1157 1770 1222 justitia,

450 1238 510 1286 de
534 1238 650 1297 fide,
686 1239 747 1286 de
772 1238 1056 1303 frangendis
1081 1237 1451 1302 cupiditatibus,
1483 1237 1545 1284 de
1577 1236 1767 1285 confor-

449 1317 640 1364 mandis
664 1316 917 1364 hominum
942 1317 1175 1373 moribus,
1210 1315 1353 1363 litera
1373 1315 1423 1361 in
1449 1332 1616 1363 eorum
1640 1315 1774 1364 libris

450 1394 583 1441 nulla
597 1395 912 1442 inveniretur.
952 1395 1065 1458 Ipsa
1076 1412 1192 1443 vero
1205 1401 1470 1459 praecepta
1484 1395 1553 1442 sic
1564 1394 1770 1444 illudere

449 1475 653 1535 solebat,
677 1483 734 1523 ut
757 1475 1057 1534 ostenderet,
1073 1492 1172 1523 non
1190 1476 1338 1523 modo
1357 1492 1440 1523 eos
1455 1475 1582 1522 illius
1601 1491 1772 1539 exper-

448 1562 522 1602 tes
539 1571 641 1602 esse
659 1554 968 1618 prudentiae,
985 1570 1130 1617 quam
1150 1554 1239 1601 sibi
1264 1554 1578 1612 asciscerent,
1602 1554 1689 1602 sed
1707 1571 1770 1603 ne

448 1633 575 1680 hanc
618 1633 816 1697 quidem
851 1632 1005 1696 ipsam
1043 1632 1240 1680 dicendi
1276 1632 1515 1680 rationem
1553 1649 1610 1680 ac
1639 1632 1769 1680 viam

446 1727 603 1759 nosse.
664 1711 826 1775 Caput
851 1711 981 1759 enim
1007 1727 1110 1758 esse
1130 1711 1455 1759 arbitrabatur
1473 1711 1693 1769 oratoris,
1712 1719 1769 1759 ut

447 1796 498 1836 et
521 1789 653 1853 ipsis,
678 1789 810 1853 apud
834 1805 953 1852 quos
978 1797 1165 1853 ageret,
1189 1788 1316 1847 talis,
1355 1789 1547 1853 qualem
1583 1807 1634 1837 se
1663 1790 1767 1854 ipse

445 1874 655 1930 optaret,
678 1867 950 1925 videretur3
978 1867 1029 1914 id
1046 1866 1149 1914 fieri
1167 1867 1295 1914 vitae
1313 1867 1571 1931 dignitate,
1591 1868 1653 1916 de
1673 1885 1768 1932 qua

445 1945 565 1992 nihil
584 1945 815 1993 rhetorici
843 1946 922 1993 isti
949 1945 1174 1993 doctores
1198 1946 1249 1992 in
1272 1946 1546 2010 praeceptis
1571 1947 1669 1994 suis
1692 1963 1766 1995 re-

443 2023 697 2086 liquissent
719 2041 729 2070 :
769 2031 820 2071 et
844 2023 916 2070 uti
941 2039 1128 2081 eorum,
1149 2023 1231 2086 qui
1256 2023 1500 2082 audirent,
1520 2025 1588 2072 sic
1608 2024 1765 2074 affice-

441 2109 612 2149 rentur
627 2102 794 2160 animi,
810 2109 866 2149 ut
882 2119 963 2150 eos
980 2101 1104 2149 affici
1119 2101 1267 2149 vellet
1283 2110 1466 2160 orator3
1495 2103 1628 2166 quod
1645 2104 1764 2152 item

443 2180 547 2228 fieri
572 2180 707 2228 nullo
732 2181 878 2228 modo
919 2197 1079 2244 posse,
1115 2181 1205 2227 nisi
1242 2190 1564 2244 cognosceret
1586 2182 1645 2240 is,
1681 2183 1764 2246 qui

444 2259 653 2317 diceret,
679 2267 799 2322 quot
823 2259 979 2306 modis
1004 2259 1257 2306 hominum
1281 2267 1490 2317 mentes,
1515 2267 1566 2307 et
1589 2260 1764 2323 quibus

441 2338 604 2395 rebus,
630 2344 680 2384 et
704 2353 800 2400 quo
824 2354 1006 2401 genere
1031 2336 1279 2395 orationis,
1304 2337 1354 2383 in
1379 2354 1621 2401 quamque
1655 2355 1762 2403 par-

439 2422 541 2462 tem
580 2423 893 2463 moverentur
914 2434 924 2463 ε
980 2416 1102 2462 haec
1140 2423 1304 2462 autem
1341 2431 1444 2463 esse
1480 2416 1675 2479 penitus
1709 2418 1762 2465 in

439 2493 601 2540 media
639 2493 945 2558 philosophia
982 2501 1169 2540 retrusa
1202 2500 1348 2556 atque
1385 2493 1579 2553 abdita3
1635 2512 1761 2558 quae
1827 2541 1833 2548 ,

439 2572 518 2619 isti
555 2571 773 2619 rhetores
815 2589 876 2619 ne
910 2572 1201 2636 primoribus
1237 2571 1435 2634 quidem
1470 2571 1614 2619 labris
1649 2575 1760 2622 atti-

439 2650 637 2713 gissent.
709 2650 782 2698 Ea
808 2650 1135 2698 Menedemus
1161 2649 1396 2713 exemplis
1416 2651 1587 2713 magis,
1612 2668 1757 2715 quam

438 2729 755 2790 argumentis,
781 2730 1049 2776 conabatur
1066 2727 1309 2776 refellere:
1332 2729 1612 2777 memoriter
1627 2731 1758 2781 enim

435 2805 589 2852 multa
636 2823 697 2853 ex
744 2807 1042 2855 orationibus
1100 2806 1450 2854 Demosthenis
1506 2808 1755 2872 praeclare

437 2883 617 2948 scripta
639 2886 978 2949 pronuntians,
1015 2886 1212 2934 dicebat
1243 2883 1379 2933 illum
1404 2884 1455 2932 in
1479 2886 1650 2935 animis
1674 2886 1752 2936 vel
