2071 3508
674 400 844 440 LIBER
873 399 1181 440 SECUNDUS.
1524 398 1602 443 133

262 514 410 564 modo
434 513 655 562 dicamus
677 528 688 557 :
731 511 956 567 alteru-m,
995 509 1130 574 quod
1154 516 1318 557 totum
1342 516 1447 559 arte
1471 516 1598 563 tinc-

262 603 368 642 tum
391 592 602 646 videtur,
639 590 838 638 tametsi
856 596 1018 639 artem
1043 587 1267 652 requirit,
1294 595 1461 637 tamen
1485 608 1598 655 pru-

260 672 458 720 dentiae
483 677 558 718 est
590 685 719 734 pene
756 670 1036 726 mediocris,
1074 668 1196 733 quid
1220 667 1491 717 dicendum
1517 671 1595 728 sit,

257 750 459 798 videre:
499 747 710 797 alterum
746 756 840 808 est,
876 749 927 796 in
953 765 1051 813 quo
1087 747 1293 796 oratoris
1321 748 1394 796 vis
1418 748 1501 797 illa
1526 750 1597 798 di-

256 829 372 877 vina
394 829 650 894 virtusque
689 828 923 885 cernitur,
963 845 1036 885 ea,
1075 844 1201 893 quae
1227 827 1440 877 dicenda
1464 837 1595 888 sunt,

256 915 443 966 ornate,
483 908 697 974 copiose,
734 908 968 972 varieque
994 907 1178 956 dicere.

325 986 494 1045 Quare
517 986 651 1034 illam
675 993 868 1052 partem
905 986 1223 1052 superiorem,
1269 990 1501 1053 quoniam
1527 1007 1597 1039 se·
1630 972 1739 1034 ng

258 1065 356 1115 mel
379 1065 450 1115 ita
471 1066 610 1115 vobis
633 1065 841 1131 placuit,
876 1082 978 1114 non
1002 1068 1260 1127 recusabo,
1303 1086 1402 1133 quo
1433 1070 1596 1119 minus
1632 1074 1742 1113 121-

258 1146 529 1212 perpoliam
576 1140 748 1212 atquev
774 1144 1049 1204 conficiam,
1112 1149 1379 1212 (quantum
1427 1165 1597 1197 conse-

260 1242 395 1291 quar,
421 1244 508 1276 vos
524 1225 814 1292 judicabitis
834 1226 876 1289 t>
896 1227 1073 1291 quibus
1090 1243 1152 1274 ex
1169 1226 1291 1275 locis
1317 1227 1379 1275 ad
1398 1244 1479 1276 eas
1497 1236 1598 1278 tres

261 1321 357 1366 res,
382 1323 508 1371 quae
533 1306 597 1354 ad
619 1305 768 1355 fidem
784 1305 1066 1355 faciendam
1092 1305 1222 1354 solae
1246 1306 1429 1364 valent,
1449 1308 1598 1356 duca-

260 1392 342 1432 tur
367 1386 539 1443 oratio,
577 1393 634 1434 ut
670 1394 720 1435 et
744 1385 1075 1435 concilientur
1101 1386 1266 1442 animi,
1308 1393 1361 1434 et
1386 1386 1600 1435 docean-

260 1471 357 1522 tur,
385 1474 436 1514 et
459 1473 767 1514 moveantur.
818 1465 994 1530 [Haec
1021 1472 1137 1513 sunt
1160 1465 1292 1513 enim
1312 1466 1406 1513 tria
1429 1483 1601 1516 nume-

259 1543 344 1605 ro]
365 1561 424 1593 ea
457 1562 578 1593 vero·
600 1544 1020 1609 quemadmodum
1044 1543 1367 1603 illustrentur,
1405 1554 1602 1610 praesto

261 1630 337 1671 est
359 1624 444 1688 qui
468 1640 640 1677 omnes
678 1623 859 1672 docere
900 1623 1070 1688 possit,
1109 1623 1193 1688 qui
1217 1623 1313 1672 hoc
1337 1625 1524 1690 primus
1549 1627 1601 1675 in

260 1709 453 1751 nostros
476 1719 638 1753 mores
678 1703 895 1763 induxit,
949 1703 1033 1768 qui
1071 1704 1286 1753 maxime
1321 1705 1479 1765 auxit,
1516 1707 1600 1771 qui

260 1781 390 1832 solus
428 1782 609 1835 effecit.
697 1784 928 1848 Namque
954 1800 1064 1848 ego,
1105 1784 1301 1843 Catule,
1339 1785 1527 1851 (dicam
1554 1804 1601 1836 e-
1637 1797 1746 1838 122.

260 1862 364 1910 nim
404 1879 505 1912 non
541 1880 773 1912 reverens
809 1863 1092 1912 assentandi
1117 1864 1476 1928 suspicionem)
1517 1883 1602 1917 ne-

260 1941 447 1990 minem
471 1960 577 1992 esse
602 1951 846 1992 oratorem
865 1942 1014 2007 paulo
1032 1942 1349 1994 illustriorem
1372 1946 1602 2008 arbitror,

261 2037 425 2086 neque
467 2022 737 2079 Graecum,
781 2038 944 2086 neque
980 2021 1237 2081 Latinum,
1278 2040 1426 2087 quem
1467 2034 1603 2074 aetas

260 2109 429 2150 nostra
451 2101 640 2161 tulerit,
679 2118 827 2166 quem
869 2118 969 2150 non
995 2108 1047 2149 et
1082 2118 1228 2166 saepe
1261 2110 1313 2150 et
1333 2102 1604 2168 ¹diligenter

261 2181 518 2234 audierim.
591 2182 787 2246 Itaque,
821 2181 860 2228 si
885 2181 1006 2245 quid
1030 2189 1104 2229 est
1127 2182 1179 2234 in
1203 2198 1283 2234 me
1310 2183 1470 2247 (quod
1495 2183 1602 2249 jam

261 2277 455 2326 sperare
496 2261 686 2321 videor,
729 2260 963 2325 quoniam
999 2260 1201 2325 quidem
1225 2278 1332 2321 vos,
1367 2262 1442 2311 his
1466 2263 1604 2330 inge-

260 2340 353 2389 niis
377 2340 617 2398 homines,
637 2348 835 2392 tantum
860 2357 1038 2405 operae
1063 2340 1185 2388 mihi
1209 2341 1274 2389 ad
1297 2342 1602 2393 audiendum

261 2418 414 2481 datis)
451 2437 514 2469 ex
550 2437 610 2469 eo
646 2428 739 2480 est,
776 2419 911 2484 quod
945 2419 1068 2468 nihil
1098 2421 1356 2485 quisquam
1381 2439 1600 2487 unquam

260 2515 340 2547 me
365 2499 602 2548 audiente
635 2500 740 2565 egit
774 2507 954 2556 orator,
993 2500 1128 2565 quod
1162 2517 1263 2548 non
1287 2501 1339 2548 in
1363 2503 1602 2551 memoria

260 2595 372 2627 mea
394 2579 593 2643 penitus
628 2579 880 2628 insederit.
953 2578 1125 2643 Atque
1151 2596 1246 2644 ego
1269 2580 1328 2639 is,
1365 2583 1449 2645 qui
1474 2599 1597 2642 sum,

261 2666 692 2723 quantuscumque
735 2674 843 2705 sum
881 2657 946 2705 ad
973 2656 1320 2721 judicandum,
1371 2662 1601 2712 omnibus

261 2737 444 2787 auditis
468 2737 763 2797 oratoribus,
798 2737 903 2786 sine
938 2736 1039 2784 ulla
1076 2737 1386 2787 dubitatione
1412 2740 1482 2789 sic
1507 2749 1602 2791 sta-

260 2824 370 2877 tuo,
411 2824 463 2866 et
493 2816 686 2882 judico,
724 2816 977 2865 neminem
1012 2816 1235 2864 omnium
1266 2825 1344 2867 tot
1368 2827 1419 2868 et
1441 2827 1600 2884 tanta,

265 2904 450 2962 quanta
489 2903 606 2947 sunt
639 2896 692 2946 in
730 2895 926 2957 Crasso,
960 2894 1188 2947 habuisse
1213 2907 1506 2952 ornamenta
1529 2902 1601 2953 di„

1191 2993 1209 3025 Ι
1235 2986 1265 3025 3
