2071 3508
621 439 790 478 LIBER
821 438 1127 478 SECUNDUS.
1475 446 1553 482 165

218 553 367 601 timor
390 549 629 598 incutitur
652 556 738 596 aut
762 565 824 596 ex
849 548 1065 612 ipsorum
1090 547 1340 612 periculis,
1378 558 1463 598 aut
1488 567 1550 598 ex

220 627 590 679 communibus:
628 626 832 674 interior
856 635 931 674 est
955 626 1035 674 ille
1061 627 1316 690 proprius3
1357 627 1444 675 sed
1468 627 1550 675 hie

217 723 412 772 quoque
444 705 719 754 communis
755 705 818 753 ad
843 706 1051 754 eandem
1078 705 1450 753 similitudinem
1477 712 1552 753 est

215 783 578 850 perducendus.
652 784 744 832 Par
770 792 917 849 atque
936 800 1035 832 una
1060 784 1185 832 ratio
1209 792 1285 832 est
1308 784 1430 848 spei,
1454 784 1551 833 lae-

214 862 372 922 titiae,
408 861 661 911 molestiae
683 881 694 910 :
734 862 822 911 sed
846 863 978 911 haud
1003 863 1172 921 seiam,
1198 879 1259 910 an
1285 863 1552 912 acerrimus

213 940 364 1006 longe
389 941 452 989 sit
475 941 695 989 omnium
712 950 875 990 motus
894 942 1139 1001 invidiae3
1179 958 1272 990 nee
1298 943 1460 990 minus
1484 943 1553 991 vi-

216 1019 341 1068 rium
384 1037 506 1085 opus
541 1021 604 1068 sit
639 1021 689 1068 in
716 1037 772 1069 ea
798 1021 1183 1085 comprimenda,
1222 1038 1368 1085 quam
1392 1021 1444 1068 in
1471 1038 1553 1070 ex.

217 1099 432 1147 citanda.
505 1099 740 1148 Invident
780 1107 946 1148 autem
982 1100 1206 1148 homines
1230 1100 1444 1149 maxime
1469 1118 1553 1166 pa-

216 1177 367 1237 ribus,
392 1185 478 1226 aut
508 1178 836 1236 inferioribus,
865 1195 978 1227 cum
1005 1196 1054 1227 se
1089 1179 1286 1228 relictos
1312 1181 1552 1241 sentiunt,

219 1255 326 1306 illos
351 1266 517 1306 autem
555 1258 726 1306 dolent
750 1258 996 1306 evolasse:
1036 1258 1123 1306 sed
1162 1259 1311 1306 etiam
1337 1260 1553 1323 superio-

218 1336 352 1385 ribus
376 1337 625 1384 invidetur
650 1353 793 1401 saepe
817 1337 1157 1395 vehementer,
1194 1346 1244 1385 et
1280 1355 1338 1385 eo
1380 1339 1551 1403 magis,

219 1415 258 1462 si
305 1415 647 1464 intolerantius
694 1432 745 1463 se
788 1414 1002 1478 jactant,
1055 1424 1106 1463 et
1153 1416 1553 1479 aequabilitatem

221 1495 494 1542 communis
510 1494 654 1558 juris,
688 1494 988 1558 praestantia
1013 1493 1266 1557 dignitatis
1291 1503 1378 1543 aut
1400 1493 1555 1544 fortu-

219 1587 311 1619 nae
337 1589 452 1620 suae
477 1581 763 1620 transeunt:
803 1589 927 1635 quae
967 1572 1006 1619 si
1030 1572 1381 1621 inflammanda
1422 1583 1556 1636 sunt,

218 1651 432 1700 maxime
475 1651 744 1699 dicendum
784 1660 876 1710 est,
917 1667 1019 1699 non
1044 1668 1148 1699 esse
1172 1652 1356 1701 virtute
1382 1662 1554 1718 parta3

219 1728 400 1778 deinde
425 1731 573 1778 etiam
598 1731 728 1779 vitiis
754 1739 902 1795 atque
925 1731 1176 1795 peccatis:
1216 1740 1322 1780 tum
1348 1733 1386 1780 si
1412 1742 1559 1782 erunt

219 1807 500 1857 honestiora
524 1818 672 1875 atque
696 1810 934 1874 graviora,
974 1818 1140 1858 tamen
1165 1827 1265 1859 non
1291 1828 1395 1860 esse
1420 1820 1561 1862 tanta

219 1886 319 1935 ulla
342 1889 536 1948 merita,
562 1898 747 1952 quanta
762 1889 1025 1937 insolentia
1043 1889 1268 1947 hominis,
1296 1900 1559 1955 quantum-

220 1984 316 2032 que
357 1967 625 2016 fastidium.
712 1969 798 2017 Ad
838 1969 1111 2017 sedandum
1149 1978 1335 2030 autem,
1377 1988 1560 2036 magno

221 2045 303 2093 illa
326 2046 510 2106 labore,
548 2048 738 2111 magnis
774 2047 1006 2112 perieulis
1043 2064 1147 2096 esse
1183 2058 1337 2113 parta,
1375 2067 1470 2098 nee
1496 2052 1561 2100 ad

222 2141 363 2173 suum
391 2126 727 2185 commodum,
764 2126 851 2174 sed
876 2126 938 2174 ad
964 2126 1170 2175 aliorum
1207 2144 1313 2177 esse
1343 2129 1557 2191 collata3

221 2219 444 2269 seseque,
481 2205 517 2252 si
545 2222 691 2269 quam
710 2205 918 2270 gloriam
939 2206 1186 2271 peperisse
1211 2207 1456 2268 videatur,
1490 2218 1560 2258 et-

222 2283 259 2331 si
287 2300 345 2332 ea
369 2300 467 2331 non
498 2284 561 2332 sit
593 2284 761 2348 iniqua
802 2301 992 2335 merces
1029 2286 1256 2349 periculi,
1292 2294 1461 2337 tamen
1503 2306 1563 2337 ea

223 2379 322 2410 non
343 2363 599 2422 delectari,
641 2372 897 2428 totamque
936 2364 1148 2428 abjicere
1174 2374 1321 2430 atque
1347 2367 1562 2432 depone-

221 2458 274 2490 re
296 2461 310 2501 ;
349 2441 649 2506 omninoque
673 2442 1031 2507 perficiendum
1057 2452 1150 2503 est,
1176 2446 1435 2509 (quoniam
1459 2447 1561 2511 ple-

223 2520 362 2584 rique
387 2529 503 2568 sunt
526 2521 700 2580 invidi,
737 2522 1049 2586 maximeque
1075 2532 1149 2570 est
1172 2523 1268 2571 hoe
1295 2541 1559 2574 commune

223 2598 418 2657 vitium,
455 2607 506 2647 et
540 2608 898 2664 pervagatum3
944 2600 1195 2648 invidetur
1218 2611 1386 2650 autem
1421 2621 1560 2668 prae-

224 2677 374 2728 aanti
399 2676 693 2741 florentique
714 2677 968 2739 fortunae)
985 2687 1040 2726 ut
1060 2679 1183 2727 haee
1211 2681 1378 2744 opinio
1403 2682 1562 2731 minu,

223 2766 350 2813 atur,
389 2764 440 2804 et
475 2755 557 2803 illa
593 2755 842 2804 excellens
874 2757 1106 2821 opinione
1130 2756 1332 2806 fortuna
1356 2776 1470 2808 cum
1494 2761 1562 2810 la÷

224 2835 425 2887 boribus
450 2842 501 2883 et
524 2834 730 2883 miseriis
753 2835 988 2899 permista
1007 2852 1110 2884 esse
1135 2836 1377 2887 videatur.
1446 2841 1560 2891 Jam

225 2913 560 2965 misericordia
576 2922 817 2973 movetur,
844 2913 956 2973 siis,
984 2915 1067 2980 qui
1087 2915 1245 2978 audit,
1268 2919 1452 2970 adduci
1474 2937 1560 2987 po.

1097 3012 1127 3044 L
1154 3005 1183 3044 {3

1586 765 1690 826 52.

1593 2859 1705 2901 211.
