2071 3508
305 2421 407 2480 88.

461 433 538 469 446
973 428 1050 468 DE
1081 420 1284 470 CLARIS

457 538 579 586 nihil
602 537 731 586 illius
744 537 1069 595 lineamentis,
1093 539 1185 586 nisi
1209 554 1377 587 eorum
1400 538 1783 604 pigmentorum,

457 634 583 682 quae
607 618 808 665 inventa
832 618 1054 666 nondum
1080 626 1236 677 erant,
1272 618 1460 676 florem,
1496 625 1546 665 et
1570 616 1786 664 colorem

457 696 686 745 defuisse⁴
758 697 887 744 Nam
914 696 975 745 de
1001 697 1162 745 Crassi
1197 697 1418 746 oratione
1443 697 1512 744 sic
1539 695 1785 754 exisfimo,

455 775 616 840 ipsum
642 765 847 823 fortasse
872 775 1046 823 melius
1082 776 1298 840 potuisse
1323 776 1567 824 scribere:
1612 774 1780 833 alium,

455 861 512 901 ut
535 854 760 912 arbitror,
777 854 1041 902 neminem.
1114 855 1223 902 Nec
1247 855 1299 902 in
1317 853 1412 902 hoc
1432 854 1638 902 ironiam
1662 852 1786 900 dux-

455 934 548 980 eris
574 950 695 991 esse,
722 932 855 995 quod
891 949 998 980 eam
1035 932 1306 980 orationem
1345 932 1465 979 mihi
1502 932 1785 995 magistram

452 1009 602 1057 fuisse
645 1009 869 1056 dixerim.
939 1009 1070 1056 Nam
1098 1010 1188 1057 etsi
1223 1017 1279 1056 tu
1305 1009 1479 1057 melius
1505 1008 1784 1057 existimare

452 1087 631 1135 videris
658 1087 719 1134 de
746 1103 820 1144 ea,
846 1085 884 1133 si
910 1103 1056 1149 quam
1081 1090 1214 1134 nunc
1239 1086 1491 1143 habemus,
1518 1085 1781 1146 facultate3

450 1174 632 1222 tamen,
671 1164 1010 1213 adolescentes
1048 1164 1166 1228 quid
1201 1165 1251 1211 in
1277 1165 1468 1212 Latinis
1491 1165 1654 1229 potius
1677 1164 1786 1211 imi-

451 1253 681 1301 taremur,
709 1260 807 1292 non
823 1243 1139 1292 habebamus,
1212 1244 1363 1300 Quod
1382 1252 1547 1291 autem
1566 1243 1731 1307 plures
1755 1260 1785 1291 a

453 1325 591 1373 nobis
616 1323 854 1372 nominati
880 1331 1009 1380 sunt,
1045 1340 1104 1371 eo
1127 1311 1368 1387 pertinuit
1393 1326 1474 1387 (ut
1496 1321 1645 1386 paulo
1669 1328 1785 1370 ante

452 1404 580 1465 dixi)
618 1403 751 1468 quod
791 1402 1002 1466 intelligi
1043 1401 1191 1458 volui,
1230 1401 1281 1448 in
1324 1419 1402 1461 eo,
1439 1400 1578 1466 cujus
1614 1417 1784 1449 omnes

452 1482 754 1547 cupidissimi
796 1490 977 1540 essent,
1031 1479 1178 1546 quain
1216 1480 1362 1545 pauci
1404 1480 1543 1544 digni
1583 1480 1784 1528 nomine

452 1562 734 1609 evaderent.
821 1561 987 1616 Quare
1024 1562 1146 1621 ei'jmm
1183 1576 1281 1619 me,
1333 1576 1396 1607 ne
1439 1559 1477 1606 si
1517 1558 1785 1607 Africanus

452 1639 651 1704 quidem
676 1639 769 1686 fuit
813 1642 893 1703 (ut
918 1639 985 1686 ait
1008 1639 1059 1685 in
1096 1638 1297 1686 historia
1333 1655 1419 1685 sua
1455 1638 1511 1686 C.
1540 1637 1781 1699 Fannius)

452 1718 719 1766 existimari
737 1717 900 1765 velim.
950 1717 1021 1765 Ut
1044 1716 1196 1775 voles,
1218 1717 1379 1780 inquit
1405 1715 1622 1764 Atticus.
1671 1716 1782 1781 Ego

452 1799 581 1846 enim
624 1813 722 1844 non
759 1796 972 1844 alienum
1009 1814 1037 1844 a
1072 1805 1122 1844 te
1157 1797 1411 1860 putabam,
1459 1796 1592 1859 quod
1633 1803 1684 1843 et
1729 1796 1781 1844 in

451 1877 691 1924 Africano
726 1874 916 1934 fuisset,
959 1883 1009 1923 et
1043 1875 1095 1921 in
1132 1875 1348 1922 Socrate.
1421 1874 1553 1922 Tum
1579 1875 1780 1933 Brutus,

449 1956 528 2003 De
553 1956 647 2002 isto
670 1964 841 2019 postea
863 1971 874 2001 ε
914 1953 1000 2001 sed
1025 1962 1080 2001 tu
1107 1953 1308 2018 (inquit,
1334 1969 1412 2001 me
1437 1953 1659 2014 intuens)
1677 1971 1780 2002 ora-

445 2036 603 2084 tiones
628 2035 768 2082 nobis
802 2041 993 2081 veteres
1030 2033 1335 2097 explicabis?
1371 2032 1524 2092 Vero,
1559 2033 1776 2097 inquam,

448 2114 630 2161 Brute:
670 2113 757 2160 sed
780 2113 830 2159 in
869 2112 1112 2170 Cumano,
1154 2119 1240 2159 aut
1275 2111 1325 2157 in
1352 2111 1656 2171 Tusculano,
1694 2112 1779 2160 ali-

447 2192 663 2256 quando,
703 2191 741 2238 si
776 2191 925 2238 modo
960 2190 1163 2239 licebit:
1209 2190 1439 2254 quoniam
1479 2198 1688 2256 utroque
1726 2191 1778 2240 in

447 2271 557 2318 loco
592 2269 742 2318 vicini
768 2286 949 2316 sumus.
1021 2268 1119 2316 Sed
1133 2268 1238 2332 jam
1263 2268 1327 2316 ad
1344 2269 1414 2327 id,
1440 2269 1572 2317 unde
1592 2270 1777 2334 digres-

448 2350 486 2396 si
512 2365 693 2404 sumus,
731 2355 1048 2396 revertamur.

514 2427 811 2475 Hortensius
836 2427 1005 2490 igitur,
1048 2443 1161 2473 cum
1197 2425 1463 2473 admodum
1489 2425 1776 2474 adolescens

445 2524 580 2555 orsus
623 2514 751 2555 esset
791 2507 841 2553 in
866 2504 974 2552 foro
1011 2505 1194 2564 dicere,
1232 2505 1457 2553 celeriter
1481 2505 1543 2553 ad
1567 2504 1775 2569 majores

445 2603 613 2634 causas
655 2584 876 2633 adhiberi
917 2592 1122 2648 coeptus
1159 2592 1247 2632 est.
1320 2584 1615 2648 Quanquam
1651 2583 1774 2632 inci-

444 2665 582 2713 derat
607 2665 656 2712 in
682 2665 880 2722 Cottae,
917 2670 966 2710 et
1002 2662 1205 2727 Sulpicii
1241 2670 1474 2722 aetatem,
1511 2663 1594 2727 qui
1631 2661 1772 2710 annis

442 2744 614 2791 decem
651 2742 875 2807 majores,
912 2741 1189 2790 excellente
1213 2750 1320 2790 tum
1354 2742 1548 2801 Crasso,
1590 2749 1640 2789 et
1665 2740 1770 2788 An-

439 2823 594 2880 tonio,
631 2822 811 2871 deinde
838 2820 1083 2886 Philippo,
1118 2829 1231 2886 post
1253 2820 1405 2880 Juli0‚
1432 2837 1546 2869 cum
1570 2820 1629 2868 iis
1651 2818 1767 2884 ipsis

440 2900 635 2949 dicendi
654 2900 810 2965 gloria
827 2901 1218 2965 comparabatur.
1290 2899 1509 2949 Primum
1529 2895 1765 2972 memoria
