2071 3508
809 399 976 438 LIBER
1006 397 1230 440 PRIMUS.
1638 408 1690 446 55

355 518 479 570 tum,
525 509 786 567 luminum,
844 508 1224 568 stillicidiorum,
1277 516 1689 562 testamentorum

352 596 607 653 ruptorum
654 597 740 636 aut
787 596 1024 646 ratorum,
1073 596 1478 652 caeterarumque
1526 607 1689 638 rerum

349 666 781 715 innumerabilium
820 665 936 731 jura
981 674 1258 725 versentur,
1307 684 1420 715 cum
1469 669 1690 728 omnino,

348 744 468 807 quid
509 761 670 804 suum,
708 745 826 809 quid
862 746 1096 805 alienum,
1133 762 1282 810 quare
1322 746 1536 810 denique
1571 747 1691 795 civis

347 830 431 870 aut
456 824 764 887 peregrinus,
791 841 957 873 servus
983 834 1068 873 aut
1086 825 1210 873 liber
1234 825 1474 890 quispiam
1502 826 1582 884 sit,
1618 826 1689 890 ig-

348 910 509 961 noret,
548 901 752 966 insignis
778 910 853 950 est
876 903 1232 968 impudentiae,
1305 903 1397 951 Illa
1420 921 1537 952 vero
1563 903 1687 952 deri·
1708 910 1815 955 174.

347 978 511 1027 denda
535 982 813 1045 arrogantia
839 991 931 1042 est,
974 983 1023 1030 in
1060 983 1330 1030 minoribus
1366 983 1574 1047 navigiis
1611 1000 1688 1030 ru-

346 1056 459 1105 dem
487 1076 591 1108 esse
616 1077 666 1108 se
693 1060 915 1109 confiteri
938 1083 950 1121 ;
991 1062 1389 1125 quinqueremes,
1426 1070 1512 1109 aut
1537 1062 1685 1109 etiam

344 1137 572 1201 majores,
607 1140 884 1203 gubernare
922 1140 1168 1191 didicisse.
1241 1140 1322 1188 Tu
1349 1140 1467 1187 mihi
1494 1158 1607 1188 cum
1634 1141 1685 1189 in

343 1215 531 1264 circulo
556 1218 803 1282 decipiare
823 1219 1085 1266 adversarii
1111 1219 1539 1284 stipulatiuncula3
1563 1236 1684 1266 -cum

344 1295 573 1359 obsignes
612 1296 814 1344 tabellas
854 1296 1048 1345 clientis
1085 1298 1176 1356 tui,
1213 1297 1390 1362 quibus
1415 1297 1465 1344 in
1490 1298 1684 1346 tabellis

344 1371 394 1419 id
420 1373 481 1420 sit
506 1374 761 1438 scriptum,
788 1391 885 1438 quo
909 1374 990 1422 ille
1017 1376 1270 1439 capiatur;
1299 1391 1393 1438 ego
1417 1375 1507 1422 tibi
1533 1374 1683 1424 ullam

344 1467 539 1499 causam
566 1453 798 1516 majorem
825 1453 1234 1500 committendam
1258 1462 1431 1516 putem
1453 1454 1470 1502 ?
1522 1455 1683 1504 Citius
1702 1483 1737 1519 :Ji

341 1528 619 1587 herculeis,
646 1531 727 1593 qui
755 1531 966 1577 duorum
991 1530 1287 1577 scalmorum
1314 1532 1593 1580 naviculam
1630 1535 1681 1582 in
1703 1536 1709 1601 J
1740 1551 1790 1568 ¹1«

337 1615 483 1670 portu
510 1608 760 1664 everterit,
793 1607 843 1651 in
869 1606 1067 1653 Euxino
1090 1616 1246 1672 ponto
1274 1604 1709 1673 Argonautarqu

338 1700 513 1732 navem
538 1683 841 1748 gubernarit.
916 1683 1072 1742 Quid,
1098 1686 1136 1732 si
1161 1702 1224 1734 ne
1258 1703 1439 1753 parvae
1476 1690 1679 1753 quidem
1701 1697 1807 1743 175.

338 1778 512 1810 causae
539 1772 671 1821 sunt,
696 1762 783 1810 sed
808 1779 953 1826 saepe
980 1764 1242 1824 maximae,
1284 1765 1335 1812 in
1371 1768 1550 1831 quibus
1576 1786 1679 1818 cer-

336 1847 470 1888 tatur
495 1840 686 1908 dejure
723 1841 890 1889 civili?
929 1841 1062 1906 quod
1103 1843 1307 1892 tandem
1348 1862 1402 1893 os
1439 1855 1513 1894 est
1547 1848 1677 1897 illius

334 1921 548 1984 patroni,
574 1921 656 1985 qui
682 1921 745 1967 ad
771 1937 850 1968 eas
877 1938 1046 1968 causas
1072 1922 1176 1970 sine
1202 1922 1302 1971 ulla
1326 1925 1534 1973 scientia
1549 1925 1677 1990 juris

335 2000 488 2047 audet
511 1999 788 2047 accedere?
827 1999 968 2055 Quae
1008 2001 1172 2063 potuit
1209 2001 1361 2064 igitur
1397 2020 1501 2051 esse
1528 2021 1677 2053 causa

334 2076 506 2142 major,
544 2095 689 2142 quam
725 2077 853 2124 illius
879 2077 1060 2135 militis,
1100 2078 1162 2127 de
1200 2079 1339 2143 cujus
1364 2091 1522 2131 morte
1560 2100 1676 2133 cum

333 2155 536 2204 domum
574 2156 723 2204 falsus
760 2158 819 2205 ab
863 2158 1088 2205 exercitu
1122 2159 1326 2206 nuntius
1355 2161 1589 2222 venisset,
1626 2170 1679 2212 et

331 2243 473 2300 pater
498 2234 620 2300 ejus,
646 2253 696 2284 re
717 2236 920 2292 credita,
943 2245 1295 2285 testamentum
1321 2247 1580 2300 mutasset,
1605 2250 1675 2301 et,

332 2331 480 2378 quem
507 2315 551 2362 ei
576 2315 732 2362 visum
754 2324 899 2373 esset,
919 2315 1118 2364 fecisset
1142 2316 1427 2378 haeredem,
1447 2327 1674 2384 essetque
1710 2336 1720 2363 ι

333 2392 436 2458 ipse
479 2394 738 2444 mortuus?
780 2411 857 2442 res
899 2394 1063 2443 delata
1105 2404 1180 2444 est
1217 2396 1281 2447 ad
1317 2400 1672 2458 centumviros,

333 2489 448 2521 cum
474 2472 613 2521 miles
639 2473 840 2521 domum
867 2474 1154 2534 revenisset,
1181 2476 1460 2540 egissetque
1486 2477 1595 2541 lege
1621 2478 1671 2524 in

332 2551 688 2600 haereditatem
709 2561 984 2616 paternam,
1004 2556 1334 2618 [testamento
1360 2555 1596 2604 exhaeres
1620 2555 1672 2603 fi-

330 2629 471 2692 ljus].
532 2630 728 2695 Nempe
754 2631 803 2677 in
824 2648 881 2678 ea
907 2648 1052 2678 causa
1076 2633 1350 2696 quaesitum
1379 2642 1453 2680 est
1479 2633 1540 2681 de
1557 2633 1671 2697 jure

332 2708 483 2768 civili,
524 2709 759 2758 Possetne
799 2718 1115 2774 paternorum
1154 2712 1396 2758 bonorum
1436 2711 1673 2762 exhaeres

332 2803 438 2837 esse
462 2786 607 2847 filius,
644 2805 790 2853 quem
829 2798 969 2853 pater
994 2798 1292 2837 testamento
1318 2806 1478 2854 neque
1505 2790 1673 2840 haere-

333 2865 467 2927 dem,
492 2883 654 2933 neque
680 2867 1010 2918 exhaeredem
1030 2867 1302 2933 scripsisset
1320 2869 1639 2919 nominatim?
1703 2868 1706 2871 ’

1193 2961 1226 2993 D
1248 2955 1279 2993 4
