2071 3508
292 1359 331 1418 QQ

340 1358 397 1418 ,es

357 2413 359 2415 -
430 2391 486 2429 ut
527 2389 728 2439 tremor,
774 2388 832 2428 ut
871 2380 1124 2444 scriptum,
1174 2387 1261 2428 aut
1300 2380 1634 2444 obsignatum,
1674 2388 1762 2428 aut
1831 2393 1837 2398 ·

442 457 520 497 472
943 452 1279 492 ORATORIAE

440 555 777 621 confirmatur,
819 577 934 610 cum
975 569 1027 610 et
1066 561 1333 611 voluntatis
1373 562 1426 610 in
1466 578 1552 611 reo
1593 579 1770 612 causae

438 643 770 708 reperiuntur,
807 649 859 690 et
897 641 1124 690 facultas.
1196 643 1259 690 In
1298 641 1554 690 voluntate
1601 649 1769 691 autem

438 723 625 771 utilitas
650 739 712 770 ex
741 721 1006 785 adeptione
1038 721 1245 786 alicujus
1275 721 1541 781 commodi,
1574 721 1770 770 vitatio-

438 818 601 866 neque
621 799 826 865 alicujus
845 800 1149 848 incommodi
1168 801 1437 864 quaeritur,
1460 808 1518 849 ut
1536 807 1622 849 aut
1640 817 1769 865 spes,

439 889 524 930 aut
559 887 721 929 metus
754 879 1006 944 impulisse
1039 879 1285 939 videatur,
1320 887 1407 928 aut
1441 879 1564 928 alius
1594 897 1770 945 repen-

437 961 568 1009 tinus
592 959 744 1007 animi
767 967 948 1015 motus,
986 958 1070 1022 qui
1094 959 1242 1007 etiam
1268 959 1413 1007 citius
1444 959 1497 1005 in
1519 959 1767 1019 fraudem,

436 1057 584 1105 quam
603 1038 728 1086 ratio
747 1037 993 1095 utilitatis,
1016 1038 1241 1102 impellit.
1314 1038 1650 1104 Quamobrem
1669 1038 1770 1086 sint

436 1120 559 1167 haec
585 1118 719 1166 dict-a
743 1117 805 1165 de
831 1115 1005 1164 causis.
1076 1116 1269 1164 FILIUS.
1326 1116 1520 1175 TeneO,
1545 1123 1597 1164 et
1621 1132 1769 1180 quae-

436 1215 507 1255 ro,
545 1198 629 1262 qui
665 1197 763 1245 sint
796 1195 868 1243 illi
904 1202 1129 1255 eventus,
1167 1212 1290 1261 quos
1331 1212 1394 1244 ex
1435 1195 1594 1244 causis
1640 1194 1769 1244 effici

435 1277 621 1325 dixisti.
1153 1289 1160 1297 ·

503 1356 692 1404 PATER.
753 1354 1122 1419 Consequentia
1145 1353 1388 1418 quaedam
1413 1353 1554 1418 signa
1575 1360 1769 1418 praete-

396 1444 401 1449 '
433 1435 535 1496 riti,
571 1443 622 1484 et
645 1435 783 1500 quasi
817 1435 1054 1499 impressa
1083 1432 1204 1482 facti
1228 1433 1471 1498 vestigia:
1509 1450 1636 1498 qnae
1660 1433 1767 1498 qui-

435 1515 550 1564 dein
577 1514 658 1562 vel
692 1514 907 1562 maxime
939 1513 1270 1577 suspicionem
1306 1520 1527 1572 movent,
1563 1519 1614 1561 et
1649 1527 1768 1576 qua-

435 1595 474 1643 si
497 1594 651 1643 tacita
675 1600 792 1641 sunt
815 1593 1077 1640 criminum
1101 1591 1400 1640 testimonia.
1472 1591 1643 1656 Atque
1666 1591 1765 1639 hoc

436 1674 640 1738 quidem
675 1673 917 1737 graviora,
954 1671 1089 1734 quod
1124 1686 1300 1718 causae
1336 1671 1666 1719 communiter
1698 1670 1770 1719 vi-

433 1753 614 1800 dentur
629 1750 928 1808 insimulare,
965 1756 1016 1796 et
1040 1765 1245 1812 arguere
1265 1765 1436 1797 omnes
1453 1765 1610 1813 posse,
1643 1765 1763 1813 quo-

431 1846 541 1878 rum
578 1830 726 1878 modo
760 1827 1043 1876 interfuerit
1071 1826 1286 1890 aliquid:
1323 1826 1447 1875 haec
1471 1828 1668 1892 proprie
1692 1835 1763 1877 at-

431 1909 634 1972 tingunt
666 1924 748 1955 eos
784 1906 928 1970 ipsos,
964 1905 1049 1969 qui
1080 1912 1373 1968 arguuntur,
1408 1913 1465 1953 ut
1496 1905 1671 1965 telum,
1706 1912 1765 1954 ut.

430 1987 710 2052 vestigium,
763 1993 821 2033 ut
859 2001 1022 2043 cruor,
1065 1992 1123 2032 ut
1158 1983 1521 2048 deprehensum
1558 1983 1764 2050 aliquid,

432 2067 565 2131 quod
602 2065 821 2114 ablatum
860 2073 1147 2129 ereptumve
1183 2063 1430 2123 videatur,
1469 2071 1526 2112 ut
1562 2081 1764 2129 respon-

431 2162 537 2193 sum
562 2145 921 2203 inconstanter,
955 2151 1014 2191 ut
1041 2143 1354 2200 haesitatum,
1388 2149 1446 2192 ut
1472 2143 1762 2204 titubatum,

433 2232 486 2272 ut
512 2240 626 2272 cum
656 2223 820 2287 aliquo
843 2223 994 2280 visus,
1030 2238 1094 2270 ex
1118 2238 1216 2285 quo
1247 2222 1435 2286 supicio
1467 2223 1668 2282 oriatur,
1703 2228 1784 2275 ut.

431 2320 490 2350 eo
515 2302 620 2366 ipso
644 2301 696 2348 in
723 2300 836 2349 loco
859 2300 1010 2359 visus,
1044 2300 1097 2347 in
1121 2316 1220 2363 quo
1251 2299 1462 2360 facinus,
1497 2309 1554 2349 ut
1585 2299 1762 2365 pallor,

431 2459 709 2524 depositum
734 2458 1005 2523 quippiam.
1067 2458 1211 2506 Haec
1237 2458 1388 2517 enim,
1414 2465 1465 2506 et
1487 2457 1604 2506 talia
1627 2465 1758 2515 sunt,

430 2556 555 2603 quae
579 2547 666 2586 aut
688 2538 741 2584 in
764 2554 817 2585 re
835 2538 958 2603 ipsa,
983 2545 1069 2585 aut
1088 2538 1237 2586 etiam
1261 2545 1376 2585 ante
1397 2534 1550 2601 qiiam'
1568 2536 1759 2586 factum

431 2625 523 2677 est,
559 2624 646 2665 aut
683 2624 873 2681 postea,
921 2616 1244 2681 suspiciosum
1291 2616 1480 2664 crimen
1526 2615 1760 2666 efficiant.

433 2697 576 2753 Quae
601 2695 640 2743 si
664 2712 764 2744 non
789 2703 952 2755 erunt,
988 2703 1158 2744 tamen
1182 2696 1340 2743 causis
1363 2695 1499 2760 ipsis,
1535 2702 1586 2744 et
1610 2694 1759 2744 effici-

432 2775 547 2821 endi
586 2773 906 2823 facultatibus
949 2775 1042 2824 niti
1083 2775 1349 2841 oportebit,
1395 2773 1631 2839 adjuncta
1674 2773 1760 2823 illa

432 2852 763 2915 disputatione
811 2853 1081 2913 communi,
1138 2870 1240 2902 non
1283 2853 1434 2902 fuisse
1473 2852 1613 2902 illum
1653 2860 1757 2902 tam

431 2938 698 2994 amentem,
732 2939 790 2981 ut
821 2932 1006 2982 indicia
1038 2931 1158 2982 facti
1194 2939 1279 2982 aut
1312 2932 1527 2998 effligere
1557 2939 1645 2982 aut
1674 2946 1756 2980 oc-
