2071 3508
304 585 412 628 189.

312 988 333 1027 1
342 985 421 1026 90.

328 2008 434 2050 191.

440 398 522 436 290
916 395 993 434 DE
1023 394 1292 435 ORATORE

443 505 531 553 sed
569 520 658 570 pro
697 503 773 553 his
813 505 1040 554 omnibus
1065 506 1168 554 sine
1203 504 1304 553 ulla
1341 503 1650 552 dubitatione
1674 514 1774 552 res-

443 587 657 651 pondeo.
749 585 859 649 Ego
899 602 1031 642 vero,
1085 585 1245 650 inquit
1288 584 1553 640 Antonius,
1606 582 1774 631 inveni

445 666 662 722 tandem,
715 682 861 729 quem
899 681 1133 728 negaram
1173 665 1224 711 in
1260 681 1319 713 eo
1356 680 1503 729 quem
1527 662 1700 726 scripsi
1721 660 1778 708 li-

445 746 576 795 bello
618 762 696 793 me
734 744 997 802 invenisse,
1032 736 1352 807 eloquentem:
1405 743 1492 791 sed
1533 758 1592 790 eo
1627 749 1678 789 te
1713 756 1778 788 ne

445 825 680 874 laudandi
717 823 916 887 quidem
953 839 1099 870 causa
1122 821 1450 886 interpellavi,
1485 838 1548 870 ne
1574 819 1694 885 quid
1717 819 1781 867 de

448 907 545 954 hoc
570 913 671 953 tam
696 903 878 966 exiguo
903 901 1138 950 sermonis
1161 901 1235 948 tui
1259 909 1481 965 tempore
1505 900 1657 948 verbo
1680 914 1782 946 uno

452 1002 565 1033 meo
606 982 978 1030 diminueretur.
1064 981 1212 1028 Hanc
1252 981 1421 1045 igitur,
1452 980 1672 1029 Crassus
1712 978 1784 1025 in-

454 1065 579 1129 quit,
614 1062 677 1109 ad
718 1061 898 1124 legem,
941 1076 1054 1108 cum
1093 1060 1466 1119 exercitatione,
1506 1067 1613 1108 tum
1655 1057 1787 1116 stilo,

455 1144 538 1209 qui
577 1151 628 1190 et
665 1140 772 1196 alia,
811 1148 862 1187 et
884 1138 980 1186 hoc
1012 1139 1225 1187 maxime
1251 1147 1393 1187 ornat
1416 1156 1473 1187 ac
1497 1138 1656 1197 limat,
1689 1137 1788 1186 for-

455 1222 636 1270 manda
659 1219 796 1268 vobis
815 1218 971 1266 oratio
996 1226 1083 1266 est.
1153 1218 1331 1282 Neque
1350 1226 1517 1266 tamen
1540 1217 1636 1265 hoc
1660 1216 1790 1264 tanti

455 1300 634 1349 laboris
660 1306 752 1357 est,
777 1297 948 1362 quanti
972 1296 1190 1344 videtur:
1218 1313 1312 1345 nec
1337 1304 1451 1345 sunt
1474 1296 1598 1344 haec
1622 1295 1792 1361 rhyth-

457 1380 699 1427 micorum
725 1395 781 1425 ac
801 1377 1100 1424 musicorum
1121 1377 1358 1424 acerrima
1381 1392 1554 1424 norma
1577 1375 1792 1439 dirigen-

460 1458 555 1506 da:
612 1465 663 1505 et
704 1454 1019 1505 efficiendum
1059 1463 1133 1502 est
1173 1454 1296 1502 illud
1334 1455 1483 1503 modo
1519 1453 1673 1510 vobis,
1727 1468 1792 1501 ne

461 1535 582 1583 fluat
606 1535 777 1590 oratio,
816 1550 879 1581 ne
903 1541 1128 1597 vagetur,
1170 1550 1232 1581 ne
1256 1533 1449 1581 insistat
1472 1532 1695 1591 interius,
1729 1547 1793 1580 ne

463 1620 693 1661 excurrat
730 1612 955 1675 longius3
994 1619 1050 1658 ut
1092 1611 1322 1660 membris
1347 1611 1698 1675 distinguatur,
1738 1617 1795 1658 ut

464 1691 809 1740 conversiones
843 1690 1022 1738 habeat
1057 1689 1317 1737 absolutas.
1388 1690 1566 1753 Neque
1605 1705 1798 1754 semper

463 1771 705 1819 utendum
748 1778 821 1817 est
845 1769 1195 1833 perpetuitate,
1232 1776 1282 1816 et
1313 1768 1448 1831 quasi
1474 1768 1795 1816 conversione

464 1852 757 1907 verborum3
798 1849 885 1896 sed
921 1864 1065 1912 saepe
1101 1847 1347 1912 carpenda
1383 1847 1613 1895 membris
1637 1847 1794 1894 minu-

464 1929 670 1977 tioribus
711 1928 866 1976 oratio
905 1936 996 1985 est,
1050 1943 1173 1990 quae
1216 1934 1381 1974 tamen
1428 1927 1533 1990 ipsa
1578 1927 1798 1974 membra

467 2016 583 2056 sunt
606 2008 822 2056 numeris
845 2006 1123 2054 vincienda.
1195 2007 1373 2070 Neque
1397 2023 1484 2054 vos
1506 2021 1683 2070 paeon,
1714 2014 1799 2054 aut

467 2087 647 2134 herous
688 2086 769 2133 ille
813 2087 1111 2133 conturbet:
1149 2085 1240 2149 ipsi
1264 2092 1530 2133 occurrent
1553 2085 1797 2133 orationi:

469 2165 581 2228 ipsi,
616 2165 835 2227 inquam,
872 2181 923 2211 se
962 2163 1181 2220 offerent,
1221 2172 1270 2211 et
1307 2163 1678 2228 respondebunt
1700 2179 1801 2211 non

471 2241 668 2289 vocati:
709 2241 1017 2289 consuetudo
1052 2242 1200 2288 modo
1235 2241 1316 2289 illa
1341 2242 1402 2289 sit
1426 2242 1691 2300 scribendi,
1732 2250 1802 2290 at-

472 2336 569 2384 que
612 2317 831 2375 dicendi,
867 2326 923 2365 ut
948 2319 1222 2366 sententiae
1253 2319 1413 2367 verbis
1436 2319 1687 2379 finiantur,
1723 2337 1803 2370 eo-

472 2413 679 2461 rumque
717 2396 976 2444 verborum
1010 2395 1208 2459 junctio
1248 2406 1476 2445 nascatur
1522 2415 1550 2445 a
1587 2399 1803 2462 proceris

474 2475 692 2523 numeris
732 2491 789 2522 ac
831 2473 1012 2532 liberis,
1062 2474 1274 2522 maxime
1312 2475 1481 2534 heroo,
1523 2484 1574 2525 et
1612 2494 1802 2542 paeone

474 2556 656 2619 priore,
691 2562 777 2601 aut
813 2553 1018 2612 cretico,
1055 2554 1140 2601 sed
1175 2554 1306 2602 varie
1332 2555 1663 2622 distincteque
1687 2574 1802 2606 con-

476 2634 618 2682 sidat.
689 2633 905 2681 Notatur
928 2633 1059 2681 enim
1084 2634 1296 2683 maxime
1322 2634 1591 2685 similitudo
1613 2637 1665 2684 in
1690 2654 1805 2687 con-

478 2712 809 2776 quiescendo:
849 2721 914 2769 et,
953 2713 991 2760 si
1031 2713 1175 2777 primi
1214 2721 1264 2762 et
1299 2716 1535 2779 postremi
1558 2715 1628 2763 illi
1650 2716 1804 2781 pedes

480 2800 594 2841 sunt
634 2792 727 2842 hac
758 2792 947 2841 ratione
971 2792 1164 2850 servati,
1201 2793 1352 2843 medii
1385 2802 1591 2859 possunt
1610 2794 1796 2857 latere;
