2071 3508
354 692 459 752 60.

497 441 577 481 382
996 441 1074 483 DE
1104 440 1303 483 CLARIS

497 550 595 614 pia.
663 549 791 597 Nam
816 566 928 598 cum
952 552 1118 600 tardus
1142 552 1192 598 in
1218 551 1495 615 cogitando,
1535 558 1640 600 tum
1664 552 1715 599 in
1738 551 1808 599 in-

499 628 733 676 struendo·
756 628 1014 694 dissipatus
1036 629 1145 678 fuit.

565 706 774 770 Reliqua
815 707 913 754 duo
949 715 1075 764 sunt,
1113 724 1277 772 agere,
1314 716 1364 756 et
1387 707 1678 755 meminisse.
1749 707 1811 755 In

496 792 705 849 utroque
722 785 986 833 cachinnos
1001 786 1308 833 irridentium
1325 786 1678 834 commovebat.
1701 784 1811 832 Mo-

496 870 575 910 tus
599 870 703 911 erat
725 863 783 921 is,
818 880 964 927 quem
1000 871 1051 911 et
1075 863 1131 911 C.
1157 863 1315 913 Julius
1339 865 1389 911 in
1412 871 1704 928 perpetuum
1727 879 1814 910 no-

496 941 637 999 tavit,
673 957 786 988 cum
811 958 873 988 ex
898 958 975 999 eo,
1009 941 1060 988 in
1084 950 1342 1006 utramque
1366 950 1554 1006 partem
1579 949 1684 989 toto
1709 957 1813 989 cor-

495 1035 614 1083 pore
654 1018 928 1074 vacillante,
977 1020 1232 1082 quaesivit,
1279 1025 1294 1046 ‘
1320 1021 1426 1084 quis
1464 1019 1747 1083 loqueretur
1783 1036 1812 1066 e

495 1103 510 1125 ‘
535 1098 680 1145 lintre
699 1099 730 1144 ε’
757 1105 808 1145 et
831 1097 924 1145 Cn.
951 1097 1174 1153 Sicinius,
1194 1098 1341 1146 homo
1365 1099 1601 1162 impurus,
1626 1098 1713 1146 sed
1730 1097 1813 1145 ad-

496 1176 697 1223 modum
742 1175 991 1232 ridiculus‚
1042 1192 1205 1239 neque
1242 1176 1375 1223 aliud
1419 1177 1471 1222 in
1508 1193 1567 1224 eo
1608 1177 1811 1224 oratoris

497 1255 650 1304 simile
677 1254 957 1318 quidquam.
1027 1254 1077 1302 Is
1112 1271 1225 1302 cum
1248 1255 1472 1302 tribunus
1495 1254 1650 1318 plebis
1676 1254 1814 1302 Curi-

496 1350 640 1382 onem
666 1339 716 1380 et
741 1332 1005 1380 Octavium
1031 1332 1259 1381 consules
1277 1333 1608 1397 produxisset,
1645 1331 1816 1380 Curio-

496 1430 590 1477 que
616 1411 770 1459 multa
793 1411 1014 1470 dixisset,
1033 1411 1235 1459 sedente
1256 1411 1348 1460 Cn.
1370 1411 1582 1459 Octavio
1607 1410 1815 1473 collega,

496 1491 580 1555 qui
605 1490 863 1538 devinctus
886 1498 991 1538 erat
1012 1489 1189 1546 fasciis,
1226 1498 1276 1538 et
1299 1490 1463 1537 multis
1487 1490 1815 1538 medicamen-

496 1570 574 1625 tis,
610 1577 809 1633 propter
845 1567 1061 1615 dolorem
1100 1576 1311 1627 artuum,
1347 1567 1612 1625 delibutus,
1654 1572 1668 1594 ‘
1693 1583 1816 1614 nun-

500 1664 665 1711 quam,
699 1646 871 1710 inquit,
911 1645 1105 1702 Octavi,
1144 1645 1361 1709 collegae
1396 1654 1484 1694 tuo
1514 1646 1720 1710 gratiam
1744 1662 1816 1693 re-

500 1727 643 1782 feres,
681 1725 763 1789 qui
787 1725 878 1771 nisi
903 1741 952 1771 se
989 1741 1075 1772 suo
1099 1740 1232 1771 more
1259 1723 1558 1788 jactavisset,
1595 1723 1740 1771 hodie
1765 1732 1815 1771 te

501 1806 611 1852 istic
635 1820 831 1851 muscae
861 1803 1221 1850 comedissent.'
1293 1801 1537 1851 Memoria
1560 1814 1723 1850 autem
1748 1803 1815 1850 ita

501 1883 597 1931 fuit
619 1882 766 1938 nulla,
803 1890 859 1929 ut
900 1881 1170 1944 aliquoties,
1206 1882 1300 1929 tria
1335 1898 1448 1929 cum
1488 1881 1816 1947 proposuisset

501 1971 586 2009 aut
626 1968 851 2024 quartum
891 1959 1114 2018 adderet,
1171 1968 1256 2008 aut
1301 1961 1500 2008 tertium
1547 1968 1816 2023 quaereret.

504 2040 604 2096 Qui
627 2040 677 2086 in
693 2038 885 2102 judicio
907 2038 1097 2102 privato
1119 2038 1197 2086 vel
1222 2038 1448 2095 maximo,
1476 2055 1587 2086 cum
1613 2055 1706 2101 ego
1728 2054 1819 2101 pro

504 2118 689 2165 Titinia
714 2117 889 2164 Cottae
925 2116 1292 2179 peroravissem,
1327 2116 1408 2164 ille
1433 2126 1603 2165 contra
1627 2133 1704 2164 me
1728 2132 1819 2180 pro

504 2196 604 2243 Ser.
631 2195 821 2242 Naevio
864 2194 1065 2250 diceret,
1109 2195 1269 2244 subito
1303 2203 1456 2243 totam
1483 2211 1677 2243 causam
1702 2193 1819 2242 obli-

502 2282 582 2320 tus
607 2280 698 2330 est,
731 2271 880 2334 idque
903 2271 1150 2319 veneficiis
1186 2280 1236 2319 et
1271 2273 1578 2320 cantionibus
1603 2272 1817 2320 Titiniae

503 2350 692 2398 factum
729 2365 832 2397 esse
868 2349 1080 2397 dicebat.
1150 2350 1339 2414 Magna
1377 2351 1498 2398 haec
1522 2350 1816 2398 immemoris

503 2427 690 2491 ingenii
736 2427 904 2490 signa:
965 2427 1052 2474 sed
1088 2427 1209 2474 nihil
1248 2428 1453 2492 turpius,
1502 2444 1646 2492 quam
1683 2427 1814 2491 quod

502 2506 651 2552 etiam
675 2505 725 2551 in
750 2504 940 2568 scriptis
964 2505 1358 2565 obliviscebatur,
1393 2506 1510 2570 quid
1532 2505 1678 2570 paulo
1701 2513 1815 2554 ante

502 2584 776 2648 posuisset3
830 2592 887 2631 ut
926 2584 975 2630 in
1018 2601 1076 2631 eo
1110 2584 1247 2641 libro,
1284 2585 1368 2633 ubi
1404 2602 1454 2633 se
1491 2592 1753 2633 exeuntem
1788 2600 1817 2632 e

503 2669 694 2719 senam,
730 2669 780 2708 et
821 2677 932 2708 cum
969 2661 1126 2709 Pansa
1166 2669 1349 2720 nostro,
1390 2670 1440 2710 et
1465 2679 1575 2710 cum
1602 2662 1815 2710 Curione

502 2737 602 2785 filio
638 2738 999 2804 colloquentem
1038 2739 1176 2798 facit,
1224 2756 1336 2788 cum
1377 2748 1597 2788 senatum
1638 2739 1815 2787 Caesar

505 2815 674 2864 consul
713 2816 975 2874 habuisset,
1026 2818 1279 2883 omnisque
1319 2818 1400 2868 ille
1438 2835 1595 2868 sermo
1635 2817 1813 2866 ductus
