2071 3508
761 398 977 438 TOPICA.
1453 399 1532 435 513

271 504 396 554 Loci
431 513 596 554 autem
635 505 717 568 qui
759 507 821 554 ad
857 520 1073 569 quasque
1109 503 1419 567 quaestiones
1454 521 1532 553 ac-
1565 490 1669 550 23.

204 584 504 633 commodati
530 590 658 638 sunt,
698 583 932 646 deinceps
957 591 1032 630 est
1052 581 1341 629 videndum.
1412 582 1531 630 Om-

203 678 291 711 nes
315 662 513 726 quidem
554 660 643 718 illi,
679 675 802 722 quos
826 676 971 724 supra
995 659 1224 715 diximus,
1267 659 1331 706 ad
1353 660 1532 723 pleras-

202 756 300 803 que
338 747 484 787 sunt:
529 737 616 785 sed
653 737 734 784 alii
775 737 838 784 ad
879 737 1014 796 alias,
1050 745 1106 785 ut
1144 737 1265 796 dixi,
1301 738 1529 802 aptiores.

200 817 287 866 Ad
328 815 665 881 conjecturam
700 816 853 880 igitur
892 816 1105 864 maxime
1143 824 1272 881 apta,
1317 832 1442 880 quae
1467 833 1531 864 ex

198 895 377 954 causis,
402 911 527 959 quae
552 911 614 943 ex
639 894 844 953 effectis,
865 910 990 959 quae
1015 911 1076 942 ex
1102 893 1380 959 conjunctis
1405 895 1530 943 sumi

197 982 420 1039 possunt.
493 973 580 1021 Ad
599 972 937 1022 definitionem
959 981 1124 1021 autem
1149 973 1366 1037 pertinet
1385 973 1530 1033 ratio,

199 1059 252 1099 et
289 1051 496 1100 scientia
531 1050 814 1099 definiendi.
888 1050 1058 1114 Atque
1082 1051 1199 1099 huic
1224 1052 1400 1115 generi
1424 1052 1530 1099 fini-

199 1129 377 1178 timum
403 1137 478 1177 est
502 1127 641 1185 illud,
680 1128 815 1192 quod
839 1127 1073 1192 appellari
1099 1127 1161 1176 de
1187 1128 1363 1177 eodem
1389 1138 1438 1178 et
1464 1129 1530 1178 al-

202 1215 309 1257 tero
334 1208 579 1255 diximus:
619 1207 753 1271 quod
782 1223 940 1270 genus
963 1206 1123 1256 forma
1147 1209 1388 1272 quaedam
1415 1209 1531 1257 defi-

201 1287 402 1335 nitionis
427 1296 516 1336 est.
587 1287 637 1336 Si
663 1287 793 1335 enim
819 1296 1100 1352 quaeratur,
1116 1287 1313 1337 idemne
1338 1289 1400 1337 sit
1422 1306 1532 1354 pern

200 1366 385 1415 tinacia
409 1375 460 1415 et
481 1367 865 1432 perseverantia,
902 1366 1268 1415 definitionibus
1301 1367 1530 1432 judican-

201 1445 318 1492 dum
346 1454 435 1494 est.
506 1445 631 1494 Loci
656 1453 822 1494 autem
848 1445 1148 1494 convenient
1176 1446 1228 1493 in
1253 1445 1357 1511 ejus
1380 1463 1530 1511 gene-

199 1523 264 1570 ris
284 1523 641 1587 quaestionem,
662 1531 1040 1587 consequenteS‚
1059 1524 1429 1582 antecedentes,
1457 1543 1530 1574 re-

198 1611 498 1668 pugnantes,
534 1602 781 1667 adjunctis
817 1602 966 1650 etiam
1002 1603 1194 1651 duobus
1230 1604 1306 1662 iis,
1343 1605 1427 1669 qui
1452 1622 1528 1653 su-

197 1690 402 1730 muntur
426 1698 489 1730 ex
514 1682 673 1730 causis
697 1690 749 1730 et
773 1681 976 1729 effectis.
1048 1682 1177 1730 Nam
1203 1684 1242 1730 si
1271 1683 1399 1732 hanc
1424 1701 1528 1733 rem

197 1759 281 1808 illa
305 1761 543 1824 sequitur,
584 1760 713 1808 hanc
755 1768 922 1808 autem
953 1777 1053 1808 non
1092 1745 1341 1825 sequitur:
1381 1772 1467 1812 aut
1491 1764 1530 1812 si

199 1838 315 1888 huic
339 1841 411 1888 rei
433 1839 517 1888 illa
542 1839 813 1898 antecedit,
849 1840 965 1887 huic
997 1856 1096 1888 non
1122 1842 1405 1891 antecedit:
1444 1852 1531 1893 aut

199 1919 239 1967 si
263 1918 379 1966 huic
421 1918 492 1966 rei
533 1925 796 1982 repugnat,
832 1917 902 1965 illi
942 1934 1042 1966 non
1066 1928 1342 1984 repugnat:
1380 1930 1467 1970 aut
1490 1923 1529 1970 si

199 1997 345 2062 hujus
368 1997 438 2045 rei
463 1997 607 2056 11300,
643 1995 772 2043 illius
810 1995 905 2043 alia
947 2013 1094 2045 causa
1118 2006 1221 2046 est:
1261 2008 1347 2047 aut
1388 2001 1427 2048 si
1465 2018 1530 2050 ex

198 2075 295 2124 alio
319 2075 434 2134 hoc,
477 2091 539 2123 ex
578 2073 673 2122 alio
708 2072 832 2122 illud
867 2073 1099 2122 effectum
1125 2084 1228 2125 est:
1268 2093 1331 2126 ex
1356 2080 1528 2142 quovis

198 2155 375 2204 horum
399 2153 471 2213 id,
507 2153 568 2201 de
608 2169 705 2217 quo
731 2153 996 2216 quaeritur,
1034 2154 1253 2215 idemne,
1293 2173 1357 2204 an
1395 2157 1530 2206 aliud

199 2235 276 2291 sit,
304 2233 513 2282 inveniri
537 2239 715 2298 potest.
778 2231 864 2280 Ad
882 2233 1084 2281 tertium
1108 2250 1267 2298 genus
1285 2239 1529 2301 quaestio-

199 2313 293 2371 nis,
329 2312 379 2358 in
405 2328 520 2375 quo,
557 2309 700 2374 quale
726 2310 802 2368 sit,
835 2311 1103 2374 quaeritur,
1128 2313 1179 2360 in
1206 2317 1527 2379 comparatio-

199 2407 316 2439 nem
341 2407 399 2438 ea
423 2389 625 2445 cadunt,
664 2405 788 2453 quae
817 2389 965 2453 paulo
990 2399 1104 2439 ante
1129 2391 1180 2439 in
1206 2396 1528 2458 comparatio-

200 2470 274 2518 nis
298 2469 411 2518 loco
447 2475 735 2517 enumerata
769 2476 900 2517 sunt.
971 2469 1031 2517 In
1072 2469 1196 2518 illud
1235 2480 1402 2521 autem
1442 2493 1528 2540 ge-

200 2565 312 2608 nus,
347 2549 399 2595 in
423 2564 521 2612 quo
547 2547 609 2596 de
641 2548 924 2612 expetendo
963 2547 1303 2615 fugiendoque
1339 2555 1528 2616 quaeri-

201 2637 301 2687 tur,
336 2626 635 2675 adhibentur
676 2644 753 2685 ea,
795 2644 919 2691 quae
962 2637 1077 2676 sunt
1117 2638 1203 2677 aut
1238 2631 1408 2691 animi,
1443 2643 1528 2681 aut

202 2705 440 2771 corporis,
474 2713 562 2754 aut
585 2713 805 2763 externa,
833 2705 912 2754 vel
938 2708 1214 2765 commoda,
1241 2710 1318 2757 vel
1344 2711 1528 2760 incom-

200 2785 364 2834 moda.
431 2784 662 2850 Itemque
683 2801 797 2833 cum
818 2784 880 2833 de
900 2785 1108 2834 honesto
1132 2788 1363 2853 turpique
1383 2807 1528 2854 quae-

201 2864 343 2925 ritur,
367 2863 433 2914 ad
456 2864 607 2914 animi
629 2865 761 2915 bona
794 2864 874 2914 vel
901 2864 1046 2926 mala,
1088 2867 1247 2916 omnis
1272 2867 1530 2935 dirigenda

274 2953 281 2959 ’
1105 2961 1140 2994 K
1165 2945 1197 2993 k
