<?xml version="1.0" encoding="UTF-8"?>
<!DOCTYPE html PUBLIC "-//W3C//DTD XHTML 1.0 Transitional//EN"
    "http://www.w3.org/TR/xhtml1/DTD/xhtml1-transitional.dtd">
<html xmlns="http://www.w3.org/1999/xhtml" xml:lang="en" lang="en">
 <head>
  <title>
</title>
<meta http-equiv="Content-Type" content="text/html;charset=utf-8" />
  <meta name='ocr-system' content='tesseract 3.04.00' />
  <meta name='ocr-capabilities' content='ocr_page ocr_carea ocr_par ocr_line ocrx_word'/>
</head>
<body>
  <div class='ocr_page' id='page_1' title='image "./deoratorelibrit00ciceuoft_0376.png"; bbox 0 0 2071 3508; ppageno 0'>
   <div class='ocr_carea' id='block_1_1' title="bbox 296 2713 404 2775">
    <p class='ocr_par' dir='ltr' id='par_1_1' title="bbox 296 2713 404 2775">
     <span class='ocr_line' id='line_1_1' title="bbox 296 2713 404 2775; baseline 0.019 -2"><span class='ocrx_word' id='word_1_1' title='bbox 296 2713 404 2775; x_wconf 65' lang='lat'>49.</span> 
     </span>
    </p>
   </div>
   <div class='ocr_carea' id='block_1_2' title="bbox 438 380 1270 450">
    <p class='ocr_par' dir='ltr' id='par_1_2' title="bbox 438 380 1270 450">
     <span class='ocr_line' id='line_1_2' title="bbox 438 380 1270 450; baseline -0.006 0"><span class='ocrx_word' id='word_1_2' title='bbox 438 413 516 450; x_wconf 72' lang='lat'>368</span> <span class='ocrx_word' id='word_1_3' title='bbox 950 408 1027 448; x_wconf 83' lang='lat' dir='ltr'>DE</span> <span class='ocrx_word' id='word_1_4' title='bbox 1055 380 1270 448; x_wconf 66' lang='lat' dir='ltr'>CLAms&#39;</span> 
     </span>
    </p>
   </div>
   <div class='ocr_carea' id='block_1_3' title="bbox 429 515 1795 2946">
    <p class='ocr_par' dir='ltr' id='par_1_3' title="bbox 442 515 1769 584">
     <span class='ocr_line' id='line_1_3' title="bbox 442 515 1769 584; baseline -0.002 -17"><span class='ocrx_word' id='word_1_5' title='bbox 442 518 646 584; x_wconf 90' lang='lat' dir='ltr'>Aphilia</span> <span class='ocrx_word' id='word_1_6' title='bbox 669 517 992 567; x_wconf 83' lang='lat' dir='ltr'>concionibus</span> <span class='ocrx_word' id='word_1_7' title='bbox 1017 518 1194 583; x_wconf 85' lang='lat' dir='ltr'>aptior,</span> <span class='ocrx_word' id='word_1_8' title='bbox 1214 533 1360 582; x_wconf 84' lang='lat' dir='ltr'>quam</span> <span class='ocrx_word' id='word_1_9' title='bbox 1377 515 1596 580; x_wconf 81' lang='lat' dir='ltr'>judiciis.</span> <span class='ocrx_word' id='word_1_10' title='bbox 1649 516 1769 564; x_wconf 91' lang='lat' dir='ltr'>Pru-</span> 
     </span>
    </p>

    <p class='ocr_par' dir='ltr' id='par_1_4' title="bbox 441 592 1772 659">
     <span class='ocr_line' id='line_1_4' title="bbox 441 592 1772 659; baseline -0.004 -13"><span class='ocrx_word' id='word_1_11' title='bbox 441 594 563 646; x_wconf 88' lang='lat' dir='ltr'>dens</span> <span class='ocrx_word' id='word_1_12' title='bbox 588 598 736 646; x_wconf 88' lang='lat' dir='ltr'>etiam</span> <span class='ocrx_word' id='word_1_13' title='bbox 762 596 825 644; x_wconf 87' lang='lat' dir='ltr'>T.</span> <span class='ocrx_word' id='word_1_14' title='bbox 855 596 1051 644; x_wconf 88' lang='lat' dir='ltr'>Annius</span> <span class='ocrx_word' id='word_1_15' title='bbox 1078 595 1274 654; x_wconf 85' lang='lat' dir='ltr'>Velina,</span> <span class='ocrx_word' id='word_1_16' title='bbox 1295 602 1345 643; x_wconf 93' lang='lat' dir='ltr'>et</span> <span class='ocrx_word' id='word_1_17' title='bbox 1368 594 1420 641; x_wconf 90' lang='lat' dir='ltr'>in</span> <span class='ocrx_word' id='word_1_18' title='bbox 1445 592 1549 658; x_wconf 85' lang='lat' dir='ltr'>ejus</span> <span class='ocrx_word' id='word_1_19' title='bbox 1573 593 1772 659; x_wconf 90' lang='lat' dir='ltr'>generis</span> 
     </span>
    </p>

    <p class='ocr_par' dir='ltr' id='par_1_5' title="bbox 439 669 1773 737">
     <span class='ocr_line' id='line_1_5' title="bbox 439 669 1773 737; baseline -0.002 -13"><span class='ocrx_word' id='word_1_20' title='bbox 439 676 598 724; x_wconf 82' lang='lat' dir='ltr'>causis</span> <span class='ocrx_word' id='word_1_21' title='bbox 622 683 785 724; x_wconf 85' lang='lat' dir='ltr'>orator</span> <span class='ocrx_word' id='word_1_22' title='bbox 808 690 924 723; x_wconf 89' lang='lat' dir='ltr'>sane</span> <span class='ocrx_word' id='word_1_23' title='bbox 948 673 1230 722; x_wconf 87' lang='lat' dir='ltr'>tolerabilis.</span> <span class='ocrx_word' id='word_1_24' title='bbox 1300 669 1362 720; x_wconf 94' lang='lat' dir='ltr'>In</span> <span class='ocrx_word' id='word_1_25' title='bbox 1387 672 1562 721; x_wconf 89' lang='lat' dir='ltr'>eodem</span> <span class='ocrx_word' id='word_1_26' title='bbox 1587 688 1773 737; x_wconf 84' lang='lat' dir='ltr'>genere</span> 
     </span>
    </p>

    <p class='ocr_par' dir='ltr' id='par_1_6' title="bbox 440 753 1773 813">
     <span class='ocr_line' id='line_1_6' title="bbox 440 753 1773 813; baseline -0.005 -6"><span class='ocrx_word' id='word_1_27' title='bbox 440 774 697 807; x_wconf 77' lang='lat' dir='ltr'>causarum</span> <span class='ocrx_word' id='word_1_28' title='bbox 739 756 949 804; x_wconf 88' lang='lat' dir='ltr'>multum</span> <span class='ocrx_word' id='word_1_29' title='bbox 986 763 1092 804; x_wconf 89' lang='lat' dir='ltr'>erat</span> <span class='ocrx_word' id='word_1_30' title='bbox 1117 755 1178 803; x_wconf 88' lang='lat' dir='ltr'>T.</span> <span class='ocrx_word' id='word_1_31' title='bbox 1202 755 1486 813; x_wconf 83' lang='lat' dir='ltr'>Juventius,</span> <span class='ocrx_word' id='word_1_32' title='bbox 1521 755 1666 803; x_wconf 90' lang='lat' dir='ltr'>nimis</span> <span class='ocrx_word' id='word_1_33' title='bbox 1688 753 1773 802; x_wconf 90' lang='lat' dir='ltr'>ille</span> 
     </span>
    </p>

    <p class='ocr_par' dir='ltr' id='par_1_7' title="bbox 440 832 1772 901">
     <span class='ocr_line' id='line_1_7' title="bbox 440 832 1772 901; baseline -0.003 -17"><span class='ocrx_word' id='word_1_34' title='bbox 440 836 642 901; x_wconf 89' lang='lat' dir='ltr'>quidem</span> <span class='ocrx_word' id='word_1_35' title='bbox 684 835 850 884; x_wconf 91' lang='lat' dir='ltr'>lentus</span> <span class='ocrx_word' id='word_1_36' title='bbox 891 833 942 880; x_wconf 91' lang='lat' dir='ltr'>in</span> <span class='ocrx_word' id='word_1_37' title='bbox 981 832 1213 889; x_wconf 86' lang='lat' dir='ltr'>dicendo,</span> <span class='ocrx_word' id='word_1_38' title='bbox 1263 841 1314 882; x_wconf 86' lang='lat' dir='ltr'>et</span> <span class='ocrx_word' id='word_1_39' title='bbox 1348 849 1477 897; x_wconf 91' lang='lat' dir='ltr'>pene</span> <span class='ocrx_word' id='word_1_40' title='bbox 1524 833 1734 898; x_wconf 82' lang='lat' dir='ltr'>frigidus</span> <span class='ocrx_word' id='word_1_41' title='bbox 1756 848 1772 880; x_wconf 85' lang='lat'>:-</span> 
     </span>
    </p>

    <p class='ocr_par' dir='ltr' id='par_1_8' title="bbox 439 910 1774 974">
     <span class='ocr_line' id='line_1_8' title="bbox 439 910 1774 974; baseline -0.004 -10"><span class='ocrx_word' id='word_1_42' title='bbox 439 915 528 963; x_wconf 88' lang='lat' dir='ltr'>sed</span> <span class='ocrx_word' id='word_1_43' title='bbox 552 922 603 963; x_wconf 89' lang='lat' dir='ltr'>et</span> <span class='ocrx_word' id='word_1_44' title='bbox 627 913 848 968; x_wconf 87' lang='lat' dir='ltr'>callidus,</span> <span class='ocrx_word' id='word_1_45' title='bbox 888 919 938 959; x_wconf 94' lang='lat' dir='ltr'>et</span> <span class='ocrx_word' id='word_1_46' title='bbox 960 911 1014 958; x_wconf 92' lang='lat' dir='ltr'>in</span> <span class='ocrx_word' id='word_1_47' title='bbox 1039 910 1281 974; x_wconf 88' lang='lat' dir='ltr'>capiendo</span> <span class='ocrx_word' id='word_1_48' title='bbox 1306 910 1584 958; x_wconf 84' lang='lat' dir='ltr'>adversario</span> <span class='ocrx_word' id='word_1_49' title='bbox 1608 926 1774 958; x_wconf 86' lang='lat' dir='ltr'>versu-</span> 
     </span>
    </p>

    <p class='ocr_par' dir='ltr' id='par_1_9' title="bbox 437 988 1773 1055">
     <span class='ocr_line' id='line_1_9' title="bbox 437 988 1773 1055; baseline -0.002 -15"><span class='ocrx_word' id='word_1_50' title='bbox 437 1001 536 1050; x_wconf 84' lang='lat' dir='ltr'>tuS,</span> <span class='ocrx_word' id='word_1_51' title='bbox 576 999 627 1040; x_wconf 82' lang='lat' dir='ltr'>et</span> <span class='ocrx_word' id='word_1_52' title='bbox 661 999 919 1055; x_wconf 87' lang='lat' dir='ltr'>praeterea</span> <span class='ocrx_word' id='word_1_53' title='bbox 952 1006 1047 1037; x_wconf 91' lang='lat' dir='ltr'>nec</span> <span class='ocrx_word' id='word_1_54' title='bbox 1077 988 1328 1047; x_wconf 88' lang='lat' dir='ltr'>indoctus,</span> <span class='ocrx_word' id='word_1_55' title='bbox 1367 996 1418 1036; x_wconf 91' lang='lat' dir='ltr'>et</span> <span class='ocrx_word' id='word_1_56' title='bbox 1452 1005 1633 1053; x_wconf 86' lang='lat' dir='ltr'>magna</span> <span class='ocrx_word' id='word_1_57' title='bbox 1657 1006 1773 1037; x_wconf 90' lang='lat' dir='ltr'>cum</span> 
     </span>
    </p>

    <p class='ocr_par' dir='ltr' id='par_1_10' title="bbox 429 1066 1775 1135">
     <span class='ocr_line' id='line_1_10' title="bbox 429 1066 1775 1135; baseline -0.003 -17"><span class='ocrx_word' id='word_1_58' title='bbox 429 1069 555 1135; x_wconf 84' lang='lat' dir='ltr'>juris</span> <span class='ocrx_word' id='word_1_59' title='bbox 581 1068 736 1118; x_wconf 87' lang='lat' dir='ltr'>civilis</span> <span class='ocrx_word' id='word_1_60' title='bbox 760 1067 1107 1131; x_wconf 81' lang='lat' dir='ltr'>intelligentia.</span> <span class='ocrx_word' id='word_1_61' title='bbox 1179 1066 1332 1131; x_wconf 84' lang='lat' dir='ltr'>Cujus</span> <span class='ocrx_word' id='word_1_62' title='bbox 1369 1067 1564 1115; x_wconf 85' lang='lat' dir='ltr'>auditor</span> <span class='ocrx_word' id='word_1_63' title='bbox 1596 1066 1650 1114; x_wconf 90' lang='lat' dir='ltr'>P.</span> <span class='ocrx_word' id='word_1_64' title='bbox 1679 1066 1775 1116; x_wconf 88' lang='lat' dir='ltr'>Or-</span> 
     </span>
    </p>

    <p class='ocr_par' dir='ltr' id='par_1_11' title="bbox 437 1145 1774 1209">
     <span class='ocr_line' id='line_1_11' title="bbox 437 1145 1774 1209; baseline -0.001 -14"><span class='ocrx_word' id='word_1_65' title='bbox 437 1148 567 1205; x_wconf 87' lang='lat' dir='ltr'>bius,</span> <span class='ocrx_word' id='word_1_66' title='bbox 608 1163 747 1194; x_wconf 87' lang='lat' dir='ltr'>meus</span> <span class='ocrx_word' id='word_1_67' title='bbox 770 1145 876 1194; x_wconf 91' lang='lat' dir='ltr'>fere</span> <span class='ocrx_word' id='word_1_68' title='bbox 900 1145 1135 1209; x_wconf 88' lang='lat' dir='ltr'>aequalis,</span> <span class='ocrx_word' id='word_1_69' title='bbox 1175 1145 1227 1192; x_wconf 92' lang='lat' dir='ltr'>in</span> <span class='ocrx_word' id='word_1_70' title='bbox 1263 1145 1478 1193; x_wconf 89' lang='lat' dir='ltr'>dicendo</span> <span class='ocrx_word' id='word_1_71' title='bbox 1502 1162 1603 1193; x_wconf 93' lang='lat' dir='ltr'>non</span> <span class='ocrx_word' id='word_1_72' title='bbox 1627 1145 1774 1193; x_wconf 85' lang='lat' dir='ltr'>nimis</span> 
     </span>
    </p>

    <p class='ocr_par' dir='ltr' id='par_1_12' title="bbox 439 1223 1774 1289">
     <span class='ocr_line' id='line_1_12' title="bbox 439 1223 1774 1289; baseline -0.002 -14"><span class='ocrx_word' id='word_1_73' title='bbox 439 1226 759 1285; x_wconf 80' lang='lat' dir='ltr'>exercitatus,</span> <span class='ocrx_word' id='word_1_74' title='bbox 797 1225 848 1272; x_wconf 90' lang='lat' dir='ltr'>in</span> <span class='ocrx_word' id='word_1_75' title='bbox 881 1224 995 1289; x_wconf 88' lang='lat' dir='ltr'>jure</span> <span class='ocrx_word' id='word_1_76' title='bbox 1039 1231 1204 1272; x_wconf 88' lang='lat' dir='ltr'>autem</span> <span class='ocrx_word' id='word_1_77' title='bbox 1248 1223 1380 1271; x_wconf 84' lang='lat' dir='ltr'>civili</span> <span class='ocrx_word' id='word_1_78' title='bbox 1414 1240 1516 1271; x_wconf 91' lang='lat' dir='ltr'>non</span> <span class='ocrx_word' id='word_1_79' title='bbox 1551 1223 1774 1284; x_wconf 89' lang='lat' dir='ltr'>inferior,</span> 
     </span>
    </p>

    <p class='ocr_par' dir='ltr' id='par_1_13' title="bbox 438 1301 1795 1918">
     <span class='ocr_line' id='line_1_13' title="bbox 439 1301 1776 1370; baseline -0.002 -16"><span class='ocrx_word' id='word_1_80' title='bbox 439 1322 587 1370; x_wconf 87' lang='lat' dir='ltr'>quam</span> <span class='ocrx_word' id='word_1_81' title='bbox 632 1304 868 1369; x_wconf 83' lang='lat' dir='ltr'>magister</span> <span class='ocrx_word' id='word_1_82' title='bbox 913 1303 1025 1351; x_wconf 84' lang='lat' dir='ltr'>fuit.</span> <span class='ocrx_word' id='word_1_83' title='bbox 1101 1303 1231 1351; x_wconf 88' lang='lat' dir='ltr'>Nam</span> <span class='ocrx_word' id='word_1_84' title='bbox 1280 1302 1342 1350; x_wconf 87' lang='lat' dir='ltr'>T.</span> <span class='ocrx_word' id='word_1_85' title='bbox 1393 1301 1642 1361; x_wconf 88' lang='lat' dir='ltr'>Aufidius,</span> <span class='ocrx_word' id='word_1_86' title='bbox 1688 1303 1776 1367; x_wconf 87' lang='lat' dir='ltr'>qui</span> 
     </span>
     <span class='ocr_line' id='line_1_14' title="bbox 439 1369 1795 1438; baseline -0.003 -5"><span class='ocrx_word' id='word_1_87' title='bbox 439 1385 564 1433; x_wconf 82' lang='lat' dir='ltr'>vixit</span> <span class='ocrx_word' id='word_1_88' title='bbox 588 1385 651 1433; x_wconf 86' lang='lat' dir='ltr'>ad</span> <span class='ocrx_word' id='word_1_89' title='bbox 675 1400 915 1432; x_wconf 88' lang='lat' dir='ltr'>summam</span> <span class='ocrx_word' id='word_1_90' title='bbox 940 1389 1268 1438; x_wconf 87' lang='lat' dir='ltr'>senectutem,</span> <span class='ocrx_word' id='word_1_91' title='bbox 1293 1381 1492 1430; x_wconf 75' lang='lat' dir='ltr'>volebat</span> <span class='ocrx_word' id='word_1_92' title='bbox 1516 1398 1620 1430; x_wconf 90' lang='lat' dir='ltr'>esse</span> <span class='ocrx_word' id='word_1_93' title='bbox 1645 1369 1795 1430; x_wconf 35' lang='lat' dir='ltr'>simi-⁴</span> 
     </span>
     <span class='ocr_line' id='line_1_15' title="bbox 438 1460 1776 1527; baseline -0.002 -15"><span class='ocrx_word' id='word_1_94' title='bbox 438 1464 498 1512; x_wconf 88' lang='lat' dir='ltr'>lis</span> <span class='ocrx_word' id='word_1_95' title='bbox 521 1464 716 1522; x_wconf 91' lang='lat' dir='ltr'>horum,</span> <span class='ocrx_word' id='word_1_96' title='bbox 742 1472 944 1527; x_wconf 87' lang='lat' dir='ltr'>eratque</span> <span class='ocrx_word' id='word_1_97' title='bbox 969 1470 1019 1510; x_wconf 92' lang='lat' dir='ltr'>et</span> <span class='ocrx_word' id='word_1_98' title='bbox 1043 1462 1202 1509; x_wconf 90' lang='lat' dir='ltr'>bonus</span> <span class='ocrx_word' id='word_1_99' title='bbox 1227 1461 1299 1509; x_wconf 87' lang='lat' dir='ltr'>vir</span> <span class='ocrx_word' id='word_1_100' title='bbox 1324 1470 1374 1509; x_wconf 90' lang='lat' dir='ltr'>et</span> <span class='ocrx_word' id='word_1_101' title='bbox 1398 1461 1655 1520; x_wconf 87' lang='lat' dir='ltr'>innocens,</span> <span class='ocrx_word' id='word_1_102' title='bbox 1685 1460 1776 1510; x_wconf 87' lang='lat' dir='ltr'>sed</span> 
     </span>
     <span class='ocr_line' id='line_1_16' title="bbox 440 1539 1774 1607; baseline -0.002 -15"><span class='ocrx_word' id='word_1_103' title='bbox 440 1543 640 1592; x_wconf 84' lang='lat' dir='ltr'>dicebat</span> <span class='ocrx_word' id='word_1_104' title='bbox 662 1558 852 1607; x_wconf 85' lang='lat' dir='ltr'>parum.</span> <span class='ocrx_word' id='word_1_105' title='bbox 924 1541 1035 1589; x_wconf 90' lang='lat' dir='ltr'>Nec</span> <span class='ocrx_word' id='word_1_106' title='bbox 1077 1557 1192 1588; x_wconf 87' lang='lat' dir='ltr'>sane</span> <span class='ocrx_word' id='word_1_107' title='bbox 1229 1540 1340 1605; x_wconf 88' lang='lat' dir='ltr'>plus</span> <span class='ocrx_word' id='word_1_108' title='bbox 1376 1539 1529 1588; x_wconf 85' lang='lat' dir='ltr'>frater</span> <span class='ocrx_word' id='word_1_109' title='bbox 1564 1539 1669 1605; x_wconf 87' lang='lat' dir='ltr'>ejus</span> <span class='ocrx_word' id='word_1_110' title='bbox 1695 1539 1774 1589; x_wconf 87' lang='grc' dir='ltr'>Μ.</span> 
     </span>
     <span class='ocr_line' id='line_1_17' title="bbox 438 1619 1775 1686; baseline -0.001 -17"><span class='ocrx_word' id='word_1_111' title='bbox 438 1621 697 1686; x_wconf 81' lang='lat' dir='ltr'>Virgilius,</span> <span class='ocrx_word' id='word_1_112' title='bbox 736 1620 819 1684; x_wconf 89' lang='lat' dir='ltr'>qui</span> <span class='ocrx_word' id='word_1_113' title='bbox 854 1620 1082 1667; x_wconf 87' lang='lat' dir='ltr'>tribunus</span> <span class='ocrx_word' id='word_1_114' title='bbox 1112 1619 1269 1683; x_wconf 88' lang='lat' dir='ltr'>plebis</span> <span class='ocrx_word' id='word_1_115' title='bbox 1295 1619 1353 1667; x_wconf 92' lang='lat' dir='ltr'>L.</span> <span class='ocrx_word' id='word_1_116' title='bbox 1382 1619 1542 1684; x_wconf 80' lang='lat' dir='ltr'>Syllae</span> <span class='ocrx_word' id='word_1_117' title='bbox 1567 1619 1775 1683; x_wconf 90' lang='lat' dir='ltr'>impera-</span> 
     </span>
     <span class='ocr_line' id='line_1_18' title="bbox 440 1697 1774 1762; baseline -0.002 -13"><span class='ocrx_word' id='word_1_118' title='bbox 440 1702 536 1749; x_wconf 80' lang='lat' dir='ltr'>tori</span> <span class='ocrx_word' id='word_1_119' title='bbox 562 1701 693 1748; x_wconf 89' lang='lat' dir='ltr'>diem</span> <span class='ocrx_word' id='word_1_120' title='bbox 719 1698 861 1746; x_wconf 84' lang='lat' dir='ltr'>dixit.</span> <span class='ocrx_word' id='word_1_121' title='bbox 933 1697 1053 1762; x_wconf 86' lang='lat' dir='ltr'>Ejus</span> <span class='ocrx_word' id='word_1_122' title='bbox 1079 1698 1271 1761; x_wconf 86' lang='lat' dir='ltr'>collega</span> <span class='ocrx_word' id='word_1_123' title='bbox 1297 1698 1351 1745; x_wconf 90' lang='lat' dir='ltr'>P.</span> <span class='ocrx_word' id='word_1_124' title='bbox 1381 1698 1597 1761; x_wconf 85' lang='lat' dir='ltr'>Magius,</span> <span class='ocrx_word' id='word_1_125' title='bbox 1623 1698 1676 1745; x_wconf 92' lang='lat' dir='ltr'>in</span> <span class='ocrx_word' id='word_1_126' title='bbox 1701 1698 1774 1746; x_wconf 88' lang='lat' dir='ltr'>di-</span> 
     </span>
     <span class='ocr_line' id='line_1_19' title="bbox 441 1775 1774 1843; baseline -0.002 -16"><span class='ocrx_word' id='word_1_127' title='bbox 441 1779 603 1827; x_wconf 84' lang='lat' dir='ltr'>cendo</span> <span class='ocrx_word' id='word_1_128' title='bbox 626 1777 773 1843; x_wconf 87' lang='lat' dir='ltr'>paulo</span> <span class='ocrx_word' id='word_1_129' title='bbox 798 1786 962 1825; x_wconf 87' lang='lat' dir='ltr'>tamen</span> <span class='ocrx_word' id='word_1_130' title='bbox 992 1776 1250 1841; x_wconf 86' lang='lat' dir='ltr'>copiosior.</span> <span class='ocrx_word' id='word_1_131' title='bbox 1301 1775 1395 1824; x_wconf 84' lang='lat' dir='ltr'>Sed</span> <span class='ocrx_word' id='word_1_132' title='bbox 1423 1776 1644 1823; x_wconf 90' lang='lat' dir='ltr'>omnium</span> <span class='ocrx_word' id='word_1_133' title='bbox 1668 1793 1774 1825; x_wconf 87' lang='lat' dir='ltr'>ora-</span> 
     </span>
     <span class='ocr_line' id='line_1_20' title="bbox 439 1854 1772 1918; baseline -0.001 -13"><span class='ocrx_word' id='word_1_134' title='bbox 439 1866 619 1912; x_wconf 88' lang='lat' dir='ltr'>torum,</span> <span class='ocrx_word' id='word_1_135' title='bbox 648 1856 747 1903; x_wconf 80' lang='lat' dir='ltr'>sive</span> <span class='ocrx_word' id='word_1_136' title='bbox 773 1854 1072 1912; x_wconf 86' lang='lat' dir='ltr'>rabularum,</span> <span class='ocrx_word' id='word_1_137' title='bbox 1099 1854 1182 1917; x_wconf 91' lang='lat' dir='ltr'>qui</span> <span class='ocrx_word' id='word_1_138' title='bbox 1207 1862 1258 1902; x_wconf 85' lang='lat' dir='ltr'>et</span> <span class='ocrx_word' id='word_1_139' title='bbox 1281 1854 1427 1918; x_wconf 85' lang='lat' dir='ltr'>plane</span> <span class='ocrx_word' id='word_1_140' title='bbox 1451 1854 1661 1914; x_wconf 88' lang='lat' dir='ltr'>indocti,</span> <span class='ocrx_word' id='word_1_141' title='bbox 1685 1864 1772 1904; x_wconf 86' lang='lat' dir='ltr'>aut</span> 
     </span>
    </p>

    <p class='ocr_par' dir='ltr' id='par_1_14' title="bbox 439 1932 1773 2156">
     <span class='ocr_line' id='line_1_21' title="bbox 439 1932 1773 1998; baseline 0 -14"><span class='ocrx_word' id='word_1_142' title='bbox 439 1935 687 1993; x_wconf 85' lang='lat' dir='ltr'>inurbani,</span> <span class='ocrx_word' id='word_1_143' title='bbox 711 1941 797 1982; x_wconf 91' lang='lat' dir='ltr'>aut</span> <span class='ocrx_word' id='word_1_144' title='bbox 820 1933 992 1981; x_wconf 85' lang='lat' dir='ltr'>rustici</span> <span class='ocrx_word' id='word_1_145' title='bbox 1008 1934 1156 1981; x_wconf 87' lang='lat' dir='ltr'>etiam</span> <span class='ocrx_word' id='word_1_146' title='bbox 1179 1932 1398 1989; x_wconf 86' lang='lat' dir='ltr'>fuerunt,</span> <span class='ocrx_word' id='word_1_147' title='bbox 1427 1950 1547 1997; x_wconf 89' lang='lat' dir='ltr'>quos</span> <span class='ocrx_word' id='word_1_148' title='bbox 1572 1934 1773 1998; x_wconf 89' lang='lat' dir='ltr'>quidem</span> 
     </span>
     <span class='ocr_line' id='line_1_22' title="bbox 442 2010 1773 2079; baseline 0 -16"><span class='ocrx_word' id='word_1_149' title='bbox 442 2031 536 2079; x_wconf 90' lang='lat' dir='ltr'>ego</span> <span class='ocrx_word' id='word_1_150' title='bbox 584 2012 921 2077; x_wconf 86' lang='lat' dir='ltr'>cognoverim,</span> <span class='ocrx_word' id='word_1_151' title='bbox 970 2010 1320 2059; x_wconf 86' lang='lat' dir='ltr'>solutissimum</span> <span class='ocrx_word' id='word_1_152' title='bbox 1357 2011 1409 2058; x_wconf 93' lang='lat' dir='ltr'>in</span> <span class='ocrx_word' id='word_1_153' title='bbox 1451 2012 1684 2073; x_wconf 87' lang='lat' dir='ltr'>dicendo,</span> <span class='ocrx_word' id='word_1_154' title='bbox 1721 2022 1773 2063; x_wconf 89' lang='lat' dir='ltr'>et</span> 
     </span>
     <span class='ocr_line' id='line_1_23' title="bbox 442 2090 1772 2156; baseline 0 -14"><span class='ocrx_word' id='word_1_155' title='bbox 442 2093 780 2143; x_wconf 84' lang='lat' dir='ltr'>acutissimum</span> <span class='ocrx_word' id='word_1_156' title='bbox 812 2090 988 2156; x_wconf 87' lang='lat' dir='ltr'>judico</span> <span class='ocrx_word' id='word_1_157' title='bbox 1013 2090 1168 2138; x_wconf 90' lang='lat' dir='ltr'>nostri</span> <span class='ocrx_word' id='word_1_158' title='bbox 1187 2090 1371 2138; x_wconf 87' lang='lat' dir='ltr'>ordinis</span> <span class='ocrx_word' id='word_1_159' title='bbox 1397 2091 1459 2148; x_wconf 82' lang='lat' dir='ltr'>Q.</span> <span class='ocrx_word' id='word_1_160' title='bbox 1481 2091 1772 2155; x_wconf 87' lang='lat' dir='ltr'>Sertorium,</span> 
     </span>
    </p>

    <p class='ocr_par' dir='ltr' id='par_1_15' title="bbox 441 2170 1773 2316">
     <span class='ocr_line' id='line_1_24' title="bbox 441 2170 1773 2238; baseline 0.001 -16"><span class='ocrx_word' id='word_1_161' title='bbox 441 2172 680 2238; x_wconf 85' lang='lat' dir='ltr'>equestris</span> <span class='ocrx_word' id='word_1_162' title='bbox 705 2172 763 2219; x_wconf 90' lang='lat' dir='ltr'>C.</span> <span class='ocrx_word' id='word_1_163' title='bbox 790 2170 1120 2235; x_wconf 85' lang='lat' dir='ltr'>Gorgonium.</span> <span class='ocrx_word' id='word_1_164' title='bbox 1192 2170 1307 2218; x_wconf 88' lang='lat' dir='ltr'>Fuit</span> <span class='ocrx_word' id='word_1_165' title='bbox 1342 2171 1492 2218; x_wconf 85' lang='lat' dir='ltr'>etiam</span> <span class='ocrx_word' id='word_1_166' title='bbox 1526 2170 1685 2221; x_wconf 87' lang='lat' dir='ltr'>facilis</span> <span class='ocrx_word' id='word_1_167' title='bbox 1721 2183 1773 2223; x_wconf 89' lang='lat' dir='ltr'>et</span> 
     </span>
     <span class='ocr_line' id='line_1_25' title="bbox 442 2249 1772 2316; baseline 0 -16"><span class='ocrx_word' id='word_1_168' title='bbox 442 2251 704 2316; x_wconf 83' lang='lat' dir='ltr'>expeditus</span> <span class='ocrx_word' id='word_1_169' title='bbox 728 2249 791 2297; x_wconf 87' lang='lat' dir='ltr'>ad</span> <span class='ocrx_word' id='word_1_170' title='bbox 816 2249 1104 2307; x_wconf 87' lang='lat' dir='ltr'>dicendum,</span> <span class='ocrx_word' id='word_1_171' title='bbox 1135 2257 1185 2297; x_wconf 88' lang='lat' dir='ltr'>et</span> <span class='ocrx_word' id='word_1_172' title='bbox 1208 2249 1339 2297; x_wconf 82' lang='lat' dir='ltr'>vitae</span> <span class='ocrx_word' id='word_1_173' title='bbox 1364 2249 1625 2314; x_wconf 85' lang='lat' dir='ltr'>splendore</span> <span class='ocrx_word' id='word_1_174' title='bbox 1649 2252 1772 2300; x_wconf 83' lang='lat' dir='ltr'>mul-</span> 
     </span>
    </p>

    <p class='ocr_par' dir='ltr' id='par_1_16' title="bbox 441 2328 1771 2393">
     <span class='ocr_line' id='line_1_26' title="bbox 441 2328 1771 2393; baseline 0 -14"><span class='ocrx_word' id='word_1_175' title='bbox 441 2339 514 2390; x_wconf 87' lang='lat' dir='ltr'>to,</span> <span class='ocrx_word' id='word_1_176' title='bbox 539 2337 590 2378; x_wconf 88' lang='lat' dir='ltr'>et</span> <span class='ocrx_word' id='word_1_177' title='bbox 613 2328 814 2393; x_wconf 89' lang='lat' dir='ltr'>ingenio</span> <span class='ocrx_word' id='word_1_178' title='bbox 839 2345 954 2376; x_wconf 87' lang='lat' dir='ltr'>sane</span> <span class='ocrx_word' id='word_1_179' title='bbox 978 2328 1239 2392; x_wconf 85' lang='lat' dir='ltr'>probabili,</span> <span class='ocrx_word' id='word_1_180' title='bbox 1276 2328 1337 2376; x_wconf 90' lang='lat' dir='ltr'>T.</span> <span class='ocrx_word' id='word_1_181' title='bbox 1364 2328 1561 2388; x_wconf 84' lang='lat' dir='ltr'>Junius,</span> <span class='ocrx_word' id='word_1_182' title='bbox 1596 2329 1656 2378; x_wconf 89' lang='lat' dir='ltr'>L.</span> <span class='ocrx_word' id='word_1_183' title='bbox 1682 2330 1771 2379; x_wconf 84' lang='lat' dir='ltr'>fili-</span> 
     </span>
    </p>

    <p class='ocr_par' dir='ltr' id='par_1_17' title="bbox 441 2406 1771 2473">
     <span class='ocr_line' id='line_1_27' title="bbox 441 2406 1771 2473; baseline 0 -16"><span class='ocrx_word' id='word_1_184' title='bbox 441 2426 517 2468; x_wconf 88' lang='lat' dir='ltr'>us,</span> <span class='ocrx_word' id='word_1_185' title='bbox 540 2407 863 2456; x_wconf 88' lang='lat' dir='ltr'>tribunicius:</span> <span class='ocrx_word' id='word_1_186' title='bbox 891 2423 989 2470; x_wconf 90' lang='lat' dir='ltr'>quo</span> <span class='ocrx_word' id='word_1_187' title='bbox 1013 2415 1298 2465; x_wconf 87' lang='lat' dir='ltr'>accusante,</span> <span class='ocrx_word' id='word_1_188' title='bbox 1317 2406 1370 2454; x_wconf 91' lang='lat' dir='ltr'>P.</span> <span class='ocrx_word' id='word_1_189' title='bbox 1393 2406 1607 2467; x_wconf 85' lang='lat' dir='ltr'>Sextius,</span> <span class='ocrx_word' id='word_1_190' title='bbox 1631 2425 1771 2473; x_wconf 86' lang='lat' dir='ltr'>prae-</span> 
     </span>
    </p>

    <p class='ocr_par' dir='ltr' id='par_1_18' title="bbox 440 2484 1768 2552">
     <span class='ocr_line' id='line_1_28' title="bbox 440 2484 1768 2552; baseline -0.005 -16"><span class='ocrx_word' id='word_1_191' title='bbox 440 2497 519 2536; x_wconf 90' lang='lat' dir='ltr'>tor</span> <span class='ocrx_word' id='word_1_192' title='bbox 545 2487 849 2550; x_wconf 88' lang='lat' dir='ltr'>designatus,</span> <span class='ocrx_word' id='word_1_193' title='bbox 888 2485 1149 2532; x_wconf 87' lang='lat' dir='ltr'>damnatus</span> <span class='ocrx_word' id='word_1_194' title='bbox 1188 2493 1263 2532; x_wconf 88' lang='lat' dir='ltr'>est</span> <span class='ocrx_word' id='word_1_195' title='bbox 1286 2484 1514 2533; x_wconf 88' lang='lat' dir='ltr'>ambitus.</span> <span class='ocrx_word' id='word_1_196' title='bbox 1585 2485 1635 2534; x_wconf 90' lang='lat' dir='ltr'>Is</span> <span class='ocrx_word' id='word_1_197' title='bbox 1658 2504 1768 2552; x_wconf 89' lang='lat' dir='ltr'>pro.</span> 
     </span>
    </p>

    <p class='ocr_par' dir='ltr' id='par_1_19' title="bbox 440 2562 1769 2628">
     <span class='ocr_line' id='line_1_29' title="bbox 440 2562 1769 2628; baseline -0.001 -12"><span class='ocrx_word' id='word_1_198' title='bbox 440 2565 664 2616; x_wconf 89' lang='lat' dir='ltr'>cessisset</span> <span class='ocrx_word' id='word_1_199' title='bbox 687 2563 953 2611; x_wconf 88' lang='lat' dir='ltr'>honoribus</span> <span class='ocrx_word' id='word_1_200' title='bbox 975 2562 1190 2627; x_wconf 88' lang='lat' dir='ltr'>longius,</span> <span class='ocrx_word' id='word_1_201' title='bbox 1227 2563 1320 2610; x_wconf 89' lang='lat' dir='ltr'>nisi</span> <span class='ocrx_word' id='word_1_202' title='bbox 1344 2579 1536 2628; x_wconf 85' lang='lat' dir='ltr'>semper</span> <span class='ocrx_word' id='word_1_203' title='bbox 1559 2564 1769 2627; x_wconf 89' lang='lat' dir='ltr'>infirma,</span> 
     </span>
    </p>

    <p class='ocr_par' dir='ltr' id='par_1_20' title="bbox 439 2642 1452 2709">
     <span class='ocr_line' id='line_1_30' title="bbox 439 2642 1452 2709; baseline -0.005 -15"><span class='ocrx_word' id='word_1_204' title='bbox 439 2653 587 2709; x_wconf 90' lang='lat' dir='ltr'>atque</span> <span class='ocrx_word' id='word_1_205' title='bbox 613 2644 761 2692; x_wconf 89' lang='lat' dir='ltr'>etiam</span> <span class='ocrx_word' id='word_1_206' title='bbox 786 2660 934 2707; x_wconf 86' lang='lat' dir='ltr'>aegra</span> <span class='ocrx_word' id='word_1_207' title='bbox 956 2642 1239 2690; x_wconf 83' lang='lat' dir='ltr'>valetudine</span> <span class='ocrx_word' id='word_1_208' title='bbox 1263 2642 1452 2690; x_wconf 87' lang='lat' dir='ltr'>fuisset.</span> 
     </span>
    </p>

    <p class='ocr_par' dir='ltr' id='par_1_21' title="bbox 442 2721 1767 2946">
     <span class='ocr_line' id='line_1_31' title="bbox 508 2721 1767 2787; baseline 0.001 -16"><span class='ocrx_word' id='word_1_209' title='bbox 508 2724 679 2787; x_wconf 90' lang='lat' dir='ltr'>Atque</span> <span class='ocrx_word' id='word_1_210' title='bbox 721 2739 815 2787; x_wconf 88' lang='lat' dir='ltr'>ego</span> <span class='ocrx_word' id='word_1_211' title='bbox 854 2721 1104 2787; x_wconf 88' lang='lat' dir='ltr'>praeclare</span> <span class='ocrx_word' id='word_1_212' title='bbox 1139 2721 1383 2786; x_wconf 88' lang='lat' dir='ltr'>intelligo,</span> <span class='ocrx_word' id='word_1_213' title='bbox 1418 2738 1498 2770; x_wconf 90' lang='lat' dir='ltr'>me</span> <span class='ocrx_word' id='word_1_214' title='bbox 1521 2722 1572 2769; x_wconf 90' lang='lat' dir='ltr'>in</span> <span class='ocrx_word' id='word_1_215' title='bbox 1595 2739 1767 2772; x_wconf 89' lang='lat' dir='ltr'>eorum</span> 
     </span>
     <span class='ocr_line' id='line_1_32' title="bbox 443 2799 1766 2864; baseline 0 -14"><span class='ocrx_word' id='word_1_216' title='bbox 443 2801 911 2850; x_wconf 88' lang='lat' dir='ltr'>commemoratione</span> <span class='ocrx_word' id='word_1_217' title='bbox 957 2800 1157 2859; x_wconf 87' lang='lat' dir='ltr'>versari,</span> <span class='ocrx_word' id='word_1_218' title='bbox 1198 2799 1281 2864; x_wconf 93' lang='lat' dir='ltr'>qui</span> <span class='ocrx_word' id='word_1_219' title='bbox 1329 2816 1422 2849; x_wconf 92' lang='lat' dir='ltr'>nec</span> <span class='ocrx_word' id='word_1_220' title='bbox 1468 2800 1623 2850; x_wconf 85' lang='lat' dir='ltr'>habiti</span> <span class='ocrx_word' id='word_1_221' title='bbox 1668 2801 1766 2850; x_wconf 89' lang='lat' dir='ltr'>sint</span> 
     </span>
     <span class='ocr_line' id='line_1_33' title="bbox 442 2878 1766 2946; baseline -0.001 -17"><span class='ocrx_word' id='word_1_222' title='bbox 442 2888 678 2940; x_wconf 85' lang='lat' dir='ltr'>oratores,</span> <span class='ocrx_word' id='word_1_223' title='bbox 716 2896 877 2946; x_wconf 89' lang='lat' dir='ltr'>neque</span> <span class='ocrx_word' id='word_1_224' title='bbox 911 2878 1116 2940; x_wconf 85' lang='lat' dir='ltr'>fuerint,</span> <span class='ocrx_word' id='word_1_225' title='bbox 1149 2878 1504 2944; x_wconf 77' lang='lat' dir='ltr'>praeteririque</span> <span class='ocrx_word' id='word_1_226' title='bbox 1527 2897 1556 2929; x_wconf 88' lang='lat' dir='ltr'>a</span> <span class='ocrx_word' id='word_1_227' title='bbox 1578 2895 1658 2930; x_wconf 87' lang='lat' dir='ltr'>me</span> <span class='ocrx_word' id='word_1_228' title='bbox 1682 2879 1766 2935; x_wconf 64' lang='lat' dir='ltr'>ali,-</span> 
     </span>
    </p>
   </div>
   <div class='ocr_carea' id='block_1_4' title="bbox 2002 113 2071 3508">
    <p class='ocr_par' dir='ltr' id='par_1_22' title="bbox 2002 113 2071 3508">
     <span class='ocr_line' id='line_1_34' title="bbox 2002 113 2071 3508; baseline 0 0"><span class='ocrx_word' id='word_1_229' title='bbox 2002 113 2071 3508; x_wconf 95' lang='lat' dir='ltr'> </span> 
     </span>
    </p>
   </div>
  </div>
 </body>
</html>
