2071 3508
673 402 842 442 LIBER
872 403 1123 444 TERTIUS.
1502 410 1578 448 241

239 515 341 572 Qui
390 513 642 569 distincte,
689 511 774 575 qui
815 511 1084 575 explicate,
1126 512 1211 577 qui
1249 513 1578 576 abundanter,

237 594 321 657 qui
344 591 635 648 illuminate,
673 597 724 637 et
762 590 908 642 rebus
935 598 986 637 et
1009 591 1172 638 verbis
1199 591 1389 649 dicunt,
1435 601 1487 642 et
1526 595 1578 643 in

232 672 337 736 ipsa
360 669 581 718 oratione
607 668 745 731 quasi
782 667 1033 730 quendam
1070 685 1333 718 numerum
1359 688 1577 721 versum-

231 766 326 814 que
352 746 653 806 conficiunt3
693 746 746 794 id
781 754 870 803 est,
911 747 1045 812 quod
1071 747 1185 796 dico
1211 757 1399 798 ornate.
1474 751 1574 809 Qui

227 827 360 875 idem
385 826 456 874 ita
480 825 820 885 moderantur,
856 833 914 874 ut
948 843 1132 887 rerum,
1169 836 1226 876 ut
1249 845 1574 893 personarum

228 905 498 971 dignitates
523 905 707 963 ferunt,
734 905 769 953 ii
795 914 911 954 sunt
945 906 996 953 in
1034 923 1094 955 eo
1124 924 1310 972 genere
1333 908 1573 962 laudandi

225 985 403 1046 laudis,
430 986 565 1050 quod
604 1003 699 1050 ego
737 994 908 1051 aptum
943 994 994 1034 et
1037 1004 1318 1051 congruens
1348 991 1568 1040 nomino.

228 1065 329 1123 Qui
354 1067 423 1115 ita
449 1067 690 1123 dicerent,
736 1083 819 1115 eos
861 1067 1064 1131 negavit
1100 1067 1264 1120 adhuc
1301 1086 1352 1124 se
1388 1070 1570 1122 vidisse
1602 1070 1683 1113 54·

227 1145 496 1203 Antonius,
537 1154 589 1194 et
629 1146 688 1199 iis
729 1145 826 1195 hoc
868 1163 1053 1201 nomen
1090 1147 1218 1195 dixit
1255 1147 1570 1213 eloquentiae

226 1227 339 1276 solis
364 1246 469 1277 esse
492 1228 832 1278 tribuendum.
907 1228 1075 1285 Quare
1112 1245 1283 1283 omnes
1319 1233 1457 1290 istos,
1488 1248 1569 1285 me

225 1316 449 1368 auctore,
476 1309 700 1358 deridete
726 1316 876 1372 atque
908 1309 1234 1368 contemnite,
1277 1310 1361 1373 qui
1397 1327 1452 1360 se
1485 1311 1571 1363 ho-

223 1404 352 1447 rum,
378 1388 461 1452 qui
497 1404 632 1438 nunc
667 1388 738 1437 ita
778 1387 1109 1452 appellantur,
1150 1388 1406 1436 rhetorum
1429 1407 1570 1454 prae-

222 1468 398 1532 ceptis,
425 1484 625 1516 omnem
651 1475 902 1515 oratorum
927 1467 1027 1514 vim
1054 1467 1340 1531 complexos
1366 1485 1471 1517 esse
1496 1486 1568 1517 ar-

219 1547 484 1607 bitrantur,
501 1564 663 1612 neque
680 1547 866 1606 adhuc,
882 1564 1030 1611 quam
1055 1563 1317 1612 personam
1342 1556 1566 1608 teneant,

219 1635 306 1676 aut
321 1627 441 1692 quid
459 1627 800 1692 profiteantur,
822 1626 1102 1691 intelligere
1122 1634 1411 1692 potuerunt.
1466 1628 1514 1677 V
1517 1645 1564 1677 e-

216 1723 337 1761 rum,
352 1707 486 1758 enim
528 1707 729 1766 oratori,
773 1724 898 1771 quae
924 1714 1041 1754 sunt
1076 1706 1127 1753 in
1158 1706 1417 1755 hominum
1441 1709 1562 1769 vita,

216 1787 647 1851 (quandoquidem
683 1787 736 1832 in
777 1803 837 1833 ea
871 1793 1095 1833 versatur
1119 1794 1302 1844 orator,
1327 1796 1477 1852 atque
1504 1806 1562 1838 ea

214 1874 290 1914 est
315 1866 360 1914 ei
385 1865 609 1930 subjecta
633 1863 890 1914 materies]
916 1865 1082 1912 omnia
1106 1866 1346 1929 quaesita,
1372 1868 1560 1928 audita,

213 1944 364 2005 lecta,
403 1945 672 2009 disputata,
714 1952 947 2003 tractata,
989 1945 1177 2008 agitata
1212 1962 1318 1994 esse
1355 1946 1557 1997 debent.

212 2024 305 2072 Est
345 2025 478 2072 enim
521 2023 805 2087 eloquentia
846 2040 945 2071 una
986 2024 1229 2087 quaedam
1267 2025 1330 2073 de
1356 2028 1558 2078 summis
1591 2019 1671 2059 55·

212 2104 511 2152 virtutibus:
552 2120 834 2168 quanquam
873 2111 990 2151 sunt
1026 2120 1198 2152 omnes
1233 2104 1443 2155 virtutes
1479 2124 1558 2156 ae-

212 2183 380 2248 quales
405 2191 456 2232 et
479 2200 621 2249 pares
642 2204 656 2243 3
695 2184 783 2232 sed
818 2191 987 2231 tamen
1023 2191 1099 2232 est
1123 2184 1313 2249 species
1339 2185 1433 2233 alia
1456 2204 1556 2235 ma-

207 2264 284 2328 gis
309 2263 403 2312 alia
427 2264 642 2312 formosa
666 2270 717 2312 et
740 2262 942 2311 illustris
964 2280 974 2311 :
1014 2264 1144 2313 sicut
1167 2264 1292 2313 haec
1315 2267 1407 2326 vis,
1428 2284 1555 2332 quae

208 2343 467 2392 scientiam
494 2343 756 2408 complexa
779 2360 963 2402 rerum,
989 2360 1131 2392 sensa
1154 2345 1335 2394 mentis
1361 2355 1412 2396 et
1437 2364 1552 2396 con-

207 2423 314 2471 silia
355 2423 425 2471 sic
462 2424 625 2472 verbis
668 2423 905 2488 explicat,
943 2431 1001 2472 ut
1048 2441 1151 2484 eos,
1191 2426 1275 2490 qui
1322 2427 1552 2489 audiunt,

207 2519 508 2567 quoeunque
540 2503 843 2563 incubuerit,
883 2504 1039 2568 possit
1079 2505 1333 2570 impellere
1355 2527 1369 2565 ;
1423 2524 1550 2571 quae

206 2599 305 2646 quo
330 2581 484 2646 major
508 2590 583 2630 est
622 2584 714 2642 vis,
755 2583 851 2631 hoc
888 2591 964 2631 est
987 2585 1145 2649 magis
1167 2585 1417 2649 probitate
1432 2585 1549 2650 jun-

203 2662 383 2726 genda,
423 2677 711 2726 summaque
735 2662 1034 2726 prudentia:
1073 2680 1280 2727 quarum
1305 2665 1545 2713 virtutum

205 2742 494 2805 expertibus
529 2741 568 2789 si
605 2740 805 2789 dicendi
831 2742 1026 2806 copiam
1050 2743 1419 2804 tradiderimus,
1443 2761 1545 2794 non

204 2837 289 2868 eos
314 2820 515 2886 quidem
540 2829 758 2869 oratores
789 2820 1115 2882 effecerimus,
1151 2822 1241 2871 sed
1263 2821 1544 2879 furentibus

204 2900 447 2964 quaedam
472 2918 606 2950 arma
631 2900 929 2952 dederimus.

1177 2987 1211 3025 Q
