2071 3508
731 415 902 454 LIBER
932 415 1184 456 TERTIUS.
1556 429 1637 464 255

295 524 359 573 ad
397 524 623 573 instituta
658 522 937 571 redeamus.
1011 523 1143 572 Mihi
1168 542 1306 586 vero,
1332 527 1540 578 Catulus
1566 533 1638 579 in-

295 605 422 670 quit,
445 603 626 668 placet.

361 683 493 730 Tum
520 681 742 741 CraSSUS,
781 681 1033 739 Quorsum
1075 683 1229 749 igitur
1264 685 1389 735 haec
1427 696 1639 753 spectat,
1672 700 1750 742 91.

292 761 474 826 inquit,
508 768 611 809 tam
652 761 821 827 longa,
859 771 910 811 et
951 771 1053 811 tam
1080 764 1178 813 alte
1204 767 1418 830 repetita
1444 769 1639 818 oratio?

291 840 386 890 hae
411 840 538 889 duae
563 849 748 906 parteS,
775 860 900 907 quae
927 844 1048 891 mihi
1074 854 1357 909 supersunt,
1395 846 1640 896 illustran-

291 919 386 969 dae
428 920 681 981 orationis‚
730 939 788 969 ac
830 923 984 971 totius
1027 922 1341 988 eloquentiae
1385 927 1641 976 cumulan-

292 999 402 1056 dae,
442 1017 649 1065 quarum
692 1001 848 1050 altera
872 1002 972 1051 dici
996 1003 1217 1068 postulat
1259 1014 1447 1063 ornate,
1487 1007 1642 1056 altera

290 1088 428 1145 apte,
478 1081 608 1130 hanc
651 1082 838 1131 habent
878 1084 997 1143 vim,
1037 1092 1094 1132 ut
1136 1085 1199 1133 sit
1240 1103 1387 1150 quam
1425 1088 1641 1138 maxime

283 1159 526 1225 jucunda,
555 1179 702 1226 quam
728 1163 942 1210 maxime
969 1164 1019 1209 in
1045 1181 1216 1212 sensus
1242 1182 1432 1226 eorum,
1449 1167 1532 1231 qui
1558 1185 1640 1214 au-

291 1239 456 1300 diunt,
504 1241 697 1299 influat,
737 1248 788 1288 et
826 1258 974 1305 quam
1016 1241 1239 1305 plurimis
1283 1245 1345 1292 sit
1380 1247 1526 1294 rebus
1567 1246 1639 1293 in-

291 1325 496 1367 structa.
570 1320 967 1368 Instrumentum
988 1329 1156 1368 autem
1183 1321 1278 1369 hoc
1303 1322 1518 1384 forense,
1543 1325 1638 1373 liti·
1671 1327 1749 1369 92.

292 1398 507 1462 giosum,
561 1416 694 1459 acre,
745 1408 961 1447 tractum
1012 1417 1074 1448 ex
1117 1400 1254 1466 vulgi
1303 1401 1638 1466 opinionibUS,

292 1478 529 1543 exiguum
574 1495 690 1527 sane
730 1486 879 1543 atque
918 1479 1206 1527 mendicum
1245 1488 1349 1528 est:
1388 1481 1512 1529 illud
1537 1500 1639 1530 rur-

291 1575 373 1606 sus
397 1558 577 1622 ipsum,
617 1558 752 1622 quod
776 1558 983 1606 tradunt
1023 1558 1119 1615 isti,
1159 1559 1243 1623 qui
1267 1559 1563 1624 profitentur
1588 1579 1640 1611 se

291 1636 494 1685 dicendi
518 1638 798 1701 magistros,
825 1653 925 1686 non
951 1637 1163 1686 multum
1191 1647 1265 1687 est
1290 1639 1466 1704 majus,
1491 1659 1639 1706 quam

287 1716 414 1765 illud
436 1716 641 1782 vulga-re
666 1735 725 1766 ac
750 1718 963 1766 forense.
1061 1718 1323 1784 Apparatu
1348 1721 1490 1769 nobis
1515 1738 1639 1786 opus

288 1804 382 1856 est,
420 1805 471 1845 et
494 1798 641 1846 rebus
667 1798 924 1863 exquisitis
948 1797 1191 1863 undique,
1223 1807 1273 1847 et
1299 1800 1541 1860 collectis,
1566 1818 1637 1849 ar-

288 1877 498 1936 cessitis,
548 1878 889 1943 comportatis,
952 1885 1010 1924 ut
1046 1878 1156 1937 tibi,
1206 1879 1401 1936 Caesar,
1454 1880 1638 1929 facien-

290 1956 410 2005 dum
436 1965 511 2005 est
535 1957 599 2004 ad
623 1973 842 2017 annum3
881 1965 939 2005 ut
963 1974 1058 2022 ego
1094 1958 1145 2004 in
1171 1958 1424 2007 aedilitate
1450 1959 1639 2008 labora-

289 2036 358 2095 vi,
398 2036 533 2100 quod
559 2037 862 2100 quotidianis
888 2045 939 2085 et
964 2036 1242 2085 vernaculis
1267 2039 1414 2086 rebus
1450 2038 1637 2086 satisfa-

293 2132 406 2164 cere
433 2133 512 2164 me
537 2132 681 2180 posse
708 2115 824 2164 huic
850 2115 1038 2181 populo
1064 2133 1165 2164 non
1184 2117 1439 2181 putabam.
1512 2118 1636 2166 Ver·
1666 2130 1745 2173 93,

289 2198 468 2245 borum
494 2195 858 2260 eligendorum,
897 2204 948 2245 et
973 2195 1403 2256 collocandorum,
1442 2205 1492 2246 et
1519 2215 1634 2246 con-

292 2275 656 2324 cludendorum
682 2275 843 2324 facilis
869 2284 944 2324 est
967 2276 1049 2325 vel
1073 2276 1217 2335 ratio,
1253 2276 1333 2324 vel
1359 2277 1463 2326 sine
1489 2279 1635 2327 ratio-

290 2370 355 2403 ne
394 2355 501 2420 ipsa
540 2354 852 2403 exercitatio.
926 2356 1118 2403 Rerum
1161 2362 1236 2403 est
1274 2355 1396 2404 silva
1433 2373 1634 2422 magna,

290 2452 438 2499 quam
477 2451 592 2483 cum
629 2433 817 2483 Graeci
842 2433 949 2499 jam
974 2451 1074 2483 non
1116 2442 1366 2494 tenerent,
1403 2437 1466 2484 ob
1503 2453 1634 2485 eam-

291 2531 387 2578 que
414 2531 612 2562 causam
629 2513 870 2578 juventus
895 2522 1064 2562 nostra
1082 2514 1365 2562 dedisceret
1381 2531 1511 2578 pene
1537 2516 1634 2563 dis-

291 2594 475 2652 cendo,
510 2594 661 2641 etiam
687 2593 874 2653 Latini,
901 2594 939 2642 si
965 2594 1058 2641 diis
1083 2593 1263 2658 placet,
1308 2594 1404 2642 hoc
1429 2594 1631 2643 biennio

291 2673 515 2738 magistri
555 2672 757 2721 dicendi
800 2674 1130 2722 exstiterunt:
1187 2690 1309 2738 quos
1335 2690 1429 2737 ego
1456 2690 1631 2723 censor

291 2754 462 2803 edicto
508 2769 621 2801 meo
671 2752 1001 2812 sustulera1n;
1057 2769 1159 2801 non
1200 2769 1300 2817 quo
1338 2756 1421 2818 (ut
1462 2755 1631 2803 nescio

292 2851 415 2900 quos
434 2833 602 2882 dicere
627 2831 850 2894 aiebant)
876 2832 988 2881 acui
1012 2832 1215 2898 ingenia
1237 2832 1630 2882 adolescentium

263 2904 265 2906 ¹
293 2914 497 2976 nollem,
533 2913 621 2963 sed
646 2921 839 2974 contra,
875 2912 1076 2978 ingenia
1101 2912 1311 2962 obtundi
1336 2913 1491 2974 nolui,
1525 2930 1630 2963 cor-
