2071 3508
357 400 437 436 538
751 394 1206 442 ANNOTATIONES,
1234 398 1303 433 διε.

357 507 399 538 et
419 500 508 538 MS.
534 499 580 538 E.
600 499 730 539 habet.
788 501 934 539 Verum
962 507 1021 539 est
1041 500 1262 553 percursio.-
1292 499 1472 551 primum,
1492 500 1596 551 quod.
1614 513 1682 554 op-

357 566 514 618 ponitur
533 567 636 605 clare
654 567 935 606 commorationi
955 567 994 606 in
1014 581 1089 606 una
1109 580 1150 606 re
1164 583 1178 606 .·
1210 566 1364 614 deinde,
1394 567 1484 619 quia
1492 568 1683 619 praecisio

358 641 446 685 post
465 634 669 685 separatim
701 635 931 687 exprimitur
960 635 1001 674 in
1030 634 1177 674 concisa
1208 634 1407 673 brevitate.-
1437 634 1604 686 denique
1622 648 1686 673 su-

357 714 428 752 pra
444 701 548 739 idem
568 702 789 753 praecepit:
817 702 856 740 in
875 701 962 740 aliis
981 715 1059 741 esse
1076 702 1362 748 immorandum,
1392 701 1470 741 alia
1489 716 1568 741 esse
1592 715 1685 754 per·

357 769 558 807 currenda.
614 768 740 807 IDEM.
1037 763 1040 765 Δ

415 836 509 887 Pag.
530 838 623 875 296.
650 836 717 873 lin.
738 839 801 874 31.
856 835 1090 888 dissszatia]
1153 836 1244 874 Hoc
1263 836 1408 887 primus
1429 835 1551 875 edidit
1570 835 1686 874 Pear-

361 902 456 949 cius,
476 915 547 953 pro
566 902 724 953 vulgato
742 901 962 954 disputatio,
992 902 1096 954 quod
1114 902 1178 940 hic
1197 915 1324 949 nemo,
1345 903 1437 955 quid
1455 902 1518 950 sit,
1533 902 1688 941 dixerit.

362 968 492 1007 Locus
523 968 750 1011 Quintilian.
771 968 842 1005 IX.
877 982 961 1020 cap.
983 972 1019 1008 3.
1049 968 1115 1006 ubi
1145 976 1228 1007 tota
1256 969 1354 1007 haec
1386 974 1471 1024 ῥῆσις
1501 970 1690 1020 repetitur

361 1035 508 1075 clarum
522 1035 630 1082 facit,
650 1035 848 1088 dissipatio
866 1049 1001 1074 verum
1020 1049 1118 1074 esse.
1183 1037 1234 1075 Ut
1252 1037 1342 1074 haec
1360 1037 1400 1075 in
1425 1050 1537 1074 unum
1556 1048 1689 1088 conge-

362 1109 515 1148 runtur,
545 1102 601 1140 ita
629 1108 761 1141 contra
781 1101 848 1140 illa
878 1103 1046 1155 dispersa
1067 1108 1168 1150 sunt,
1200 1115 1297 1155 quae
1315 1116 1339 1141 a
1363 1103 1542 1142 Cicerone
1561 1113 1690 1141 DISSI-

360 1180 478 1208 PATA
498 1169 575 1208 dici
584 1175 681 1222 puto

581 1273 661 1312 Hic
679 1280 834 1327 segeteS,
852 1273 931 1312 illic
950 1273 1104 1312 veniunt
1105 1273 1269 1326 ιίὲίῑέἰῑιε
1289 1287 1384 1312 uvae

580 1340 744 1379 Arborei
743 1342 882 1393 foetus
897 1339 991 1379 alibi
1005 1357 1021 1386 ,-
1057 1348 1097 1378 et
1117 1340 1314 1392 deinceps.

421 1446 515 1498 Pag.
537 1449 627 1485 303.
655 1446 722 1483 lin.
742 1450 780 1485 6.
837 1446 939 1484 Nam
959 1445 1012 1484 ad
1037 1459 1158 1484 vocem
1178 1445 1454 1495 obtinendam]
1516 1444 1695 1484 Obtinere

364 1528 485 1553 vocem
506 1513 647 1552 dicitur
665 1513 727 1551 vel
747 1513 936 1558 universe,
957 1513 1018 1552 vel
1038 1513 1087 1551 de
1104 1520 1213 1551 certo
1241 1520 1345 1551 actu.
1400 1512 1447 1550 In
1465 1512 1532 1550 illo
1550 1525 1695 1564 genere

365 1589 426 1620 est
445 1581 560 1628 idem,
595 1580 700 1632 quod
719 1587 823 1627 ante,
843 1580 949 1618 tueri·
968 1593 1102 1626 vocem,
1133 1593 1204 1631 per
1223 1580 1532 1631 temperantiam,
1555 1583 1626 1618 &c.
1654 1580 1695 1618 in

364 1649 455 1693 hoc,
477 1648 525 1686 de
545 1655 637 1686 actu
652 1647 820 1694 dicendi,
840 1646 1006 1685 obtinere
1020 1661 1156 1694 vocem,
1176 1654 1249 1694 est,
1269 1646 1437 1694 efficere,
1451 1654 1495 1685 ut
1509 1647 1560 1685 ad
1577 1638 1700 1686 finemv

367 1715 506 1754 eadem
537 1721 707 1761 maneat,
740 1726 814 1752 nec
845 1713 1082 1752 obtundatur
1100 1721 1168 1752 aut
1185 1721 1400 1760 raucescat2
1455 1714 1508 1753 Et
1535 1714 1591 1753 sic
1619 1715 1696 1754 hoc

367 1782 470 1829 loco,
511 1781 665 1828 dicitur,
706 1780 899 1831 exquisita
932 1780 1144 1819 latinitate:
1187 1781 1305 1832 idque
1341 1781 1463 1820 voluit
1499 1769 1695 1833 eprIcare

368 1849 571 1902 glossator,
591 1848 657 1900 qui
672 1847 820 1886 addidit
838 1847 879 1886 in
895 1847 1071 1887 dicendo:
1103 1847 1208 1900 quod
1231 1848 1354 1886 Aldus
1373 1848 1413 1885 in
1431 1855 1584 1887 textum
1595 1847 1695 1887 male

368 1922 584 1966 receperat,
617 1917 787 1968 ejectum
817 1914 957 1956 deinde
986 1916 1033 1955 ab
1063 1915 1161 1956 aliis.
1219 1915 1345 1955 Abest
1363 1915 1480 1955 etiam
1498 1927 1523 1955 a
1541 1915 1630 1956 MS.
1650 1914 1696 1954 Ε.

371 1981 609 2022 ERNESTUS.
