2071 3508
797 352 1173 391 ORATORIBUS.
1574 358 1655 395 365

317 464 411 512 lius
432 483 446 524 ;
497 464 581 528 qui
619 459 915 526 scriptitavit
954 459 1201 506 orationes
1247 459 1444 518 nmltas,
1492 472 1658 512 orator

319 545 423 609 ipse
448 558 702 607 nunquam
725 539 838 587 fuit.
891 537 1049 602 Apud
1067 536 1275 601 majores
1294 547 1486 587 nostros
1511 543 1656 593 video

321 621 695 671 disertissimum
737 618 963 666 habitum
1003 633 1065 665 ex
1115 616 1261 664 Latio
1300 617 1361 666 L.
1406 617 1656 683 Papirium

320 700 686 765 Fregellanum,
713 697 811 746 Tib
855 696 1096 756 Gracchi,
1125 696 1178 744 P.
1204 695 1308 755 filii,
1333 695 1437 745 fere
1463 706 1656 750 aetate:

319 780 424 845 ejus
449 780 601 829 etiam
625 779 784 828 oratio
809 789 883 827 est
902 795 991 843 pro
1011 777 1333 842 Fregellanis,
1354 778 1660 844 coloniisque

318 859 528 919 Latinis,
556 861 725 909 habita
739 860 791 907 in
808 869 999 908 senatu.
1052 858 1185 906 Tum
1214 859 1414 919 BrutuS,
1442 859 1580 917 Quid
1603 868 1661 909 tu

318 940 491 1005 igitur,
515 941 697 1007 inquit,
722 940 899 989 tribuis
923 940 1028 988 istis
1054 940 1273 988 externis
1299 939 1436 1005 quasi
1456 940 1660 988 oratori-

317 1020 410 1069 bus
431 1021 449 1070 ?
487 1021 626 1080 Quid
652 1038 844 1081 censes,
882 1021 1104 1085 inquam,
1129 1021 1222 1068 nisi
1248 1021 1397 1079 idem,
1426 1023 1559 1085 quod
1584 1039 1663 1070 ur-

316 1101 474 1159 banis,
514 1110 711 1168 praeter
752 1118 924 1158 unum,
966 1101 1100 1166 quod
1141 1118 1241 1149 non
1278 1111 1354 1150 est
1389 1119 1558 1151 eorum
1586 1120 1664 1151 ur-

318 1182 542 1232 banitate
569 1183 783 1248 quadam
810 1182 947 1247 quasi
973 1182 1192 1230 colorata
1215 1183 1372 1230 oratio
1394 1183 1411 1231 ?
1450 1183 1516 1231 Et
1541 1184 1662 1231 Bru-

319 1270 420 1323 tus,
447 1264 550 1321 Qui
575 1272 668 1322 est,
700 1264 881 1328 inquit,
917 1264 1009 1312 iste
1034 1263 1237 1312 tandem
1264 1263 1558 1312 urbanitatis
1584 1281 1665 1313 co-

319 1342 428 1393 lor?
465 1344 672 1403 Nescio,
712 1344 930 1408 inquam.
1003 1344 1223 1392 Tantum
1267 1360 1371 1392 esse
1415 1343 1666 1408 quendam

323 1425 442 1473 scio.
515 1424 578 1472 Id
602 1432 677 1484 tu,
704 1424 877 1483 Brute,
904 1424 1010 1488 jam
1036 1424 1300 1488 intelliges,
1329 1441 1443 1472 cum
1469 1424 1520 1471 in
1546 1424 1668 1472 Gal-

321 1502 440 1553 liam
463 1505 674 1553 veneris.
747 1504 943 1553 Audies
983 1512 1040 1552 tu
1082 1504 1284 1569 quidem
1324 1503 1474 1552 etiam
1515 1504 1668 1552 verba

323 1585 569 1650 quaedam
610 1601 713 1633 non
752 1584 870 1633 trita
914 1584 1137 1632 Romae:
1177 1583 1266 1632 sed
1301 1584 1425 1632 haec
1466 1583 1668 1643 mutari,

323 1665 614 1731 dediscique
654 1674 878 1730 possunt.
952 1664 1086 1714 Illud
1122 1674 1198 1712 est
1232 1663 1408 1728 majus,
1446 1664 1579 1728 quod
1616 1664 1668 1711 in

321 1747 529 1796 vocibus
554 1754 834 1792 nostrorum
853 1755 1104 1792 oratorum
1130 1745 1311 1793 recinit
1335 1744 1592 1809 quiddam,
1618 1751 1669 1792 et

323 1835 524 1876 resonat
546 1824 799 1872 urbanius.
872 1824 983 1872 Nec
1007 1824 1105 1871 hoc
1142 1825 1192 1870 in
1218 1824 1494 1872 oratoribus
1519 1824 1670 1872 modo

326 1914 551 1973 apparet,
576 1904 663 1952 sed
688 1903 838 1950 etiam
863 1901 914 1948 in
942 1900 1166 1949 caeteris.
1238 1901 1350 1965 Ego
1375 1902 1579 1949 memini
1604 1902 1665 1951 T.

327 1987 542 2036 Tincam
588 1983 955 2040 Placentinum,
997 1981 1249 2028 hominem
1291 1979 1666 2039 facetissimum,

328 2085 443 2117 cum
468 2064 698 2115 familiari
722 2071 892 2110 nostro
913 2061 976 2118 Q.
999 2061 1190 2110 Granio
1213 2078 1461 2126 praecone
1487 2062 1670 2112 dicaci-

327 2157 433 2198 tate
460 2158 668 2196 certare.
719 2144 863 2198 Eon’,
891 2142 1053 2207 inquit
1080 2142 1278 2198 BrutUS,
1307 2142 1369 2190 de
1389 2159 1488 2206 quo
1512 2142 1670 2192 multa

329 2227 590 2279 Lucilius?
646 2225 750 2273 Isto
790 2224 932 2288 ipso:
987 2223 1076 2271 sed
1114 2222 1327 2270 Tincam
1369 2239 1472 2271 non
1507 2223 1673 2274 minus

330 2310 490 2358 multa
524 2305 732 2355 ridicule
771 2304 1023 2352 dicentem
1050 2303 1268 2351 Granius
1298 2304 1541 2352 obruebat
1565 2321 1673 2354 nes-

330 2392 410 2440 cio
435 2406 534 2455 quo
559 2402 730 2452 sapore
757 2384 1048 2433 vernaculo:
1075 2390 1132 2431 ut
1156 2400 1252 2447 ego
1260 2382 1366 2448 jam
1386 2401 1485 2431 non
1506 2384 1676 2445 mirer,

329 2471 457 2520 illud
481 2469 829 2533 Theophrasto
853 2465 1110 2521 accidisse,
1149 2465 1284 2528 quod
1320 2464 1517 2521 dicitur,
1558 2482 1673 2513 cum

333 2555 749 2617 percunctaretur
789 2562 849 2594 ex
876 2544 1073 2593 anicula
1109 2544 1342 2608 quadam,
1382 2543 1554 2607 quanti
1591 2543 1675 2592 ali-

334 2629 457 2696 quid
479 2628 719 2677 vendo-,et
742 2648 754 2685 T-
795 2633 846 2674 et
870 2624 1204 2690 respondisset
1227 2623 1328 2682 illa,
1365 2632 1514 2688 atque
1538 2623 1676 2672 addi-

338 2711 506 2766 disset,
544 2714 558 2735 ‘
584 2708 782 2771 hospes,
808 2722 907 2754 non
932 2714 1049 2770 pote
1070 2704 1272 2752 minoris
1294 2705 1325 2752 ι’
1364 2703 1534 2753 tulisse
1560 2722 1675 2754 eum

334 2792 562 2849 moleste,
599 2806 650 2837 se
687 2803 788 2836 non
822 2786 1042 2851 effugere
1067 2785 1273 2850 hospitis
1297 2785 1533 2850 speciem,
1560 2803 1674 2835 cum

338 2879 555 2923 aetatem
591 2878 763 2935 ageret
800 2867 1036 2928 Athenis,
1061 2866 1346 2933 optimeque
1370 2866 1674 2932 loqueretur.
