2071 3508
641 396 808 436 LIBER
825 396 1131 438 SECUNDUS.
1491 404 1560 441 141

236 507 440 565 nescias,
482 506 587 555 heri
628 507 767 555 nobis
807 506 889 554 ille
924 506 1039 566 hoc,
1065 506 1260 565 Catule,
1296 507 1563 571 pollicitus,

236 603 288 635 se
304 587 386 652 jus
411 585 571 644 civile,
610 586 742 649 quod
780 602 913 634 nunc
944 585 1174 634 diffusum
1200 595 1250 634 et
1276 586 1567 651 dissipatu-m

235 673 327 724 est,
352 665 403 712 in
427 672 562 712 certa
584 680 769 728 genera
794 671 1101 722 coacturum,
1138 673 1189 712 et
1224 664 1287 712 ad
1315 672 1470 713 artem
1494 664 1564 713 fa-

234 742 327 792 cile
367 742 699 790 redacturum.
772 742 837 790 Et
878 742 1093 807 quidem,
1137 743 1298 808 inquit
1339 743 1560 801 Catulus,

231 821 610 886 haudquaquam
627 821 677 869 id
697 829 771 869 est
787 820 983 870 difficile
1010 821 1203 881 Crasso,
1228 823 1312 886 qui
1337 830 1405 881 et,
1430 823 1565 887 quod

233 900 355 949 disci
378 900 541 966 potuit
566 901 628 949 de
644 900 777 966 jure,
793 901 990 961 didicit;
1019 911 1070 950 et
1089 902 1222 966 quod
1246 902 1322 961 iis,
1341 902 1424 967 qui
1450 919 1563 950 eum

234 979 526 1035 docuerunt,
555 978 732 1038 defuit,
762 980 865 1044 ipse
897 980 1101 1039 afferet3
1140 988 1214 1039 ut,
1240 997 1365 1044 quae
1391 981 1488 1029 sint
1512 981 1569 1028 in-

224 1056 355 1122 jure,
393 1057 473 1106 vel
514 1067 659 1106 acute
685 1059 978 1116 describere,
1020 1059 1099 1107 vel
1124 1067 1295 1108 ornate
1320 1058 1564 1108 illustrare

231 1137 399 1202 possit.
473 1138 605 1202 Ergo
629 1138 739 1198 ista,
763 1139 925 1202 inquit
945 1138 1214 1198 Antonius,
1239 1147 1346 1187 tum
1372 1155 1399 1186 a
1425 1138 1565 1187 Cras-

231 1233 285 1265 so
309 1217 573 1276 discemus,
616 1234 730 1266 cum
767 1234 818 1266 se
843 1217 905 1265 de
930 1219 1075 1266 turba
1100 1226 1150 1266 et
1185 1235 1214 1266 a
1248 1217 1488 1266 subselliis
1512 1218 1564 1266 in

232 1295 407 1356 otium,
463 1306 516 1343 ut
557 1297 760 1361 cogitat,
818 1296 1234 1361 solitudinemque
1277 1295 1559 1345 contulerit.

230 1374 343 1425 Jam
368 1376 419 1423 id
444 1376 643 1440 quidem
670 1393 833 1440 saepe,
869 1376 1030 1439 inquit
1056 1375 1281 1434 Catulus,
1306 1392 1369 1423 ex
1395 1392 1454 1423 eo
1479 1392 1561 1423 au-

232 1454 352 1514 divi,
393 1471 507 1503 cum
551 1455 758 1513 diceret,
800 1455 890 1503 sibi
927 1462 1119 1502 certum
1145 1470 1268 1512 esse,
1305 1471 1333 1501 a
1358 1453 1562 1518 judiciis

231 1534 487 1597 causisque
513 1533 800 1581 discedere:
840 1533 946 1592 sed,
987 1540 1044 1581 ut
1083 1532 1175 1597 ipsi
1213 1533 1346 1581 soleo
1377 1533 1563 1594 dicere,

230 1629 330 1661 non
366 1612 550 1661 licebit.
623 1612 800 1676 Neque
844 1612 975 1660 enim
1013 1611 1117 1676 ipse
1156 1611 1394 1660 auxilium
1419 1629 1562 1661 suum

229 1709 373 1757 saepe
399 1709 426 1740 a
449 1692 563 1739 viris
587 1691 728 1740 bonis
752 1690 933 1739 frus-tra
957 1691 1205 1756 implorari
1228 1692 1464 1757 patietur,
1479 1709 1564 1741 ne-

229 1789 325 1838 que
349 1772 402 1820 id
425 1788 583 1836 aequo
608 1771 773 1818 animo
796 1768 924 1818 feret
948 1770 1120 1819 civitas
1142 1792 1155 1830 ;
1195 1787 1340 1835 quae,
1376 1771 1414 1819 si
1438 1788 1563 1820 voce

229 1851 289 1899 L.
317 1849 476 1899 Crassi
503 1849 708 1907 carebit,
733 1856 1025 1896 ornamento
1050 1850 1264 1913 quodam
1289 1867 1394 1898 sese
1419 1851 1563 1915 spoli-

228 1937 360 1978 atam
384 1928 594 1992 putabit.
666 1927 796 1975 Nam
821 1926 1007 1986 hercle,
1037 1927 1200 1991 inquit
1226 1928 1497 1988 Antonius,
1523 1929 1561 1976 si

227 2008 352 2056 haec
392 2023 509 2054 vere
546 2023 574 2053 a
612 2005 791 2054 Catulo
830 2005 964 2053 dicta
989 2014 1122 2064 sunt,
1163 2006 1253 2054 tibi
1278 2023 1475 2055 mecum
1510 2007 1563 2055 in

230 2086 406 2135 eodem
433 2093 508 2133 est
531 2085 755 2149 pistrino,
787 2084 978 2143 Crasse,
1003 2085 1269 2132 vivendum
1293 2103 1304 2132 ε
1344 2094 1395 2134 et
1418 2086 1562 2134 istam

230 2166 522 2216 oscitantem
560 2172 611 2212 et
647 2164 996 2212 dormitantem
1021 2165 1330 2229 sapientiam,
1356 2165 1564 2215 Scaevo-

227 2246 384 2294 larum
402 2255 451 2295 et
472 2254 779 2294 caeterorum
798 2247 1056 2294 beatorum
1073 2246 1193 2304 otio,
1212 2246 1561 2295 concedamus.

231 2325 413 2374 Arrisit
447 2326 528 2374 hic
567 2326 768 2374 Crassus
803 2325 999 2384 leniter,
1037 2333 1105 2384 et,
1144 2325 1355 2373 Pertexe
1394 2326 1561 2386 modo,

228 2405 404 2469 inquit,
434 2405 646 2463 Antoni,
671 2404 805 2469 quod
830 2421 1031 2453 exorsus
1058 2421 1108 2452 es
1130 2423 1141 2453 :
1180 2422 1259 2452 me
1280 2414 1446 2453 tamen
1470 2406 1564 2454 ista

229 2485 443 2533 oscitans
480 2485 733 2550 sapientia,
773 2484 1068 2548 simulatque
1093 2484 1155 2532 ad
1180 2501 1287 2534 eam
1326 2483 1562 2548 confuge-

230 2581 303 2623 ro,
328 2564 379 2610 in
403 2563 682 2612 libertatem
707 2564 996 2612 vindicabit.

301 2641 464 2706 Hujus
491 2642 688 2706 quidem
714 2642 830 2701 loci,
864 2659 1010 2705 quem
1036 2643 1185 2691 modo
1209 2659 1315 2690 sum
1342 2659 1562 2701 exorsus,

231 2722 312 2770 hic
339 2730 412 2770 est
449 2720 576 2779 finis,
612 2721 772 2784 inquit
809 2720 1088 2769 Antonius:
1127 2722 1360 2783 quoniam
1387 2720 1563 2769 intelli-

229 2801 383 2865 gitur,
420 2815 519 2846 non
555 2799 605 2846 in
637 2799 890 2847 hominum
928 2798 1365 2847 innumerabilibus
1400 2815 1564 2864 perso-

230 2879 325 2938 nis,
349 2895 510 2943 neque
536 2878 586 2926 in
611 2878 801 2927 infinita
824 2885 1103 2942 temporum
1119 2878 1376 2939 varietate,
1400 2878 1488 2928 sed
1511 2879 1563 2927 in

1601 744 1708 785 143.

1598 1378 1706 1417 144.

1597 2340 1706 2379 145.

1597 2637 1703 2698 34.
