2071 3508
225 1117 334 1158 124.

224 1821 332 1863 125.

373 444 453 483 266
858 440 936 479 DE
965 439 1234 479 ORATORE

372 551 549 617 quibus
587 549 790 615 expilati
832 565 1032 609 sumus3
1079 549 1348 598 dummodo
1382 548 1465 598 illa
1488 550 1552 599 ad
1573 550 1706 600 hanc

371 630 567 680 civilem
593 629 865 685 scientiam,
902 645 999 692 quo
1022 629 1293 693 pertinent,
1329 636 1380 677 et
1404 646 1550 693 quam
1573 629 1706 678 intu-

369 719 534 769 entur,
568 706 950 757 transferamus:
989 724 1150 771 neque
1187 710 1268 771 (ut
1292 715 1407 756 ante
1433 707 1560 770 dixi)
1603 725 1707 756 om·-

368 805 482 837 nem
507 797 723 836 teramus
748 788 799 834 in
824 787 896 833 his
915 786 1164 833 discendis
1188 787 1333 834 rebus
1359 795 1591 846 aetatem,
1616 787 1706 835 sed

369 884 484 916 cum
523 866 687 914 fontes
729 865 1014 922 viderimus,
1057 867 1203 928 (quos
1239 864 1329 911 nisi
1367 865 1450 928 qui
1477 865 1706 914 celeriter

369 945 612 1010 cognorit,
672 961 926 1008 nunquam
976 950 1247 1006 cognoscet
1292 943 1518 1004 omnino)
1576 952 1703 1002 tum,

369 1025 778 1089 quotiescumque
821 1039 944 1086 opus
988 1021 1098 1080 erit,
1136 1038 1198 1069 ex
1223 1022 1280 1070 iis
1305 1030 1517 1082 tantum,
1554 1039 1707 1087 quan-

367 1112 473 1151 tum
498 1119 575 1151 res
598 1109 758 1167 petet,
794 1101 1091 1148 hauriamus.
1162 1101 1293 1149 Nam
1318 1118 1480 1166 neque
1504 1110 1606 1150 tam
1631 1109 1707 1150 est

368 1183 492 1231 acris
517 1183 647 1230 acies
689 1182 740 1229 in
782 1181 968 1229 naturis
1006 1180 1263 1229 hominum
1303 1190 1353 1229 et
1376 1182 1607 1245 ingeniis,
1648 1188 1706 1230 ut

366 1278 443 1310 res
466 1269 628 1310 tantas
654 1261 930 1326 quisquam,
955 1259 1048 1307 nisi
1073 1268 1385 1319 monstratas,
1400 1260 1555 1325 possit
1568 1260 1705 1308 vide-

366 1356 449 1388 re:
487 1357 649 1404 neque
691 1346 830 1388 tanta
870 1346 1038 1387 tamen
1076 1339 1127 1386 in
1151 1339 1612 1397 rebusobscuritas,
1647 1345 1706 1387 ut

367 1436 448 1468 eas
472 1436 572 1468 non
596 1420 794 1485 penitus
820 1420 920 1468 acri
944 1419 1018 1468 vir
1042 1419 1244 1484 ingenio
1271 1427 1457 1475 cernat,
1491 1419 1530 1466 si
1555 1417 1705 1466 modo

366 1499 664 1563 adspexerit.
736 1500 797 1546 In
833 1499 928 1547 hoc
964 1499 1116 1563 igitur
1140 1507 1281 1547 tanto
1316 1507 1417 1547 tam
1442 1498 1705 1546 immenso-

367 1593 464 1640 que
491 1594 681 1641 campo,
709 1594 822 1626 cum
848 1577 998 1625 liceat
1022 1578 1203 1626 oratori
1239 1577 1405 1642 vagari
1435 1576 1608 1635 libere,
1633 1582 1705 1624 at-

367 1670 482 1718 que,
506 1655 792 1719 ubicunque
818 1656 1114 1714 constiterit,
1136 1655 1403 1703 consistere
1428 1655 1479 1701 in
1505 1671 1611 1713 suo,
1634 1653 1705 1701 fa-

366 1733 460 1781 cile
498 1734 781 1797 suppeditat
817 1735 974 1781 omnis
1011 1742 1272 1798 apparatus
1308 1741 1607 1796 ornatusque
1633 1733 1705 1781 di-

367 1811 528 1861 cendi.
615 1812 804 1859 Rerum
847 1813 978 1859 enim
1018 1813 1162 1874 copia
1206 1812 1465 1858 verborum
1509 1811 1703 1875 copiam

363 1891 528 1956 gignit
548 1911 562 1950 3
602 1898 670 1949 et,
696 1891 734 1937 si
761 1898 834 1938 est
858 1890 1088 1937 honestas
1113 1889 1163 1935 in
1189 1890 1333 1936 rebus
1352 1890 1482 1953 ipsis,
1511 1890 1573 1937 de
1599 1889 1703 1954 qui-

363 1972 455 2020 bus
481 1969 678 2025 dicitur,
707 1968 874 2016 existit
912 1984 974 2015 ex
1010 1967 1080 2015 rei
1117 1975 1293 2014 natura
1318 1968 1518 2030 quidam
1544 1967 1703 2032 splen-

365 2049 530 2097 dorin
553 2047 730 2096 verbis.
802 2047 875 2095 Sit
910 2046 1059 2094 modo
1094 2046 1153 2105 is,
1190 2046 1273 2109 qui
1305 2045 1441 2093 dicet
1478 2054 1564 2094 aut
1588 2047 1703 2095 scri-

362 2129 468 2186 bet,
493 2127 747 2174 institutus
771 2125 1038 2174 liberaliter
1058 2125 1355 2174 educatione
1376 2125 1702 2191 doctrinaque

363 2205 559 2270 puerili,
585 2213 635 2253 et
659 2205 835 2268 flagret
860 2205 1041 2263 studio,
1078 2213 1129 2253 et
1164 2222 1191 2252 a
1224 2212 1399 2252 natura
1423 2203 1703 2268 adjuvetur,

365 2292 418 2333 et
442 2285 493 2331 in
516 2284 856 2331 universorum
893 2300 1134 2348 generum
1180 2283 1382 2331 infinitis
1420 2284 1703 2348 disceptati-

366 2363 543 2412 onibus
569 2363 887 2422 exercstatus,
929 2362 1262 2410 ornatissimos
1301 2362 1562 2426 scriptores
1598 2380 1702 2411 ora-

365 2450 596 2506 toresque
621 2441 685 2489 ad
709 2441 1113 2506 cognoscendum
1151 2441 1544 2504 imitandumque
1571 2441 1702 2490 dele-

365 2521 526 2585 gerit;
565 2537 657 2569 nae
682 2520 764 2569 ille
789 2521 923 2568 haud
947 2537 1082 2579 sane,
1103 2519 1521 2584 quemadmodum
1551 2521 1702 2568 verba

365 2607 523 2647 struat
548 2607 599 2647 et
622 2599 882 2657 illuminet,
909 2616 938 2647 a
961 2599 1205 2663 magistris
1227 2599 1331 2646 istis
1356 2598 1574 2662 requiret
1594 2616 1605 2646 :
1632 2598 1702 2646 ita

364 2677 512 2726 facile
552 2678 603 2725 in
644 2688 808 2726 rerum
848 2677 1150 2726 abundantia
1190 2677 1254 2725 ad
1294 2677 1526 2726 orationis
1562 2693 1700 2725 orna-

365 2764 533 2804 menta
558 2757 662 2805 sine
688 2756 836 2817 duce,
861 2763 1037 2805 natura
1059 2755 1181 2822 ipsa,
1217 2755 1257 2804 si
1291 2755 1441 2805 modo
1465 2763 1541 2805 est
1564 2770 1699 2804 exer-

366 2833 535 2896 citata,
557 2835 766 2887 labetur.
