<?xml version="1.0" encoding="UTF-8"?>
<!DOCTYPE html PUBLIC "-//W3C//DTD XHTML 1.0 Transitional//EN"
    "http://www.w3.org/TR/xhtml1/DTD/xhtml1-transitional.dtd">
<html xmlns="http://www.w3.org/1999/xhtml" xml:lang="en" lang="en">
 <head>
  <title>
</title>
<meta http-equiv="Content-Type" content="text/html;charset=utf-8" />
  <meta name='ocr-system' content='tesseract 3.04.00' />
  <meta name='ocr-capabilities' content='ocr_page ocr_carea ocr_par ocr_line ocrx_word'/>
</head>
<body>
  <div class='ocr_page' id='page_1' title='image "./deoratorelibrit00ciceuoft_0392.png"; bbox 0 0 2071 3508; ppageno 0'>
   <div class='ocr_carea' id='block_1_1' title="bbox 364 849 468 909">
    <p class='ocr_par' dir='ltr' id='par_1_1' title="bbox 364 849 468 909">
     <span class='ocr_line' id='line_1_1' title="bbox 364 849 468 909; baseline -0.01 0"><span class='ocrx_word' id='word_1_1' title='bbox 364 849 468 909; x_wconf 63' lang='lat'>62.</span> 
     </span>
    </p>
   </div>
   <div class='ocr_carea' id='block_1_2' title="bbox 513 426 1345 467">
    <p class='ocr_par' dir='ltr' id='par_1_2' title="bbox 513 426 1345 467">
     <span class='ocr_line' id='line_1_2' title="bbox 513 426 1345 467; baseline -0.004 0"><span class='ocrx_word' id='word_1_2' title='bbox 513 432 591 467; x_wconf 67' lang='lat'>:384</span> <span class='ocrx_word' id='word_1_3' title='bbox 1048 427 1125 466; x_wconf 94' lang='lat' dir='ltr'>DE</span> <span class='ocrx_word' id='word_1_4' title='bbox 1145 426 1345 467; x_wconf 85' lang='lat' dir='ltr'>CLARIS</span> 
     </span>
    </p>
   </div>
   <div class='ocr_carea' id='block_1_3' title="bbox 501 532 1830 2947">
    <p class='ocr_par' dir='ltr' id='par_1_3' title="bbox 508 532 1829 818">
     <span class='ocr_line' id='line_1_3' title="bbox 509 532 1826 600; baseline -0.004 -16"><span class='ocrx_word' id='word_1_5' title='bbox 509 535 638 584; x_wconf 86' lang='lat' dir='ltr'>alere</span> <span class='ocrx_word' id='word_1_6' title='bbox 663 535 715 584; x_wconf 91' lang='lat' dir='ltr'>id</span> <span class='ocrx_word' id='word_1_7' title='bbox 736 536 938 594; x_wconf 87' lang='lat' dir='ltr'>bonum,</span> <span class='ocrx_word' id='word_1_8' title='bbox 974 535 1107 600; x_wconf 92' lang='lat' dir='ltr'>quod</span> <span class='ocrx_word' id='word_1_9' title='bbox 1140 535 1190 583; x_wconf 92' lang='lat' dir='ltr'>in</span> <span class='ocrx_word' id='word_1_10' title='bbox 1224 535 1308 583; x_wconf 91' lang='lat' dir='ltr'>illo</span> <span class='ocrx_word' id='word_1_11' title='bbox 1331 533 1643 583; x_wconf 80' lang='lat' dir='ltr'>mediocriter</span> <span class='ocrx_word' id='word_1_12' title='bbox 1677 532 1826 580; x_wconf 87' lang='lat' dir='ltr'>fuisse</span> 
     </span>
     <span class='ocr_line' id='line_1_4' title="bbox 511 610 1827 678; baseline -0.004 -16"><span class='ocrx_word' id='word_1_13' title='bbox 511 613 856 662; x_wconf 85' lang='lat' dir='ltr'>concedimus:</span> <span class='ocrx_word' id='word_1_14' title='bbox 895 613 1028 678; x_wconf 92' lang='lat' dir='ltr'>quod</span> <span class='ocrx_word' id='word_1_15' title='bbox 1058 613 1206 661; x_wconf 91' lang='lat' dir='ltr'>habet</span> <span class='ocrx_word' id='word_1_16' title='bbox 1227 620 1415 661; x_wconf 82' lang='lat' dir='ltr'>tantam</span> <span class='ocrx_word' id='word_1_17' title='bbox 1438 613 1556 670; x_wconf 89' lang='lat' dir='ltr'>vim,</span> <span class='ocrx_word' id='word_1_18' title='bbox 1589 620 1646 659; x_wconf 92' lang='lat' dir='ltr'>ut</span> <span class='ocrx_word' id='word_1_19' title='bbox 1670 610 1827 659; x_wconf 88' lang='lat' dir='ltr'>solum</span> 
     </span>
     <span class='ocr_line' id='line_1_5' title="bbox 508 686 1829 755; baseline -0.003 -16"><span class='ocrx_word' id='word_1_20' title='bbox 508 692 612 740; x_wconf 85' lang='lat' dir='ltr'>sine</span> <span class='ocrx_word' id='word_1_21' title='bbox 648 691 751 739; x_wconf 89' lang='lat' dir='ltr'>aliis</span> <span class='ocrx_word' id='word_1_22' title='bbox 791 691 842 739; x_wconf 93' lang='lat' dir='ltr'>in</span> <span class='ocrx_word' id='word_1_23' title='bbox 879 692 1092 740; x_wconf 85' lang='lat' dir='ltr'>Curione</span> <span class='ocrx_word' id='word_1_24' title='bbox 1129 692 1342 755; x_wconf 85' lang='lat' dir='ltr'>speciem</span> <span class='ocrx_word' id='word_1_25' title='bbox 1382 691 1583 739; x_wconf 86' lang='lat' dir='ltr'>oratoris</span> <span class='ocrx_word' id='word_1_26' title='bbox 1623 686 1829 752; x_wconf 84' lang='lat' dir='ltr'>alicujus</span> 
     </span>
     <span class='ocr_line' id='line_1_6' title="bbox 508 768 1534 818; baseline -0.003 0"><span class='ocrx_word' id='word_1_27' title='bbox 508 769 739 818; x_wconf 85' lang='lat' dir='ltr'>effecerit.</span> <span class='ocrx_word' id='word_1_28' title='bbox 810 769 908 818; x_wconf 88' lang='lat' dir='ltr'>Sed</span> <span class='ocrx_word' id='word_1_29' title='bbox 931 769 994 817; x_wconf 86' lang='lat' dir='ltr'>ad</span> <span class='ocrx_word' id='word_1_30' title='bbox 1016 769 1239 817; x_wconf 85' lang='lat' dir='ltr'>instituta</span> <span class='ocrx_word' id='word_1_31' title='bbox 1263 768 1534 816; x_wconf 86' lang='lat' dir='ltr'>redeamus.</span> 
     </span>
    </p>

    <p class='ocr_par' dir='ltr' id='par_1_4' title="bbox 501 844 1830 2947">
     <span class='ocr_line' id='line_1_7' title="bbox 574 844 1825 912; baseline -0.003 -16"><span class='ocrx_word' id='word_1_32' title='bbox 574 849 634 896; x_wconf 94' lang='lat' dir='ltr'>In</span> <span class='ocrx_word' id='word_1_33' title='bbox 675 848 849 896; x_wconf 90' lang='lat' dir='ltr'>eodem</span> <span class='ocrx_word' id='word_1_34' title='bbox 889 848 1040 912; x_wconf 83' lang='lat' dir='ltr'>igitur</span> <span class='ocrx_word' id='word_1_35' title='bbox 1074 863 1278 895; x_wconf 90' lang='lat' dir='ltr'>numero</span> <span class='ocrx_word' id='word_1_36' title='bbox 1314 846 1533 910; x_wconf 86' lang='lat' dir='ltr'>ejusdem</span> <span class='ocrx_word' id='word_1_37' title='bbox 1558 845 1731 894; x_wconf 87' lang='lat' dir='ltr'>aetatis</span> <span class='ocrx_word' id='word_1_38' title='bbox 1767 844 1825 892; x_wconf 89' lang='lat' dir='ltr'>C.</span> 
     </span>
     <span class='ocr_line' id='line_1_8' title="bbox 507 924 1829 990; baseline -0.004 -15"><span class='ocrx_word' id='word_1_39' title='bbox 507 927 667 975; x_wconf 82' lang='lat' dir='ltr'>Carbo</span> <span class='ocrx_word' id='word_1_40' title='bbox 692 927 801 984; x_wconf 87' lang='lat' dir='ltr'>fuit,</span> <span class='ocrx_word' id='word_1_41' title='bbox 838 926 966 974; x_wconf 88' lang='lat' dir='ltr'>illius</span> <span class='ocrx_word' id='word_1_42' title='bbox 1007 925 1389 990; x_wconf 84' lang='lat' dir='ltr'>eloquentissimi</span> <span class='ocrx_word' id='word_1_43' title='bbox 1423 925 1515 972; x_wconf 86' lang='lat' dir='ltr'>viri</span> <span class='ocrx_word' id='word_1_44' title='bbox 1548 924 1693 983; x_wconf 87' lang='lat' dir='ltr'>filius,</span> <span class='ocrx_word' id='word_1_45' title='bbox 1727 939 1829 970; x_wconf 91' lang='lat' dir='ltr'>non</span> 
     </span>
     <span class='ocr_line' id='line_1_9' title="bbox 507 1004 1828 1063; baseline -0.002 -11"><span class='ocrx_word' id='word_1_46' title='bbox 507 1006 620 1052; x_wconf 87' lang='lat' dir='ltr'>satis</span> <span class='ocrx_word' id='word_1_47' title='bbox 645 1012 818 1052; x_wconf 86' lang='lat' dir='ltr'>acutus</span> <span class='ocrx_word' id='word_1_48' title='bbox 842 1012 1027 1063; x_wconf 88' lang='lat' dir='ltr'>orator;</span> <span class='ocrx_word' id='word_1_49' title='bbox 1065 1004 1152 1052; x_wconf 90' lang='lat' dir='ltr'>sed</span> <span class='ocrx_word' id='word_1_50' title='bbox 1175 1012 1341 1052; x_wconf 88' lang='lat' dir='ltr'>tamen</span> <span class='ocrx_word' id='word_1_51' title='bbox 1359 1011 1521 1052; x_wconf 86' lang='lat' dir='ltr'>orator</span> <span class='ocrx_word' id='word_1_52' title='bbox 1544 1009 1828 1051; x_wconf 88' lang='lat' dir='ltr'>numeratus</span> 
     </span>
     <span class='ocr_line' id='line_1_10' title="bbox 506 1080 1825 1146; baseline -0.001 -15"><span class='ocrx_word' id='word_1_53' title='bbox 506 1091 596 1131; x_wconf 89' lang='lat' dir='ltr'>est.</span> <span class='ocrx_word' id='word_1_54' title='bbox 667 1083 786 1130; x_wconf 84' lang='lat' dir='ltr'>Erat</span> <span class='ocrx_word' id='word_1_55' title='bbox 820 1083 870 1128; x_wconf 92' lang='lat' dir='ltr'>in</span> <span class='ocrx_word' id='word_1_56' title='bbox 905 1082 1063 1130; x_wconf 86' lang='lat' dir='ltr'>verbis</span> <span class='ocrx_word' id='word_1_57' title='bbox 1097 1082 1327 1146; x_wconf 84' lang='lat' dir='ltr'>gravitas,</span> <span class='ocrx_word' id='word_1_58' title='bbox 1369 1090 1420 1129; x_wconf 91' lang='lat' dir='ltr'>et</span> <span class='ocrx_word' id='word_1_59' title='bbox 1442 1080 1587 1130; x_wconf 88' lang='lat' dir='ltr'>facile</span> <span class='ocrx_word' id='word_1_60' title='bbox 1612 1081 1825 1138; x_wconf 90' lang='lat' dir='ltr'>dicebat,</span> 
     </span>
     <span class='ocr_line' id='line_1_11' title="bbox 503 1159 1830 1223; baseline 0.001 -15"><span class='ocrx_word' id='word_1_61' title='bbox 503 1169 555 1208; x_wconf 89' lang='lat' dir='ltr'>et</span> <span class='ocrx_word' id='word_1_62' title='bbox 600 1160 946 1208; x_wconf 86' lang='lat' dir='ltr'>auctoritatem</span> <span class='ocrx_word' id='word_1_63' title='bbox 992 1159 1263 1207; x_wconf 83' lang='lat' dir='ltr'>naturalem</span> <span class='ocrx_word' id='word_1_64' title='bbox 1316 1161 1561 1223; x_wconf 86' lang='lat' dir='ltr'>quandam</span> <span class='ocrx_word' id='word_1_65' title='bbox 1616 1159 1830 1209; x_wconf 87' lang='lat' dir='ltr'>habebat</span> 
     </span>
     <span class='ocr_line' id='line_1_12' title="bbox 503 1237 1830 1297; baseline -0.002 -9"><span class='ocrx_word' id='word_1_66' title='bbox 503 1240 674 1288; x_wconf 87' lang='lat' dir='ltr'>oratio.</span> <span class='ocrx_word' id='word_1_67' title='bbox 760 1239 972 1287; x_wconf 81' lang='lat' dir='ltr'>Acutior</span> <span class='ocrx_word' id='word_1_68' title='bbox 1009 1238 1071 1295; x_wconf 94' lang='lat' dir='ltr'><strong>Q.</strong></span> <span class='ocrx_word' id='word_1_69' title='bbox 1109 1237 1288 1285; x_wconf 85' lang='lat' dir='ltr'>Varius</span> <span class='ocrx_word' id='word_1_70' title='bbox 1322 1238 1468 1285; x_wconf 87' lang='lat' dir='ltr'>rebus</span> <span class='ocrx_word' id='word_1_71' title='bbox 1501 1238 1830 1297; x_wconf 83' lang='lat' dir='ltr'>inveniendis,</span> 
     </span>
     <span class='ocr_line' id='line_1_13' title="bbox 502 1315 1826 1380; baseline -0.002 -14"><span class='ocrx_word' id='word_1_72' title='bbox 502 1335 596 1366; x_wconf 90' lang='lat' dir='ltr'>nec</span> <span class='ocrx_word' id='word_1_73' title='bbox 637 1318 797 1365; x_wconf 87' lang='lat' dir='ltr'>minus</span> <span class='ocrx_word' id='word_1_74' title='bbox 834 1317 994 1366; x_wconf 88' lang='lat' dir='ltr'>verbis</span> <span class='ocrx_word' id='word_1_75' title='bbox 1030 1316 1323 1380; x_wconf 85' lang='lat' dir='ltr'>expeditus:</span> <span class='ocrx_word' id='word_1_76' title='bbox 1365 1315 1506 1364; x_wconf 88' lang='lat' dir='ltr'>fortis</span> <span class='ocrx_word' id='word_1_77' title='bbox 1529 1333 1645 1364; x_wconf 89' lang='lat' dir='ltr'>vero</span> <span class='ocrx_word' id='word_1_78' title='bbox 1670 1323 1826 1377; x_wconf 87' lang='lat' dir='ltr'>actor,</span> 
     </span>
     <span class='ocr_line' id='line_1_14' title="bbox 503 1393 1828 1459; baseline -0.002 -14"><span class='ocrx_word' id='word_1_79' title='bbox 503 1404 552 1445; x_wconf 86' lang='lat' dir='ltr'>et</span> <span class='ocrx_word' id='word_1_80' title='bbox 574 1396 860 1454; x_wconf 73' lang='lat' dir='ltr'>vehemens,</span> <span class='ocrx_word' id='word_1_81' title='bbox 897 1403 947 1443; x_wconf 92' lang='lat' dir='ltr'>et</span> <span class='ocrx_word' id='word_1_82' title='bbox 977 1395 1137 1443; x_wconf 85' lang='lat' dir='ltr'>verbis</span> <span class='ocrx_word' id='word_1_83' title='bbox 1178 1411 1272 1443; x_wconf 92' lang='lat' dir='ltr'>nec</span> <span class='ocrx_word' id='word_1_84' title='bbox 1306 1394 1447 1459; x_wconf 90' lang='lat' dir='ltr'>inops</span> <span class='ocrx_word' id='word_1_85' title='bbox 1470 1411 1564 1443; x_wconf 89' lang='lat' dir='ltr'>nec</span> <span class='ocrx_word' id='word_1_86' title='bbox 1589 1393 1828 1458; x_wconf 86' lang='lat' dir='ltr'>abjectus,</span> 
     </span>
     <span class='ocr_line' id='line_1_15' title="bbox 502 1472 1825 1538; baseline -0.002 -16"><span class='ocrx_word' id='word_1_87' title='bbox 502 1482 554 1522; x_wconf 86' lang='lat' dir='ltr'>et</span> <span class='ocrx_word' id='word_1_88' title='bbox 593 1491 737 1538; x_wconf 86' lang='lat' dir='ltr'>quem</span> <span class='ocrx_word' id='word_1_89' title='bbox 779 1474 924 1538; x_wconf 85' lang='lat' dir='ltr'>plane</span> <span class='ocrx_word' id='word_1_90' title='bbox 960 1481 1203 1522; x_wconf 87' lang='lat' dir='ltr'>oratorem</span> <span class='ocrx_word' id='word_1_91' title='bbox 1242 1472 1407 1521; x_wconf 87' lang='lat' dir='ltr'>dicere</span> <span class='ocrx_word' id='word_1_92' title='bbox 1442 1473 1661 1521; x_wconf 80' lang='lat' dir='ltr'>auderes,</span> <span class='ocrx_word' id='word_1_93' title='bbox 1733 1473 1825 1522; x_wconf 90' lang='lat' dir='ltr'>Cn.</span> 
     </span>
     <span class='ocr_line' id='line_1_16' title="bbox 504 1551 1828 1617; baseline -0.001 -16"><span class='ocrx_word' id='word_1_94' title='bbox 504 1553 801 1617; x_wconf 88' lang='lat' dir='ltr'>Pomponius</span> <span class='ocrx_word' id='word_1_95' title='bbox 842 1552 1073 1601; x_wconf 86' lang='lat' dir='ltr'>lateribus</span> <span class='ocrx_word' id='word_1_96' title='bbox 1108 1568 1353 1616; x_wconf 83' lang='lat' dir='ltr'>pugnans,</span> <span class='ocrx_word' id='word_1_97' title='bbox 1386 1551 1597 1600; x_wconf 89' lang='lat' dir='ltr'>incitans</span> <span class='ocrx_word' id='word_1_98' title='bbox 1621 1552 1828 1612; x_wconf 90' lang='lat' dir='ltr'>animos,</span> 
     </span>
     <span class='ocr_line' id='line_1_17' title="bbox 502 1629 1829 1690; baseline 0 -10"><span class='ocrx_word' id='word_1_99' title='bbox 502 1649 634 1690; x_wconf 85' lang='lat' dir='ltr'>acer,</span> <span class='ocrx_word' id='word_1_100' title='bbox 672 1632 896 1689; x_wconf 88' lang='lat' dir='ltr'>acerbus,</span> <span class='ocrx_word' id='word_1_101' title='bbox 934 1631 1236 1678; x_wconf 87' lang='lat' dir='ltr'>criminosus.</span> <span class='ocrx_word' id='word_1_102' title='bbox 1308 1629 1527 1678; x_wconf 88' lang='lat' dir='ltr'>Multum</span> <span class='ocrx_word' id='word_1_103' title='bbox 1552 1630 1612 1678; x_wconf 89' lang='lat' dir='ltr'>ab</span> <span class='ocrx_word' id='word_1_104' title='bbox 1636 1630 1694 1677; x_wconf 89' lang='lat' dir='ltr'>iis</span> <span class='ocrx_word' id='word_1_105' title='bbox 1718 1631 1829 1680; x_wconf 87' lang='lat' dir='ltr'>abe-</span> 
     </span>
     <span class='ocr_line' id='line_1_18' title="bbox 503 1708 1827 1772; baseline -0.001 -15"><span class='ocrx_word' id='word_1_106' title='bbox 503 1718 579 1759; x_wconf 91' lang='lat' dir='ltr'>rat</span> <span class='ocrx_word' id='word_1_107' title='bbox 603 1711 661 1758; x_wconf 91' lang='lat' dir='ltr'>L.</span> <span class='ocrx_word' id='word_1_108' title='bbox 688 1710 892 1758; x_wconf 86' lang='lat' dir='ltr'>Fusius:</span> <span class='ocrx_word' id='word_1_109' title='bbox 935 1718 1100 1757; x_wconf 88' lang='lat' dir='ltr'>tamen</span> <span class='ocrx_word' id='word_1_110' title='bbox 1126 1725 1186 1756; x_wconf 84' lang='lat' dir='ltr'>ex</span> <span class='ocrx_word' id='word_1_111' title='bbox 1211 1709 1524 1756; x_wconf 84' lang='lat' dir='ltr'>accusatione</span> <span class='ocrx_word' id='word_1_112' title='bbox 1551 1708 1644 1756; x_wconf 89' lang='lat' dir='ltr'><strong>M&#39;.</strong></span> <span class='ocrx_word' id='word_1_113' title='bbox 1672 1708 1827 1772; x_wconf 91' lang='lat' dir='ltr'>Aqui-</span> 
     </span>
     <span class='ocr_line' id='line_1_19' title="bbox 501 1785 1828 1852; baseline 0 -18"><span class='ocrx_word' id='word_1_114' title='bbox 501 1788 553 1834; x_wconf 90' lang='lat' dir='ltr'>lii</span> <span class='ocrx_word' id='word_1_115' title='bbox 579 1788 865 1852; x_wconf 79' lang='lat' dir='ltr'>diligentiae</span> <span class='ocrx_word' id='word_1_116' title='bbox 900 1787 1118 1834; x_wconf 83' lang='lat' dir='ltr'>fructum</span> <span class='ocrx_word' id='word_1_117' title='bbox 1156 1794 1368 1850; x_wconf 84' lang='lat' dir='ltr'>ceperat.</span> <span class='ocrx_word' id='word_1_118' title='bbox 1440 1786 1569 1834; x_wconf 89' lang='lat' dir='ltr'>Nam</span> <span class='ocrx_word' id='word_1_119' title='bbox 1595 1785 1670 1833; x_wconf 88' lang='lat' dir='ltr'>M.</span> <span class='ocrx_word' id='word_1_120' title='bbox 1698 1787 1828 1834; x_wconf 87' lang='lat' dir='ltr'>Dru-</span> 
     </span>
     <span class='ocr_line' id='line_1_20' title="bbox 504 1864 1826 1928; baseline -0.001 -15"><span class='ocrx_word' id='word_1_121' title='bbox 504 1883 629 1924; x_wconf 85' lang='lat' dir='ltr'>sum,</span> <span class='ocrx_word' id='word_1_122' title='bbox 664 1874 804 1913; x_wconf 89' lang='lat' dir='ltr'>tuum</span> <span class='ocrx_word' id='word_1_123' title='bbox 831 1881 1065 1928; x_wconf 81' lang='lat' dir='ltr'>magnum</span> <span class='ocrx_word' id='word_1_124' title='bbox 1090 1864 1409 1922; x_wconf 71' lang='lat' dir='ltr'>avunculum,</span> <span class='ocrx_word' id='word_1_125' title='bbox 1444 1881 1643 1928; x_wconf 84' lang='lat' dir='ltr'>gravem</span> <span class='ocrx_word' id='word_1_126' title='bbox 1668 1873 1826 1912; x_wconf 88' lang='lat' dir='ltr'>orato-</span> 
     </span>
     <span class='ocr_line' id='line_1_21' title="bbox 505 1941 1823 2006; baseline -0.001 -15"><span class='ocrx_word' id='word_1_127' title='bbox 505 1960 624 2002; x_wconf 83' lang='lat' dir='ltr'>rem,</span> <span class='ocrx_word' id='word_1_128' title='bbox 649 1943 718 1991; x_wconf 87' lang='lat' dir='ltr'>ita</span> <span class='ocrx_word' id='word_1_129' title='bbox 742 1943 982 1990; x_wconf 76' lang='lat' dir='ltr'>duntaxat</span> <span class='ocrx_word' id='word_1_130' title='bbox 1008 1959 1119 1990; x_wconf 90' lang='lat' dir='ltr'>cum</span> <span class='ocrx_word' id='word_1_131' title='bbox 1147 1943 1207 1990; x_wconf 88' lang='lat' dir='ltr'>de</span> <span class='ocrx_word' id='word_1_132' title='bbox 1232 1941 1484 2006; x_wconf 88' lang='lat' dir='ltr'>republica</span> <span class='ocrx_word' id='word_1_133' title='bbox 1508 1941 1695 1989; x_wconf 86' lang='lat' dir='ltr'>diceret</span> <span class='ocrx_word' id='word_1_134' title='bbox 1716 1962 1728 2001; x_wconf 82' lang='lat'>3</span> <span class='ocrx_word' id='word_1_135' title='bbox 1764 1942 1823 1990; x_wconf 90' lang='lat' dir='ltr'>L.</span> 
     </span>
     <span class='ocr_line' id='line_1_22' title="bbox 504 2020 1827 2085; baseline 0 -16"><span class='ocrx_word' id='word_1_136' title='bbox 504 2031 669 2070; x_wconf 83' lang='lat' dir='ltr'>autem</span> <span class='ocrx_word' id='word_1_137' title='bbox 723 2020 989 2069; x_wconf 88' lang='lat' dir='ltr'>Lucullum</span> <span class='ocrx_word' id='word_1_138' title='bbox 1045 2021 1191 2069; x_wconf 90' lang='lat' dir='ltr'>etiam</span> <span class='ocrx_word' id='word_1_139' title='bbox 1239 2028 1439 2068; x_wconf 88' lang='lat' dir='ltr'>acutum</span> <span class='ocrx_word' id='word_1_140' title='bbox 1466 2041 1479 2080; x_wconf 84' lang='lat'>3</span> <span class='ocrx_word' id='word_1_141' title='bbox 1538 2027 1827 2085; x_wconf 86' lang='lat' dir='ltr'>patremque</span> 
     </span>
     <span class='ocr_line' id='line_1_23' title="bbox 505 2100 1828 2165; baseline 0.002 -17"><span class='ocrx_word' id='word_1_142' title='bbox 505 2110 663 2160; x_wconf 77' lang='lat' dir='ltr'>tuum,</span> <span class='ocrx_word' id='word_1_143' title='bbox 700 2101 868 2157; x_wconf 83' lang='lat' dir='ltr'>Brute,</span> <span class='ocrx_word' id='word_1_144' title='bbox 898 2101 1022 2165; x_wconf 85' lang='lat' dir='ltr'>juris</span> <span class='ocrx_word' id='word_1_145' title='bbox 1047 2117 1243 2165; x_wconf 90' lang='lat' dir='ltr'>quoque</span> <span class='ocrx_word' id='word_1_146' title='bbox 1269 2108 1319 2148; x_wconf 89' lang='lat' dir='ltr'>et</span> <span class='ocrx_word' id='word_1_147' title='bbox 1341 2100 1546 2164; x_wconf 87' lang='lat' dir='ltr'>publici,</span> <span class='ocrx_word' id='word_1_148' title='bbox 1578 2109 1628 2149; x_wconf 89' lang='lat' dir='ltr'>et</span> <span class='ocrx_word' id='word_1_149' title='bbox 1650 2101 1828 2165; x_wconf 87' lang='lat' dir='ltr'>privati</span> 
     </span>
     <span class='ocr_line' id='line_1_24' title="bbox 504 2178 1828 2243; baseline 0.001 -16"><span class='ocrx_word' id='word_1_150' title='bbox 504 2196 619 2227; x_wconf 83' lang='lat' dir='ltr'>sane</span> <span class='ocrx_word' id='word_1_151' title='bbox 658 2181 905 2243; x_wconf 70' lang='lat' dir='ltr'>peritum,</span> <span class='ocrx_word' id='word_1_152' title='bbox 965 2178 1039 2226; x_wconf 89' lang='lat' dir='ltr'>M.</span> <span class='ocrx_word' id='word_1_153' title='bbox 1083 2179 1383 2238; x_wconf 81' lang='lat' dir='ltr'>Lucullum3</span> <span class='ocrx_word' id='word_1_154' title='bbox 1424 2178 1498 2226; x_wconf 91' lang='grc' dir='ltr'>Μ.</span> <span class='ocrx_word' id='word_1_155' title='bbox 1541 2178 1828 2240; x_wconf 88' lang='lat' dir='ltr'>Octavium,</span> 
     </span>
     <span class='ocr_line' id='line_1_25' title="bbox 505 2257 1828 2322; baseline 0.002 -17"><span class='ocrx_word' id='word_1_156' title='bbox 505 2257 659 2305; x_wconf 89' lang='lat' dir='ltr'>Cnaei</span> <span class='ocrx_word' id='word_1_157' title='bbox 682 2257 849 2313; x_wconf 84' lang='lat' dir='ltr'>filium,</span> <span class='ocrx_word' id='word_1_158' title='bbox 875 2258 958 2321; x_wconf 88' lang='lat' dir='ltr'>qui</span> <span class='ocrx_word' id='word_1_159' title='bbox 983 2266 1175 2305; x_wconf 87' lang='lat' dir='ltr'>tantum</span> <span class='ocrx_word' id='word_1_160' title='bbox 1200 2257 1493 2305; x_wconf 84' lang='lat' dir='ltr'>auctoritate</span> <span class='ocrx_word' id='word_1_161' title='bbox 1518 2257 1828 2322; x_wconf 88' lang='lat' dir='ltr'>dicendoque</span> 
     </span>
     <span class='ocr_line' id='line_1_26' title="bbox 504 2335 1826 2400; baseline -0.003 -18"><span class='ocrx_word' id='word_1_162' title='bbox 504 2335 672 2391; x_wconf 79' lang='lat' dir='ltr'>valuit,</span> <span class='ocrx_word' id='word_1_163' title='bbox 711 2344 761 2383; x_wconf 88' lang='lat' dir='ltr'>et</span> <span class='ocrx_word' id='word_1_164' title='bbox 784 2336 945 2399; x_wconf 85' lang='lat' dir='ltr'>legem</span> <span class='ocrx_word' id='word_1_165' title='bbox 973 2336 1309 2400; x_wconf 84' lang='lat' dir='ltr'>Semproniam</span> <span class='ocrx_word' id='word_1_166' title='bbox 1332 2336 1716 2393; x_wconf 82' lang='lat' dir='ltr'>frumentariam,</span> <span class='ocrx_word' id='word_1_167' title='bbox 1741 2353 1826 2400; x_wconf 88' lang='lat' dir='ltr'>po-</span> 
     </span>
     <span class='ocr_line' id='line_1_27' title="bbox 504 2414 1824 2479; baseline 0.003 -18"><span class='ocrx_word' id='word_1_168' title='bbox 504 2414 606 2479; x_wconf 87' lang='lat' dir='ltr'>puli</span> <span class='ocrx_word' id='word_1_169' title='bbox 641 2414 911 2478; x_wconf 86' lang='lat' dir='ltr'>frequentis</span> <span class='ocrx_word' id='word_1_170' title='bbox 939 2415 1177 2478; x_wconf 74' lang='lat' dir='ltr'>suffragiis</span> <span class='ocrx_word' id='word_1_171' title='bbox 1214 2414 1551 2477; x_wconf 83' lang='lat' dir='ltr'>abrogaverit3</span> <span class='ocrx_word' id='word_1_172' title='bbox 1607 2415 1699 2463; x_wconf 88' lang='lat' dir='ltr'>Cn.</span> <span class='ocrx_word' id='word_1_173' title='bbox 1725 2414 1824 2465; x_wconf 87' lang='lat' dir='ltr'>Oc-</span> 
     </span>
     <span class='ocr_line' id='line_1_28' title="bbox 506 2493 1824 2557; baseline 0.002 -16"><span class='ocrx_word' id='word_1_174' title='bbox 506 2493 710 2551; x_wconf 81' lang='lat' dir='ltr'>tavium,</span> <span class='ocrx_word' id='word_1_175' title='bbox 749 2493 823 2540; x_wconf 89' lang='lat' dir='ltr'>M.</span> <span class='ocrx_word' id='word_1_176' title='bbox 861 2493 1048 2552; x_wconf 80' lang='lat' dir='ltr'>filium3</span> <span class='ocrx_word' id='word_1_177' title='bbox 1090 2493 1163 2540; x_wconf 91' lang='lat' dir='ltr'>M.</span> <span class='ocrx_word' id='word_1_178' title='bbox 1203 2494 1442 2540; x_wconf 85' lang='lat' dir='ltr'>Catonem</span> <span class='ocrx_word' id='word_1_179' title='bbox 1482 2501 1703 2557; x_wconf 89' lang='lat' dir='ltr'>patrem;</span> <span class='ocrx_word' id='word_1_180' title='bbox 1760 2494 1824 2552; x_wconf 88' lang='lat' dir='ltr'><strong>Q.</strong></span> 
     </span>
     <span class='ocr_line' id='line_1_29' title="bbox 505 2572 1824 2634; baseline 0.001 -13"><span class='ocrx_word' id='word_1_181' title='bbox 505 2573 652 2621; x_wconf 87' lang='lat' dir='ltr'>etiam</span> <span class='ocrx_word' id='word_1_182' title='bbox 678 2572 908 2620; x_wconf 87' lang='lat' dir='ltr'>Catulum</span> <span class='ocrx_word' id='word_1_183' title='bbox 929 2572 1079 2619; x_wconf 88' lang='lat' dir='ltr'>filium</span> <span class='ocrx_word' id='word_1_184' title='bbox 1100 2572 1399 2620; x_wconf 88' lang='lat' dir='ltr'>abducamus</span> <span class='ocrx_word' id='word_1_185' title='bbox 1424 2588 1485 2619; x_wconf 86' lang='lat' dir='ltr'>ex</span> <span class='ocrx_word' id='word_1_186' title='bbox 1510 2573 1630 2629; x_wconf 89' lang='lat' dir='ltr'>acie,</span> <span class='ocrx_word' id='word_1_187' title='bbox 1656 2572 1708 2620; x_wconf 87' lang='lat' dir='ltr'>id</span> <span class='ocrx_word' id='word_1_188' title='bbox 1732 2582 1824 2634; x_wconf 90' lang='lat' dir='ltr'>est,</span> 
     </span>
     <span class='ocr_line' id='line_1_30' title="bbox 502 2650 1822 2715; baseline 0.002 -16"><span class='ocrx_word' id='word_1_189' title='bbox 502 2669 530 2699; x_wconf 86' lang='lat' dir='ltr'>a</span> <span class='ocrx_word' id='word_1_190' title='bbox 544 2651 759 2715; x_wconf 87' lang='lat' dir='ltr'>judiciis,</span> <span class='ocrx_word' id='word_1_191' title='bbox 799 2659 849 2699; x_wconf 87' lang='lat' dir='ltr'>et</span> <span class='ocrx_word' id='word_1_192' title='bbox 873 2651 923 2697; x_wconf 90' lang='lat' dir='ltr'>in</span> <span class='ocrx_word' id='word_1_193' title='bbox 947 2651 1198 2715; x_wconf 85' lang='lat' dir='ltr'>praesidiis</span> <span class='ocrx_word' id='word_1_194' title='bbox 1222 2650 1538 2715; x_wconf 88' lang='lat' dir='ltr'>reipublicae,</span> <span class='ocrx_word' id='word_1_195' title='bbox 1574 2651 1654 2699; x_wconf 91' lang='lat' dir='ltr'>cui</span> <span class='ocrx_word' id='word_1_196' title='bbox 1676 2651 1822 2701; x_wconf 86' lang='lat' dir='ltr'>facile</span> 
     </span>
     <span class='ocr_line' id='line_1_31' title="bbox 503 2730 1819 2795; baseline 0.004 -18"><span class='ocrx_word' id='word_1_197' title='bbox 503 2730 781 2779; x_wconf 84' lang='lat' dir='ltr'>satisfacere</span> <span class='ocrx_word' id='word_1_198' title='bbox 834 2731 1040 2795; x_wconf 82' lang='lat' dir='ltr'>possint,</span> <span class='ocrx_word' id='word_1_199' title='bbox 1100 2730 1410 2779; x_wconf 88' lang='lat' dir='ltr'>collocemus.</span> <span class='ocrx_word' id='word_1_200' title='bbox 1513 2730 1703 2780; x_wconf 91' lang='lat' dir='ltr'>Eodem</span> <span class='ocrx_word' id='word_1_201' title='bbox 1755 2733 1819 2789; x_wconf 88' lang='lat' dir='ltr'><strong>Q.</strong></span> 
     </span>
     <span class='ocr_line' id='line_1_32' title="bbox 502 2808 1823 2874; baseline 0.002 -18"><span class='ocrx_word' id='word_1_202' title='bbox 502 2809 802 2873; x_wconf 88' lang='lat' dir='ltr'>Caepionem</span> <span class='ocrx_word' id='word_1_203' title='bbox 827 2808 1075 2866; x_wconf 84' lang='lat' dir='ltr'>referrem,</span> <span class='ocrx_word' id='word_1_204' title='bbox 1124 2809 1216 2856; x_wconf 87' lang='lat' dir='ltr'>nisi</span> <span class='ocrx_word' id='word_1_205' title='bbox 1250 2809 1393 2856; x_wconf 84' lang='lat' dir='ltr'>nimis</span> <span class='ocrx_word' id='word_1_206' title='bbox 1427 2810 1640 2874; x_wconf 90' lang='lat' dir='ltr'>equestri</span> <span class='ocrx_word' id='word_1_207' title='bbox 1664 2809 1823 2858; x_wconf 88' lang='lat' dir='ltr'>ordini</span> 
     </span>
     <span class='ocr_line' id='line_1_33' title="bbox 503 2887 1816 2947; baseline 0.001 -12"><span class='ocrx_word' id='word_1_208' title='bbox 503 2887 716 2947; x_wconf 84' lang='lat' dir='ltr'>deditus,</span> <span class='ocrx_word' id='word_1_209' title='bbox 751 2905 780 2935; x_wconf 87' lang='lat' dir='ltr'>a</span> <span class='ocrx_word' id='word_1_210' title='bbox 818 2896 990 2937; x_wconf 83' lang='lat' dir='ltr'>senatu</span> <span class='ocrx_word' id='word_1_211' title='bbox 1032 2887 1326 2937; x_wconf 87' lang='lat' dir='ltr'>dissedisset.</span> <span class='ocrx_word' id='word_1_212' title='bbox 1397 2887 1487 2938; x_wconf 92' lang='lat' dir='ltr'>Cn.</span> <span class='ocrx_word' id='word_1_213' title='bbox 1528 2888 1816 2944; x_wconf 84' lang='lat' dir='ltr'>Carbonem,</span> 
     </span>
    </p>
   </div>
  </div>
 </body>
</html>
