2071 3508
317 687 394 726 82.

318 1235 396 1275 83.

426 418 443 453 1
452 416 504 453 20
909 415 987 454 DE
1017 413 1286 454 ORATORE

423 524 598 587 perite.
670 524 811 581 Quae
848 525 978 572 enim
1013 532 1279 590 praecepta
1312 523 1666 589 principiorum
1704 532 1755 572 et

426 603 760 650 narrationum
786 620 888 651 esse
914 602 1192 659 voluerunt,
1231 619 1289 650 ea
1312 602 1362 648 in
1386 603 1503 650 totis
1528 602 1756 651 orationi-

425 682 517 728 bus
553 689 667 728 sunt
708 681 1058 728 conservanda.
1128 681 1258 728 Nam
1285 697 1378 745 ego
1403 681 1522 727 mihi
1545 681 1758 728 benevo-

426 759 528 806 lum
545 759 769 823 judicem
789 758 980 806 facilius
1004 757 1168 806 facere
1192 775 1391 822 possum
1411 759 1462 805 in
1488 775 1636 806 cursu
1654 774 1758 806 ora-

427 839 593 896 tionis,
630 855 774 902 quam
818 854 930 885 cum
974 837 1137 885 omnia
1179 844 1293 884 sunt
1332 837 1587 885 inaudita:
1626 837 1760 886 doci-

427 917 523 964 lem
551 925 736 976 autem,
772 933 871 964 non
897 933 1009 964 cum
1034 915 1271 980 polliceor
1295 932 1374 963 me
1400 915 1759 963 demonstratu-

426 1011 551 1051 rum,
591 996 678 1042 sed
718 1003 844 1053 tum,
881 1012 994 1043 cum
1037 994 1195 1042 doceo
1231 1001 1282 1042 et
1323 993 1563 1058 explano:
1602 1001 1760 1041 atten-

427 1082 534 1120 tum
559 1090 676 1121 vero
703 1075 875 1121 crebro
909 1081 1014 1121 tota
1054 1073 1249 1121 actione
1275 1071 1550 1121 excitandis
1585 1071 1762 1120 menti-

428 1153 518 1199 bus
535 1151 784 1215 judicum,
819 1168 918 1199 non
953 1151 1110 1215 prima
1135 1150 1528 1209 denuntiatione,
1568 1149 1760 1198 efficere

428 1248 702 1295 possumus.
772 1231 884 1279 Jam
919 1246 1036 1277 vero
1077 1230 1406 1277 narrationem
1431 1229 1565 1293 quod
1580 1229 1762 1294 jubent

428 1310 742 1357 verisimilem
781 1325 905 1366 esse,
947 1316 998 1355 et
1021 1317 1258 1372 apertam,
1296 1316 1346 1356 et
1368 1309 1588 1366 brevem,
1623 1314 1761 1354 recte

429 1404 518 1434 nos
544 1388 813 1435 admonent
834 1405 845 1435 ε
874 1387 1006 1449 quod
1030 1387 1153 1434 haec
1179 1385 1469 1434 narrationis
1493 1385 1649 1449 magis
1671 1402 1761 1449 pu-

427 1473 538 1514 tant
555 1483 658 1514 esse
677 1465 890 1529 propria,
911 1481 1056 1528 quam
1075 1465 1228 1512 totius
1245 1464 1496 1522 orationis,
1515 1463 1658 1511 valde
1673 1464 1761 1510 mi-

355 1554 368 1566 ·
427 1543 479 1590 hi
495 1544 726 1592 videntur
752 1560 910 1590 errare
932 1561 944 1589 :
984 1543 1283 1606 omninoque
1308 1542 1359 1588 in
1383 1541 1478 1589 hoc
1504 1542 1663 1589 omnis
1686 1549 1761 1590 est

285 2327 390 2385 ΩΟ.

304 2420 381 2458 84.

429 1639 580 1681 error,
598 1622 731 1685 quod
756 1622 1056 1679 existimant,
1073 1619 1332 1668 artificium
1357 1636 1462 1668 esse
1486 1619 1582 1667 hoc
1607 1620 1760 1684 quod-

427 1700 541 1747 dam
584 1716 683 1748 non
726 1698 959 1747 dissimile
999 1706 1305 1745 caeterorum
1327 1718 1341 1757 ;
1386 1696 1661 1760 cujusmodi
1696 1698 1760 1746 de

426 1779 533 1843 ipso
565 1777 678 1842 jure
722 1776 852 1825 civili
892 1775 1123 1823 hesterno
1165 1774 1246 1822 die
1288 1775 1490 1823 Crassus
1529 1777 1761 1840 componi

426 1874 569 1922 posse
595 1857 826 1904 dicebat:
864 1861 921 1901 ut
955 1870 1139 1917 genera
1173 1870 1337 1902 rerum
1372 1854 1586 1918 primum
1611 1871 1761 1919 expo-

426 1944 682 1993 nerentur,
701 1935 752 1981 in
778 1950 875 1997 quo
898 1933 1074 1980 vitium
1099 1941 1191 1991 est,
1211 1933 1251 1979 si
1274 1948 1431 1996 genus
1449 1932 1604 1980 ullum
1622 1951 1761 1998 prae-

427 2015 759 2064 termittatur:
813 2011 994 2059 deinde
1036 2010 1341 2075 singulorum
1376 2027 1617 2075 generum
1653 2029 1760 2077 par-

427 2103 521 2152 tes,
557 2094 608 2139 in
634 2109 732 2156 quo
757 2100 807 2139 et
833 2091 1002 2139 deesse
1027 2089 1238 2154 aliquam
1276 2098 1485 2154 partem,
1522 2098 1572 2139 et
1597 2108 1762 2156 super-

429 2189 526 2227 are,
554 2172 845 2218 mendosum
872 2178 945 2217 est
966 2188 977 2217 :
1015 2178 1122 2216 tum
1147 2169 1407 2216 verborum
1433 2170 1653 2218 omnium
1679 2171 1761 2220 de-

429 2251 694 2307 finitiones,
730 2250 780 2295 in
806 2248 980 2311 quibus
1005 2263 1166 2310 neque
1192 2248 1360 2295 abesse
1386 2248 1653 2312 quidquam
1679 2249 1762 2298 de-

434 2336 532 2387 cet,
568 2344 730 2391 neque
755 2325 1047 2373 redundare.
1121 2323 1219 2372 Sed
1253 2325 1347 2373 hoc
1378 2326 1415 2372 si
1440 2326 1491 2372 in
1507 2326 1620 2389 jure
1646 2328 1761 2375 civi-

431 2409 483 2467 li,
523 2407 561 2455 si
587 2407 734 2454 etiam
758 2406 810 2452 in
827 2403 988 2468 parvis
1013 2411 1098 2451 aut
1121 2403 1451 2452 mediocribus
1475 2406 1621 2452 rebus
1646 2406 1760 2454 doc'-

430 2487 579 2535 tiores
621 2485 812 2550 assequi
852 2491 1075 2549 possunt,
1116 2499 1216 2531 non
1253 2483 1387 2531 idem
1428 2484 1586 2531 sentio
1621 2492 1759 2535 tanta

428 2567 521 2614 hac
545 2566 596 2615 in
620 2582 692 2625 re,
727 2573 927 2628 tamque
951 2563 1189 2610 immensa
1213 2579 1354 2627 posse
1378 2563 1498 2611 fieri.
1569 2564 1654 2612 Sin
1679 2582 1760 2614 au-

428 2654 530 2692 tem
556 2644 639 2708 qui
665 2643 979 2700 arbitrantur,
1019 2640 1299 2689 deducendi
1326 2649 1439 2689 sunt
1463 2642 1526 2689 ad
1550 2659 1651 2703 eos,
1676 2645 1759 2708 qui

427 2722 550 2770 haec
593 2722 809 2780 docent3
854 2719 1018 2767 omnia
1043 2717 1149 2783 jam
1175 2718 1420 2783 explicata
1444 2728 1494 2768 et
1516 2722 1760 2787 perpolita

429 2808 763 2864 assequentur.
852 2798 977 2846 Sunt
1012 2798 1143 2849 enim
1180 2797 1562 2848 innumerabiles
1586 2801 1648 2849 de
1682 2801 1756 2849 his

427 2880 571 2926 rebus
605 2878 732 2933 libri,
776 2894 937 2941 neque
979 2877 1148 2933 abditi,
1187 2893 1351 2941 neque
1376 2878 1585 2928 obscuri.
1656 2878 1755 2928 Sed
