2071 3508
766 352 1143 393 ORATORIBUS.
1541 355 1616 393 351

284 463 434 512 animi
459 472 607 528 atque
631 462 750 522 vita,
774 464 936 511 bonus
960 470 1136 510 auctor
1158 461 1211 507 in
1235 468 1426 509 senatu.
1478 461 1621 510 Idem

283 543 552 592 tolerabilis
585 550 842 607 patronus,
880 557 976 589 nec
1013 540 1149 588 rudis
1174 539 1357 604 injure
1383 539 1536 599 civili,
1572 550 1624 590 et

282 641 398 673 cum
423 624 626 680 virtute,
650 629 759 669 tum
785 620 934 669 etiam
966 620 1074 685 ipso
1099 620 1335 668 orationis
1359 635 1546 685 genere
1569 619 1625 667 li-

278 704 366 752 ber
386 721 399 750 ³
438 701 578 766 cujus
603 701 850 749 orationes
874 700 1017 766 pueri
1041 700 1350 765 legebamUS,
1382 717 1502 765 quas
1517 699 1624 764 jam

277 781 494 846 reperire
517 781 603 829 vix
628 797 904 846 possumus.
957 780 1130 845 Atque
1156 780 1305 828 etiam
1331 779 1553 844 ingenio,
1574 788 1625 829 et

277 877 504 910 sermone
553 860 793 926 eleganti,
839 859 1129 909 valetudine
1177 859 1511 917 incommoda,
1563 860 1621 909 C.

276 940 476 989 Sextius
503 940 739 990 Calvinus
762 940 893 989 fuit:
933 941 1018 1005 qui
1050 940 1143 989 etsi
1180 957 1295 989 cum
1331 939 1624 989 remiserant

276 1019 472 1069 dolores
513 1020 720 1086 pedum,
758 1037 858 1070 non
885 1020 1058 1070 deerat
1082 1021 1134 1068 in
1161 1020 1340 1079 causis,
1376 1028 1545 1068 tamen
1568 1019 1623 1068 id

274 1116 376 1149 non
401 1117 549 1166 saepe
578 1100 812 1151 faciebat.
885 1100 1063 1165 Itaque
1101 1099 1307 1148 consilio
1346 1099 1465 1165 ejus,
1506 1117 1623 1149 cum

274 1180 530 1242 volebant,
570 1182 797 1231 homines
833 1183 1133 1230 utebantur:
1171 1181 1467 1246 patrocinio,
1507 1198 1622 1229 cum

274 1259 475 1311 licebat.
550 1262 737 1311 Iisdem
778 1262 1085 1327 temporibus
1114 1260 1191 1310 M.
1219 1261 1421 1320 Brutus,
1446 1261 1498 1309 in
1523 1279 1623 1327 quo

274 1356 515 1407 magnum
539 1342 651 1400 fuit,
680 1343 855 1402 Brute,
875 1342 1096 1391 dedecus
1120 1342 1294 1407 generi
1312 1350 1507 1391 vestro:
1537 1343 1621 1407 qui

277 1437 393 1470 cum
432 1430 574 1471 tanto
612 1423 814 1472 nomine
862 1431 1005 1479 esset,
1045 1430 1339 1487 patremque
1378 1422 1624 1487 optimum

275 1502 438 1550 virum
463 1502 736 1562 habuisset,
775 1510 827 1551 et
857 1502 984 1567 juris
1015 1502 1390 1567 peritissimum,
1421 1518 1622 1551 accusa-

275 1581 466 1631 tionem
507 1582 831 1642 factitaverit,
873 1590 931 1630 ut
969 1581 1186 1630 Athenis
1216 1580 1497 1646 Lycurgus.
1571 1583 1623 1631 Is

275 1662 593 1727 magistratus
618 1679 720 1712 non
743 1663 941 1728 petivit,
961 1662 1050 1711 sed
1067 1661 1165 1710 fuit
1188 1670 1450 1719 'accusator
1473 1663 1621 1712 vehe-

224 1751 229 1755 ”
274 1758 415 1790 mens
458 1750 510 1791 et
550 1742 821 1803 molestus3
859 1751 918 1791 ut
953 1741 1101 1791 facile
1141 1758 1371 1790 cerneres
1395 1743 1622 1793 naturale

275 1822 530 1887 quoddam
571 1824 735 1888 stirpis
770 1825 960 1872 bonum
987 1822 1366 1887 degeneravisse
1391 1823 1513 1872 vitio
1539 1825 1623 1874 de-

273 1911 507 1968 pravatae
531 1903 817 1952 voluntatis.
891 1903 1062 1968 Atque
1088 1903 1267 1951 eodem
1290 1910 1518 1969 tempore
1542 1922 1623 1954 ac-

276 1991 476 2032 cusator
501 1983 563 2032 de
587 1983 734 2049 plebe
771 1983 830 2031 L.
859 1982 1166 2032 Caesulenus
1200 1981 1314 2042 fuit,
1351 2001 1501 2047 quem
1527 2002 1622 2051 ego

279 2063 446 2112 audivi
469 2063 576 2128 jam
601 2081 791 2123 senem,
817 2081 932 2112 cum
958 2064 1019 2111 ab
1053 2062 1113 2110 L.
1142 2062 1356 2111 Sabellio
1381 2063 1622 2114 mulctam

277 2142 390 2209 lege
417 2142 623 2208 Aquilia
641 2143 704 2191 de
728 2141 907 2206 injuria
929 2141 1202 2206 petivisset.
1254 2142 1372 2190 Non
1391 2141 1622 2196 fecissem

277 2224 492 2273 hominis
510 2240 670 2289 paene
686 2221 842 2270 infimi
858 2221 1185 2280 mentionem,
1209 2221 1303 2268 nisi
1319 2220 1621 2286 judicarem,

279 2306 365 2371 qui
405 2303 723 2371 suspiciosius
765 2310 852 2350 aut
888 2300 1198 2350 criminosius
1236 2300 1446 2362 diceret,
1484 2304 1622 2353 audi-

275 2395 405 2445 visse
429 2409 510 2440 me
533 2388 802 2438 neminem.

345 2475 545 2523 Doctus
569 2470 720 2519 etiam
745 2465 956 2516 Graecis
981 2464 1043 2513 T.
1066 2463 1322 2523 Albutius,
1341 2463 1419 2513 vel
1438 2465 1624 2530 potius,
1658 2446 1763 2506 35·

279 2570 440 2622 paene
466 2552 709 2600 Graecus.
782 2547 1004 2611 Loquor,
1039 2551 1097 2592 ut
1132 2544 1337 2609 opinor:
1377 2544 1466 2592 sed
1502 2544 1624 2595 licet

282 2651 346 2684 ex
384 2629 689 2681 orationibus
723 2626 967 2691 judicare.
1039 2623 1156 2671 Fuit
1193 2631 1362 2671 autem
1405 2623 1622 2674 Athenis

282 2713 595 2764 adolescens:
633 2706 888 2774 perfectus
913 2703 1190 2768 Epicureus
1216 2710 1456 2763 evaserat,
1481 2704 1625 2752 mini-

282 2811 364 2843 me
390 2798 562 2858 aptum
595 2788 659 2837 ad
698 2785 969 2836 dicendum
993 2799 1168 2849 genus.
1240 2782 1350 2832 Jam
1380 2783 1445 2841 Q.
1473 2783 1625 2834 Catu-

283 2873 381 2934 lus,
405 2888 508 2922 non
533 2869 739 2934 antiquo
773 2865 858 2915 illo
894 2880 1052 2925 more,
1076 2863 1165 2914 sed
1187 2862 1285 2913 hoc
1310 2871 1481 2914 nostro
1505 2865 1624 2931 (nisi
