2071 3508
484 467 564 503 510
990 463 1065 501 DE
1093 459 1299 501 CLARIS*

482 573 712 631 leremus,
755 572 899 636 quod,
943 588 1039 635 quo
1074 579 1295 634 tempore
1332 574 1462 615 aetas
1497 573 1661 634 nostra
1692 572 1800 628 pera

484 651 657 699 functa
697 650 839 697 rebus
886 648 1191 712 amplissimis
1230 655 1462 709 tanquam
1504 644 1553 690 in
1599 651 1798 708 portum

487 730 755 794 confugere
780 729 995 783 deberet,
1016 744 1115 774 non
1138 726 1359 783 inertiae,
1383 741 1542 788 neque
1567 720 1801 779 desidiae,

487 810 574 857 sed
615 808 700 856 otii
742 805 981 854 moderati
1017 812 1162 867 atque
1197 803 1423 862 honesti3
1463 817 1672 865 cumque
1697 799 1803 862 ipsa

487 886 642 933 oratio
673 884 775 947 jam
814 891 978 930 nostra
1004 888 1300 936 canesceret,
1339 881 1637 942 haberetque
1664 892 1801 925 suam

488 963 733 1026 quandam
780 960 1126 1014 maturitatem,
1178 968 1227 1006 et
1274 959 1409 1021 quasi
1457 964 1799 1013 senectutem3

488 1047 595 1087 tum
619 1056 751 1086 arma
775 1045 888 1084 sunt
912 1053 969 1083 ea
1004 1044 1213 1098 sumpta,
1252 1035 1425 1098 quibus
1465 1034 1534 1080 illi
1571 1034 1680 1097 ipsi,
1719 1031 1803 1095 qui

490 1118 764 1165 didicerant
790 1114 857 1161 eis
892 1112 965 1159 uti
989 1111 1217 1175 gloriose,
1243 1111 1655 1174 quemadmodum
1681 1110 1804 1157 salu-

489 1196 658 1243 tariter
703 1199 976 1248 uterentur,
1022 1205 1121 1236 non
1168 1190 1489 1252 reperiebant.
1562 1189 1735 1251 Itaque
1773 1188 1808 1234 ii

489 1271 609 1320 mihi
645 1271 874 1318 videntur
908 1268 1155 1315 fortunate
1190 1268 1432 1330 beateque
1456 1266 1653 1323 vixisse,
1693 1282 1806 1313 cum

490 1350 541 1396 in
583 1348 786 1396 caeteris
828 1346 1119 1401 civitatibus,
1163 1353 1269 1392 tum
1306 1344 1517 1391 maxime
1547 1344 1598 1390 in
1622 1351 1806 1402 nostra,

493 1427 666 1491 quibus
693 1442 804 1473 cum
830 1422 1140 1480 auctoritate,
1159 1438 1419 1485 rerumque
1437 1429 1687 1485 gestarum
1705 1421 1807 1485 glo-

491 1505 579 1562 ria,
617 1512 723 1551 tum
762 1502 909 1549 etiam
951 1500 1215 1563 sapientiae
1250 1499 1395 1546 laude
1432 1498 1615 1562 perfrui
1649 1499 1806 1548 licuit.

494 1583 719 1640 Quorum
744 1579 980 1628 memoria
1005 1587 1054 1626 et
1078 1578 1353 1625 recordatio
1378 1578 1427 1624 in
1453 1578 1676 1625 maximis
1701 1594 1808 1626 nos-

490 1662 580 1709 tris
602 1658 993 1724 gravissimisque
1020 1657 1147 1705 curis
1164 1657 1388 1720 jucunda
1412 1673 1525 1704 sane
1551 1655 1663 1714 fuit,
1694 1674 1807 1704 cum

491 1739 543 1786 in
591 1755 698 1786 eam
745 1752 902 1800 nuper
941 1752 1002 1783 ex
1043 1752 1265 1782 sermone
1307 1734 1517 1798 quodam
1558 1734 1806 1785 incidisse-

493 1833 615 1864 mus.

559 1896 689 1943 Nam
715 1911 826 1942 cum
846 1892 1198 1941 inambularem
1216 1893 1266 1940 in
1287 1901 1446 1958 xysto,
1473 1905 1522 1944 et
1541 1912 1694 1944 essem
1719 1898 1812 1946 οῖί-4

494 1993 604 2023 osus
643 1976 794 2032 domi,
837 1974 910 2020 M.
937 1974 1000 2020 ad
1035 1990 1112 2020 me
1146 1974 1344 2032 Brutus,
1380 1982 1436 2022 ut
1472 1985 1810 2037 consueverat,

495 2074 607 2105 cum
647 2056 708 2103 T.
737 2054 1008 2117 Pomponio
1043 2061 1262 2112 venerat,
1298 2054 1519 2102 homines
1545 2073 1657 2103 cum
1682 2057 1811 2104 inter

494 2152 545 2183 se
571 2133 841 2197 conjuncti,
876 2141 982 2179 tum
1008 2132 1126 2179 mihi
1152 2134 1220 2180 ita
1246 2134 1363 2192 cari,
1398 2133 1563 2197 itaque
1579 2133 1810 2197 jucundi,

493 2224 549 2262 ut
574 2231 742 2261 eorum
767 2212 1004 2275 adspectu
1040 2213 1214 2271 omnis,
1251 2230 1374 2276 quae
1399 2228 1476 2259 me
1501 2214 1715 2275 angebat
1749 2213 1812 2260 de

494 2292 759 2355 republica,
783 2306 898 2337 cura
925 2290 1217 2337 consederit.
1291 2291 1426 2346 Quos
1458 2298 1716 2354 postquam
1741 2308 1812 2340 sa-

493 2369 662 2423 lutavi,
693 2368 812 2432 quid
835 2383 938 2424 vos,
963 2367 1180 2429 inquam,
1198 2367 1348 2415 Brute
1368 2377 1418 2414 et
1439 2367 1628 2426 Attice,
1644 2383 1776 2414 nunc
1794 2368 1810 2415 ?

497 2446 616 2510 quid
654 2446 853 2492 tandem
898 2444 1044 2491 novi?
1098 2445 1234 2491 Nihil
1260 2461 1393 2502 sane,
1428 2445 1588 2508 inquit
1612 2446 1812 2504 Brutus,

499 2523 631 2587 quod
667 2522 864 2586 quidem
907 2529 991 2568 aut
1029 2529 1082 2568 tu
1123 2522 1290 2569 audire
1325 2520 1460 2578 velis,
1498 2530 1582 2569 aut
1606 2539 1699 2586 ego
1722 2535 1811 2587 pro·

499 2608 635 2648 certo
662 2600 825 2646 dicere
851 2598 1072 2646 audeam.
1123 2599 1257 2645 Tum
1275 2599 1492 2658 Atticus,
1518 2599 1610 2658 Eo,
1634 2601 1810 2664 inquit,

498 2677 559 2724 ad
584 2687 634 2725 te
660 2677 826 2724 animo
861 2676 1101 2735 venimus,
1134 2684 1189 2723 ut
1227 2676 1288 2724 de
1329 2676 1579 2741 republica
1603 2686 1730 2726 esset
1754 2678 1812 2726 si-

496 2753 722 2813 lentium,
740 2762 789 2801 et
808 2753 993 2817 aliquid
1011 2753 1288 2801 audiremus
1306 2755 1469 2818 potius
1493 2772 1555 2803 ex
1578 2764 1647 2814 te,
1667 2773 1812 2820 quam

496 2838 547 2879 te
572 2831 872 2879 afficeremus
897 2829 996 2878 ulla
1019 2829 1256 2878 molestia.
1309 2832 1413 2880 Vos
1435 2849 1569 2891 vero,
1593 2833 1812 2896 inquam,

501 2905 691 2967 Attice,
734 2916 785 2956 et
822 2916 1131 2972 praesentem
1168 2926 1247 2958 me
1284 2925 1402 2958 cura
1433 2910 1623 2970 levatiS‚
1659 2918 1709 2961 et
1732 2911 1813 2960 ab·
