2071 3508
424 424 499 461 103
894 423 970 462 DE
1001 423 1268 462 ORATORE

421 538 593 590 trarer,
619 532 821 596 exposui
844 553 857 592 3
887 532 971 580 diu
996 541 1216 581 retentus
1243 549 1367 591 sum,
1387 530 1541 579 multa
1559 529 1743 587 audivi,

420 609 576 657 multa
614 611 859 674 respondi.
930 612 1065 659 Num
1104 611 1254 674 igitur
1294 610 1476 675 placet,
1525 626 1637 658 cum
1680 608 1743 655 de

421 687 701 751 eloquentia
723 689 1012 752 praecipias,
1049 688 1234 752 aliquid
1258 689 1404 736 etiam
1432 688 1493 735 de
1525 688 1744 736 testimo-

418 766 512 813 niis
538 766 777 824 dicendis,
804 767 940 829 quasi
965 767 1014 813 in
1035 775 1156 823 arte,
1183 765 1410 813 tradere?
1447 764 1583 812 Nihil
1608 779 1744 822 sane,

417 842 577 906 inquit
603 843 824 901 CatuluS,
850 859 1051 889 necesse
1077 850 1165 889 est.

282 912 381 977 152,
486 922 621 978 Quid
668 923 706 968 si
749 922 907 986 (quod
954 939 1096 985 saepe
1146 921 1345 968 summis
1386 919 1500 967 viris
1536 918 1742 978 accidit)

294 1010 384 1051 ⁷49.
418 1000 648 1048 mandata
673 1001 769 1048 sint
794 1000 1104 1064 exponenda,
1127 1007 1211 1047 aut
1234 1000 1284 1045 in
1310 1006 1483 1047 senatu
1507 1000 1567 1046 ab
1592 998 1745 1061 impe-

415 1088 595 1137 ratore,
632 1087 717 1126 aut
747 1079 810 1125 ad
834 1079 1198 1142 imperatorem,
1235 1085 1319 1126 aut
1343 1078 1405 1126 ad
1430 1093 1618 1141 regem,
1658 1082 1745 1123 aut

416 1156 479 1203 ad
503 1155 739 1220 populum
766 1156 977 1219 aliquem
1016 1173 1044 1203 a
1085 1156 1295 1203 senatu?
1332 1172 1470 1214 num,
1509 1154 1623 1218 quia
1658 1169 1743 1218 ge-

415 1250 532 1281 nere
575 1233 807 1281 orationis
849 1234 899 1279 in
937 1232 1217 1297 hujusmodi
1256 1234 1412 1281 causis
1438 1232 1743 1281 accuratiore

416 1322 489 1360 est
514 1312 775 1369 utendum,
810 1311 996 1358 idcirco
1031 1327 1140 1374 pars
1166 1311 1313 1358 eti-am
1338 1311 1460 1358 haec
1487 1325 1743 1359 causarum

414 1391 720 1438 numeranda
759 1391 973 1449 videtur,
1012 1397 1096 1437 aut
1130 1389 1337 1454 propriis
1371 1389 1648 1453 praeceptis
1672 1388 1743 1434 in-

415 1468 683 1516 struenda?
738 1467 949 1517 Minime
990 1485 1125 1526 vero,
1167 1468 1327 1531 inquit
1369 1467 1603 1515 Catulus:
1642 1482 1743 1514 non

416 1547 547 1593 enim
575 1546 732 1594 deerit
755 1547 942 1595 homini
968 1547 1150 1595 diserto
1169 1546 1219 1593 in
1240 1545 1479 1610 ejusmodi
1503 1547 1648 1593 rebus
1670 1544 1741 1592 fa-

412 1625 591 1683 cultas,
634 1641 695 1672 ex
739 1625 944 1674 caeteris
982 1626 1126 1672 rebus
1169 1631 1219 1672 et
1261 1623 1417 1671 causis
1443 1631 1739 1688 comparata.

303 1718 381 1758 50,
418 1703 550 1767 Ergo
574 1704 713 1762 item,
738 1705 915 1768 inquit,
940 1703 1039 1763 illa,
1065 1720 1189 1767 quae
1215 1719 1358 1766 saepe
1390 1702 1570 1750 diserte
1595 1718 1741 1766 agen-

413 1782 478 1829 da
502 1790 629 1838 sunt,
671 1790 721 1830 et
759 1799 882 1846 quae
920 1799 1013 1845 ego
1036 1781 1183 1846 paulo
1208 1788 1320 1828 ante
1347 1783 1485 1844 (cum
1512 1780 1742 1844 eloquen-

413 1860 532 1908 tiam
556 1860 832 1921 laudarem)
859 1861 961 1908 dixi
987 1861 1191 1908 oratoris
1217 1876 1339 1915 esse,
1370 1876 1530 1923 neque
1555 1859 1740 1908 habent

415 1956 555 1986 suum
580 1939 746 1987 locum
771 1938 926 1986 ullum
964 1939 1015 1985 in
1054 1938 1290 1986 divisione
1320 1938 1552 2002 partium,
1576 1954 1738 2002 neque

414 2026 605 2066 certum
628 2025 1005 2082 praeceptorum
1024 2033 1199 2081 genus,
1217 2025 1267 2065 et
1285 2017 1478 2081 agenda
1501 2023 1615 2064 sunt
1639 2033 1739 2064 non

411 2101 572 2147 minus
598 2101 797 2158 diserte,
824 2116 968 2164 quam
994 2115 1119 2162 quae
1157 2099 1208 2146 in
1242 2099 1329 2147 lite
1368 2100 1618 2158 dicuntur,
1656 2100 1740 2147 ob-

403 2177 641 2241 jurgatio,
683 2178 976 2236 cohortatiO,
1020 2178 1288 2226 consolatio
1309 2197 1320 2225 ε
1371 2195 1578 2242 quorum
1618 2177 1741 2225 nihil

413 2263 504 2313 est,
521 2255 654 2318 quod
678 2271 776 2301 non
802 2270 991 2300 summa
1016 2255 1215 2303 dicendi
1239 2264 1527 2303 ornamenta
1551 2255 1740 2303 deside-

391 2327 521 2379 'retz
577 2332 663 2379 sed
710 2348 772 2379 ex
813 2331 1017 2379 artificio
1057 2349 1133 2379 res
1174 2333 1294 2380 istae
1334 2341 1598 2397 praecepta
1637 2349 1737 2381 non

413 2417 670 2474 quaerunt.
740 2409 914 2467 Plane,
939 2410 1099 2472 inquit
1124 2410 1347 2467 Catulus,
1372 2410 1623 2458 assentior.

301 2517 378 2556 51·
481 2487 594 2551 Age
618 2504 754 2545 vero,
777 2487 939 2550 inquit
968 2487 1236 2547 Antonius,
1262 2487 1415 2551 qualis
1440 2489 1661 2548 oratoris,
1687 2499 1737 2538 et

412 2566 583 2629 quanti
600 2565 818 2613 ‚hominis
843 2566 894 2611 in
920 2565 1151 2625 dicendo,
1186 2574 1329 2630 putas
1355 2582 1458 2614 esse
1483 2566 1734 2615 historiam
1782 2586 1783 2589 ¹

412 2644 624 2692 scribere
647 2643 662 2691 ?
701 2643 769 2701 Si,
805 2650 860 2690 ut
885 2643 1068 2692 Graeci
1093 2644 1408 2709 scripserunt,
1434 2644 1628 2703 summi,
1663 2645 1734 2692 in-

412 2724 518 2786 quit
543 2721 779 2770 Catulus:
819 2722 876 2781 si,
917 2730 973 2770 ut
1013 2724 1184 2783 nostri,
1220 2723 1342 2771 nihil
1377 2741 1498 2788 opus
1534 2731 1607 2771 est
1631 2740 1734 2771 ora-

411 2808 548 2848 tore:
588 2801 701 2848 satis
727 2809 800 2848 est
824 2818 923 2849 non
949 2819 1052 2850 esse
1077 2802 1382 2850 mendacem.
1456 2802 1631 2866 Atqui,
1668 2819 1731 2850 ne

411 2886 603 2927 nostros
628 2887 933 2939 contemnas,
949 2880 1109 2945 inquit
1128 2880 1395 2941 Antonius,
1415 2881 1596 2930 Graeci
1616 2897 1732 2946 quo-
