2071 3508
474 427 554 464 464
975 422 1310 462 ORATORIAE

473 532 787 598 proferantur
807 550 819 581 ε
864 532 1110 582 addantur
1128 533 1278 582 etiam
1303 531 1634 581 contumeliae
1658 538 1806 595 atque

474 611 790 676 ignominiae.
861 611 1025 660 Nemo
1041 612 1173 660 enim
1197 619 1273 660 est
1295 619 1395 660 tam
1412 611 1636 676 agrestis,
1660 625 1808 674 quem

474 706 590 748 non,
630 690 669 738 si
691 690 797 756 ipsa
819 690 981 738 minus
1016 690 1261 747 honestas,
1300 689 1600 739 contumelia
1639 695 1809 736 tamen

475 776 527 819 et
564 768 781 817 dedecus
821 783 1121 832 magnopere
1162 776 1374 817 moveat.
1470 768 1636 825 Quare
1674 763 1810 830 quod

475 845 539 894 ad
575 846 841 894 utilitatem
880 853 1090 909 spectat,
1129 862 1191 893 ex
1228 846 1305 906 iis,
1347 862 1472 909 quae
1511 845 1646 893 dicta
1673 849 1808 902 sunt,

473 924 762 989 reperietur.
857 922 1009 978 (Quod
1049 930 1216 971 autem
1255 925 1410 987 possit
1450 922 1595 982 effici,
1647 938 1807 971 necne

473 1002 645 1067 possit,
686 1002 738 1049 in
763 1018 860 1066 quo
887 1001 1050 1058 etiam,
1093 1018 1239 1065 quam
1262 1001 1408 1064 facile
1431 1001 1603 1067 possit,
1641 1017 1809 1065 quam-

476 1097 572 1144 que
613 1079 860 1144 expediat,
905 1079 1074 1142 quaeri
1110 1079 1252 1139 solet,
1294 1079 1507 1128 maxime
1549 1096 1610 1128 ex
1650 1077 1809 1127 causis

474 1159 551 1217 iis,
593 1175 719 1224 quae
752 1173 998 1222 quamque
1022 1173 1126 1205 rem
1152 1156 1384 1218 efficiant,
1423 1166 1498 1207 est
1519 1157 1808 1207 videndum.

475 1236 747 1286 Causarum
772 1244 941 1285 autem
965 1253 1150 1301 genera
1174 1244 1289 1285 sunt
1310 1236 1479 1301 plura..
1537 1236 1669 1294 Nam
1694 1242 1810 1284 sunt

474 1316 612 1374 aliae,
665 1333 790 1381 quae
826 1316 960 1381 ipsae
997 1315 1301 1375 conficiunt;
1353 1315 1492 1372 aliae,
1548 1331 1674 1380 quae
1708 1313 1809 1364 vim

473 1395 687 1459 aliquam
710 1395 776 1447 ad
800 1394 1164 1443 conficiendum
1198 1394 1425 1451 afferunt,
1496 1394 1673 1458 Itaque
1695 1392 1811 1451 illae

415 1530 417 1533 ,
473 1474 748 1539 superiores
785 1473 1104 1522 conficientes
1139 1481 1414 1523 vocentur:
1463 1473 1556 1521 hae
1591 1472 1810 1537 reliquae

330 2585 437 2646 27.

473 1561 722 1620 ponantur
746 1554 798 1601 in
834 1570 893 1601 eo
927 1570 1133 1618 genere,
1174 1562 1232 1602 ut
1267 1554 1371 1602 sine
1406 1553 1481 1602 his
1507 1552 1684 1602 confici
1706 1569 1809 1618 non

471 1634 641 1699 possit.
713 1631 994 1681 Conficiens
1035 1641 1202 1682 autem
1244 1650 1392 1681 causa
1431 1632 1527 1680 alia
1563 1639 1639 1681 est
1673 1633 1811 1684 abso-

472 1711 596 1771 luta,
633 1719 684 1759 et
706 1709 931 1776 perfecta
965 1727 1054 1775 per
1078 1727 1163 1758 se:
1204 1710 1298 1759 alia
1333 1710 1520 1776 aliquid
1553 1709 1810 1775 adjuvans,
1848 1735 1850 1737 ·

475 1799 528 1839 et
562 1790 808 1839 efficiendi
849 1789 982 1838 socia
1021 1789 1294 1854 quaedam:
1334 1788 1473 1855 cujus
1506 1789 1703 1854 generis
1736 1789 1811 1838 vis

474 1870 607 1918 varia
632 1877 725 1928 est,
750 1877 801 1917 et
825 1885 971 1933 saepe
1012 1876 1099 1916 aut
1121 1868 1294 1933 major,
1329 1876 1417 1917 aut
1450 1868 1630 1928 minor,
1663 1876 1722 1917 ut
1758 1876 1811 1918 et

473 1947 571 2004 illa,
609 1966 735 2013 quae
759 1948 1024 1996 maximam
1049 1948 1149 1995 vim
1174 1948 1342 2007 habet,
1367 1947 1469 1996 sola
1492 1964 1638 2014 saepe
1662 1964 1811 1997 causa

476 2027 686 2076 dicatur.
769 2028 895 2075 Sunt
935 2035 1102 2075 autem
1140 2027 1263 2076 aliae
1306 2044 1501 2087 causae,
1549 2044 1676 2092 quae
1723 2035 1812 2082 aut

472 2114 677 2172 propter
707 2105 1021 2170 principium,
1060 2114 1146 2154 aut
1179 2114 1380 2172 propter
1415 2107 1625 2166 exitum,
1661 2105 1810 2156 confi-

475 2184 664 2233 cientes
687 2192 944 2233 vocantur.
1018 2185 1146 2234 Cum
1182 2193 1349 2233 autem
1378 2186 1649 2250 quaeritur,
1688 2184 1810 2251 quid

475 2263 538 2310 sit
561 2263 804 2327 optimum
827 2261 1001 2323 factu,
1041 2272 1128 2313 aut
1150 2264 1355 2324 utilitas,
1390 2272 1477 2315 aut
1511 2281 1621 2330 spes
1660 2263 1809 2314 effici-

475 2342 591 2390 endi
616 2342 679 2390 ad
703 2342 1072 2391 assentiendum
1096 2343 1307 2408 impellit
1325 2344 1528 2393 animos.
1579 2345 1664 2404 Et,
1688 2356 1808 2410 quo..

472 2422 605 2469 niam
642 2421 704 2470 de
739 2421 952 2470 utilitate
979 2420 1085 2486 jam
1109 2421 1342 2483 diximuS,
1378 2423 1440 2471 de
1465 2422 1712 2472 efficiendi
1735 2440 1809 2473 ra-

474 2500 611 2548 tione
658 2500 894 2550 dicamus.

546 2579 660 2636 Quo
695 2588 803 2629 toto
826 2598 1030 2646 genere,
1055 2583 1369 2647 quibuscum,
1393 2591 1445 2632 et
1469 2592 1642 2633 contra
1664 2599 1806 2650 quos,

474 2675 572 2723 quo
595 2667 838 2724 tempore,
873 2669 960 2710 aut
983 2679 1081 2726 quo
1103 2662 1232 2720 loco,
1258 2670 1345 2711 aut
1369 2663 1546 2727 quibus
1562 2662 1810 2712 facultati-

473 2738 564 2787 bus
589 2755 851 2798 armorum,
893 2741 1154 2806 pecuniae,
1191 2741 1455 2800 sociorum,
1479 2757 1711 2792 earumve
1733 2758 1808 2792 re-

474 2832 602 2876 rum,
616 2835 742 2882 quae
757 2819 821 2867 ad
835 2835 1081 2885 quamque
1096 2837 1204 2869 rem
1214 2819 1523 2870 efficiendam
1536 2821 1804 2887 pertinent,

473 2896 713 2958 possimus
731 2897 820 2956 uti,
841 2899 1193 2964 requirendum
1211 2907 1301 2949 est.
1371 2900 1551 2966 Neque
1563 2900 1723 2955 solum
1747 2917 1805 2950 ea
