2071 3508
418 433 497 471 3952
932 428 1009 466 DE
1038 426 1240 467 CLARls

418 553 642 604 gensque
677 538 970 587 tardaverat.
1040 536 1205 584 Etiam
1243 533 1304 582 L.
1329 533 1611 598 Torquatus
1646 526 1747 587 ,ele'ss

421 633 545 683 gans
567 616 620 664 in
645 614 878 674 dicendo,
914 613 966 661 in
991 611 1319 662 existimando
1343 610 1613 659 admodum
1635 626 1748 675 pru-

423 697 564 756 dens,
612 702 720 744 toto
764 710 947 758 genere
986 693 1307 758 perurbanus.
1392 691 1542 739 Meus
1583 697 1750 738 autem

423 773 639 839 aequalis
682 773 774 822 Cn.
814 772 1096 837 Pompeius,
1137 770 1211 819 vir
1251 770 1315 818 ad
1355 769 1521 818 omnia
1561 783 1752 817 summa

422 859 587 911 natus,
622 850 856 915 majorem
881 850 1081 898 dicendi
1116 848 1324 914 gloriam
1354 847 1624 906 habuisset,
1659 846 1753 894 m'si

424 947 539 980 eum
564 929 758 993 majoris
781 929 966 994 gloriae
993 928 1235 993 cupiditas
1260 927 1324 976 ad
1355 926 1558 975 bellicas
1580 925 1752 974 laudes

424 1008 756 1057 abstraxisset.
828 1006 948 1054 Erat
971 1005 1192 1054 oratione
1232 1004 1348 1054 satis
1387 1004 1608 1069 amplus:
1646 1019 1750 1051 rem

423 1086 697 1152 prudenter
719 1084 950 1132 videbat:
987 1084 1119 1132 actio
1141 1100 1260 1132 vero
1295 1083 1399 1148 ejus
1432 1082 1667 1142 habebat,
1703 1089 1754 1130 et

424 1167 478 1214 in
501 1181 624 1214 voce
648 1180 885 1228 magnum
910 1162 1242 1227 splendorem,
1278 1169 1329 1211 et
1363 1162 1414 1209 in
1449 1169 1591 1210 motu
1625 1177 1753 1209 sum-

425 1260 557 1293 mam
582 1241 894 1306 dignitatem.
965 1241 1149 1289 Noster
1182 1240 1303 1290 item
1339 1239 1554 1304 aequalis
1590 1240 1658 1288 D.
1685 1239 1755 1288 Si-

399 1313 584 1381 laum,
619 1320 825 1370 vitricus
860 1328 994 1379 tuus,
1030 1320 1180 1371 studii
1220 1318 1303 1368 ille
1344 1319 1544 1384 quidem
1582 1318 1756 1368 habuit

427 1418 528 1450 non
566 1399 796 1459 multum,
838 1399 925 1448 sed
965 1398 1225 1458 acuminis,
1260 1406 1312 1447 et
1348 1398 1582 1446 orationis
1623 1397 1754 1446 satis.

429 1482 493 1538 Q.
527 1478 809 1543 PompeiuS,
850 1476 914 1525 A.
945 1477 1088 1533 filius,
1132 1477 1216 1541 qui
1258 1476 1552 1542 Bithynicus
1592 1476 1756 1526 dictus

427 1566 522 1618 est,
556 1557 760 1606 biennio
797 1573 944 1620 quam
981 1572 1072 1603 nos
1107 1554 1313 1604 fortasse
1351 1554 1522 1620 major,
1563 1571 1756 1605 summo

428 1637 592 1685 studio
617 1635 858 1694 discendi,
898 1633 1152 1699 multaque
1190 1635 1431 1692 doctrina,
1476 1635 1753 1684 incredibili

427 1715 595 1764 labore
619 1721 766 1779 atque
790 1713 1061 1773 industria3
1100 1712 1234 1777 quod
1257 1714 1381 1762 scire
1404 1729 1632 1778 possum:
1658 1713 1756 1763 fuit

431 1794 563 1843 enim
586 1809 803 1852 mecum,
839 1799 890 1840 et
915 1808 1028 1840 cum
1055 1791 1130 1840 M.
1153 1792 1350 1851 Pisone,
1381 1808 1494 1840 cum
1520 1792 1754 1852 amicitia,

428 1880 536 1921 tum
602 1871 775 1920 studiis
838 1870 1372 1934 exercitationibusque
1441 1870 1752 1935 conjunctus.

431 1950 597 2014 Hujus
621 1949 751 1998 actio
775 1965 875 1996 non
910 1948 1025 1996 satis
1061 1948 1442 1997 commendabat
1465 1949 1754 2000 orationem.

430 2030 491 2077 In
515 2030 608 2077 hac
635 2029 766 2076 enim
791 2028 905 2076 satis
930 2035 1035 2076 crat
1059 2027 1249 2091 copiae,
1290 2027 1341 2075 in
1382 2027 1464 2078 illa
1500 2036 1666 2077 autem
1690 2029 1756 2079 le-

428 2109 559 2173 poris
593 2124 781 2172 parum.
853 2107 973 2154 Erat
997 2106 1100 2171 ejus
1125 2106 1339 2171 aequalis
1380 2107 1432 2154 P.
1462 2106 1756 2169 Autronius,

428 2203 553 2235 voce
582 2193 836 2250 peracuta,
879 2193 1026 2249 atque
1066 2201 1264 2249 magna,
1300 2202 1393 2234 nec
1435 2185 1529 2234 alia
1568 2203 1621 2236 re
1657 2187 1757 2237 ulla

430 2264 722 2330 probabilis:
773 2271 824 2311 et
866 2263 924 2310 L.
953 2262 1192 2312 Octavius
1230 2264 1489 2323 Reatinus,
1525 2266 1755 2329 qui-cum

430 2343 607 2391 multas
636 2341 739 2406 jam
766 2358 935 2389 causas
960 2341 1163 2398 diceret,
1203 2342 1489 2390 adolescens
1525 2352 1600 2392 est
1631 2361 1756 2393 mor-

430 2430 575 2498 tuus3
626 2421 666 2468 is
706 2429 873 2469 tamen
915 2419 978 2468 ad
1026 2420 1294 2468 dicendum
1331 2421 1562 2470 veniebat
1600 2424 1756 2488 magis

430 2500 685 2558 audacter,
723 2515 869 2564 quam
892 2506 1091 2563 parate:
1142 2506 1193 2547 et
1230 2499 1288 2547 C.
1315 2500 1560 2560 Stalenus,
1596 2502 1680 2566 qui
1704 2519 1756 2550 se

430 2580 533 2644 ipse
559 2579 897 2643 adoptaverat,
934 2585 985 2625 et
1009 2577 1070 2625 de
1097 2577 1295 2626 Staleno
1322 2578 1523 2628 Aelium
1550 2578 1757 2639 fecerat,

429 2658 620 2706 i'ervido
646 2656 878 2721 quodam,
919 2664 970 2704 et
993 2656 1253 2720 petulanti,
1292 2665 1342 2706 et
1365 2657 1549 2706 furioso
1572 2675 1756 2722 genere

433 2736 663 2796 dicendi3
702 2736 836 2800 quod
861 2735 976 2799 quia
998 2735 1165 2787 multis
1199 2744 1395 2801 gratum
1422 2745 1526 2786 erat
1561 2745 1612 2786 et
1647 2754 1757 2803 pro-

430 2818 655 2875 babatur,
689 2814 1027 2871 adscendisset
1063 2815 1127 2863 ad
1162 2814 1392 2876 honores,
1427 2817 1520 2866 nisi
1555 2817 1608 2866 in
1637 2816 1756 2866 faci-

429 2911 544 2942 nore
586 2892 848 2942 manifesto
886 2892 1238 2959 deprehensus,
1273 2910 1457 2960 poenas
1487 2895 1678 2961 legibus
1704 2903 1755 2945 et

399 3029 402 3033 ⁴
417 2971 609 3038 judicio
633 2971 866 3019 dedisset.
