2071 3508
728 400 799 439 PA
806 396 1116 438 RTITIONES.
1512 401 1586 437 461

253 512 336 560 fici
360 527 460 560 non
484 516 669 576 potest,
695 506 988 556 deliberatio
1012 504 1223 563 tollitur,
1249 507 1475 568 quamvis
1501 508 1595 554 uti-

254 590 300 638 le
343 591 437 639 sit:
477 597 546 648 et,
579 588 618 636 si
643 586 763 650 quid
796 601 1001 632 necesse
1036 591 1130 643 est,
1164 587 1394 648 (necesse
1428 592 1595 633 autem

254 669 307 716 id
343 676 434 726 est,
471 667 575 714 sine
611 681 710 729 quo
747 662 868 711 salvi
903 662 1108 711 liberive
1146 679 1252 711 esse
1288 679 1389 710 non
1428 679 1597 727 possu-

252 746 406 807 mus,)
438 744 491 792 id
521 751 597 793 est
619 742 821 808 reliquis
847 750 898 791 et
922 742 1264 790 honestatibus
1288 741 1340 788 in
1366 741 1500 789 civili
1524 759 1597 789 ra-

251 826 407 883 tione,
444 832 496 872 et
531 822 809 872 commodis
845 821 1271 886 anteponendum.
1344 821 1473 869 Cum
1514 839 1598 869 au-

252 912 357 953 tem
382 904 652 969 quaeritur,
674 902 796 968 quid
819 901 925 949 fieri
949 901 1123 966 possit,
1146 901 1420 950 videndum
1446 901 1597 949 etiam

252 991 347 1044 est,
384 1001 534 1049 quam
568 982 717 1031 facile
753 982 941 1047 possit:
980 997 1096 1029 nam
1127 997 1253 1045 quae
1288 980 1600 1046 perdifficilia

252 1070 386 1122 sunt,
406 1061 616 1128 perinde
634 1061 866 1111 habenda
884 1078 1031 1126 saepe
1051 1067 1186 1119 sunt,
1211 1077 1270 1108 ae
1291 1060 1329 1108 si
1350 1059 1479 1108 effici
1497 1077 1600 1109 non

251 1143 458 1207 possint.
521 1142 589 1190 Et
614 1159 729 1191 cum
756 1142 818 1190 de
838 1142 1137 1190 necessitate
1163 1139 1501 1200 attendemus,
1527 1148 1599 1188 et-

255 1223 294 1270 si
319 1222 508 1288 aliquid
532 1238 631 1272 non
658 1222 991 1270 necessarium
1015 1221 1287 1280 videbitur,
1322 1219 1598 1268 videndum

255 1312 425 1352 tamen
451 1303 562 1361 erit,
600 1319 747 1367 quam
773 1302 836 1350 sit
859 1319 1096 1367 magnum
1118 1320 1130 1349 z
1171 1300 1306 1366 quod
1331 1300 1463 1348 enim
1487 1318 1598 1365 per-

254 1382 424 1447 magni
464 1382 691 1441 interest,
731 1398 823 1446 pro
865 1381 1143 1430 necessario
1185 1397 1332 1445 saepe
1368 1379 1594 1429 habetur.

256 1462 435 1527 Itaque
461 1478 577 1510 cum
604 1467 800 1509 constet
824 1461 919 1508 hoc
943 1477 1103 1525 genus
1123 1476 1382 1509 causarum
1401 1477 1464 1508 ex
1489 1477 1598 1508 sua-

255 1543 392 1591 sione
414 1550 465 1591 et
484 1541 788 1590 dissuasione
810 1561 824 1601 ;
864 1541 1049 1590 suasori
1066 1540 1362 1605 proponitur
1387 1539 1598 1605 simplex

254 1623 414 1671 ratio:
453 1622 493 1669 si
523 1629 574 1670 et
606 1621 728 1670 utile
762 1629 851 1678 est,
888 1628 939 1669 et
962 1620 1066 1669 fieri
1089 1627 1274 1685 potest,
1309 1619 1409 1668 fiat.
1482 1621 1598 1684 Dis-

255 1702 441 1750 suasori
477 1701 698 1766 duplex:
736 1717 854 1760 una,
890 1701 930 1749 si
966 1717 1068 1749 non
1098 1700 1221 1749 utile
1251 1707 1345 1760 est,
1381 1717 1445 1749 ne
1474 1700 1594 1752 fiat:

254 1781 428 1842 altera,
467 1784 506 1832 si
538 1783 643 1832 fieri
675 1800 775 1832 non
806 1790 991 1848 potest,
1030 1799 1094 1831 ne
1131 1782 1443 1847 suscipiatur.
1515 1782 1598 1832 Sic

254 1864 440 1911 suasori
475 1871 745 1927 utrumque
783 1862 1069 1911 docendum
1106 1870 1199 1921 est,
1235 1862 1499 1910 dissuasori
1531 1863 1599 1910 al-

253 1949 417 1989 terum
444 1942 689 1990 infirmare
715 1949 790 1990 sat
815 1950 905 1990 est.
978 1942 1167 2001 Quare,
1187 1942 1421 2006 quoniam
1445 1941 1498 1989 in
1522 1941 1598 1990 his

254 2030 477 2070 versatur
518 2039 666 2070 omne
710 2021 972 2070 consilium
1016 2021 1225 2078 duobus,
1275 2021 1338 2069 de
1379 2021 1598 2070 utilitate

255 2107 371 2149 ante
408 2100 651 2160 dicamus,
694 2117 819 2166 quae
855 2101 906 2147 in
943 2099 1283 2149 discernendis
1318 2100 1461 2149 bonis
1497 2117 1598 2149 ma-

254 2177 413 2242 lisque
438 2187 677 2228 versatur.
750 2179 1004 2227 Bonorum
1029 2185 1197 2226 autem
1220 2178 1598 2243 pa1·tin1.neces-

255 2257 380 2305 saria
410 2265 544 2316 sunt,
579 2265 638 2305 ut
661 2257 780 2316 vita,
805 2256 1067 2321 pudicitia,
1101 2255 1318 2313 libertaS‚
1355 2264 1413 2305 ut
1435 2256 1598 2318 liberi,

254 2335 513 2401 conjuges,
547 2337 792 2401 germani,
827 2345 1092 2401 parentes:
1143 2338 1325 2402 partim
1371 2353 1473 2384 non
1514 2353 1600 2386 ne·

256 2417 482 2474 cessaria,
521 2433 730 2481 quorum
756 2416 851 2465 alia
876 2424 991 2465 sunt
1013 2434 1103 2481 per
1136 2434 1188 2465 se
1214 2416 1516 2481 expetenda,
1540 2425 1599 2466 ut

255 2512 332 2554 ea,
363 2512 489 2560 quae
527 2496 619 2543 sita
651 2503 767 2543 sunt
798 2495 850 2542 in
887 2495 1077 2554 officiis,
1113 2503 1263 2560 atque
1293 2496 1595 2557 virtutibus3

255 2574 364 2631 alia,
392 2575 527 2639 quod
551 2574 739 2639 aliquid
764 2574 1015 2623 commodi
1041 2574 1276 2632 efficiunt,
1315 2582 1372 2623 ut
1404 2591 1522 2640 opes
1547 2582 1600 2623 et

256 2655 447 2720 copiae.
519 2654 705 2703 Eorum
742 2662 925 2711 autem,
964 2671 1090 2719 quae
1122 2662 1326 2720 propter
1361 2671 1413 2703 se
1450 2671 1599 2719 expe-

256 2743 450 2795 tuntur,
484 2734 665 2799 partim
701 2733 962 2783 honestate
997 2734 1122 2799 ipsa,
1158 2734 1339 2799 partim
1382 2750 1599 2782 commo-

256 2816 412 2865 ditate
449 2814 613 2879 aliqua
649 2820 970 2880 expetuntur.
1044 2813 1325 2862 Honestate
1359 2830 1431 2870 ea,
1470 2830 1597 2878 quae

255 2896 639 2964 proficiscuntur
664 2895 724 2946 ab
749 2894 807 2943 iis
833 2893 1118 2955 virtutibuS,
1155 2893 1218 2945 de
1243 2894 1420 2961 quibus
1447 2893 1597 2960 paulo
