2071 3508
673 422 839 460 LIBER
870 421 1119 461 TERTIUS.
1493 427 1570 466 277

297 543 338 582 T
334 557 391 582 um
407 556 529 596 pavor
546 541 767 593 sapientiam
788 555 929 580 omnem
946 541 1038 579 mihi
1056 541 1268 579 esaninmto
1287 549 1512 593 expectoral.

291 610 394 648 IVzcm
415 623 486 648 non
507 609 562 646 'vis
580 606 690 660 izaey'us
706 622 763 646 me
782 606 1053 658 versutiloquas
1074 608 1235 645 malnssias
1249 608 1268 644 ,9

236 689 426 737 Videtis
467 689 596 736 enim
636 697 687 736 et
723 690 1077 751 versutiloqcca-S‚
1107 698 1156 736 et
1180 696 1466 752 eapectoral‘,
1500 706 1562 737 ex

232 767 581 831 conjunctione
618 766 752 816 facta
793 784 896 815 esse
938 768 1101 825 verba,
1145 784 1244 817 non
1284 775 1428 814 nata:
1482 768 1561 815 vel

227 861 372 909 saepe
397 846 501 894 sine
527 847 878 911 conjunctione
904 849 1053 895 verba
1083 854 1357 905 novantur3
1399 854 1453 894 ut
1478 847 1559 896 ille

227 923 435 984 Ennius,
462 926 552 973 Dii
571 927 803 989 genitales
820 949 838 984 ;
866 935 938 985 ut,
965 928 1231 974 Bacescrum
1256 927 1466 973 ubertate
1489 928 1558 973 in-

221 1018 508 1053 curvescere.
602 1006 802 1054 Tertius
849 1006 930 1053 ille
978 1005 1171 1063 modus,
1227 1005 1557 1053 transterendi

226 1083 378 1142 verbi,
402 1083 500 1133 late
525 1093 682 1150 patet,
709 1102 856 1149 quem
883 1086 1148 1133 necessitas
1173 1085 1363 1149 genuit,
1391 1085 1557 1149 inopia

224 1170 396 1210 coacta
438 1172 488 1211 et
530 1165 800 1228 angustiis;
840 1174 951 1229 post
991 1173 1156 1212 autem
1195 1164 1460 1211 delectatio
1477 1163 1556 1227 ju-

223 1240 547 1306 cunditasque
574 1243 858 1291 celeb1·avit.-
928 1244 1056 1291 Nam
1096 1251 1151 1290 ut
1188 1243 1335 1289 vestis
1359 1241 1555 1306 frigoris

221 1318 502 1383 depellendi
543 1338 690 1369 causa
729 1332 921 1386 reperta
955 1325 1131 1386 primo,
1176 1332 1286 1384 post
1330 1320 1554 1368 adhiberi

175 1455 181 1460 ⁴
220 1407 397 1463 coepta
437 1408 511 1448 est
552 1400 615 1447 ad
650 1411 876 1448 ornatum
904 1401 1050 1447 etiam
1078 1399 1294 1462 corporis
1320 1409 1369 1445 et
1395 1399 1553 1461 digni-

217 1490 400 1530 tatem:
441 1484 510 1531 sic
547 1482 682 1530 verbi
718 1481 971 1529 translatio
1008 1482 1233 1527 instituta
1258 1490 1332 1527 est
1356 1480 1551 1543 inopiae

217 1579 381 1621 causa,
405 1562 720 1627 frequentata
751 1562 1108 1610 delectationis.
1161 1561 1290 1608 Nam
1310 1577 1552 1622 gemmare

212 1642 341 1697 vites,
371 1643 602 1689 lzca‘zcriem
625 1658 722 1689 esse
746 1643 793 1688 in
814 1643 984 1698 leel-bie,
1013 1643 1157 1688 laetas
1179 1647 1371 1703 segetes,
1400 1641 1549 1689 etiam

212 1720 384 1768 rustici
410 1720 599 1771 dicunt.
674 1721 825 1778 Quod
861 1720 993 1772 enim
1025 1719 1262 1767 declarari
1287 1720 1370 1767 vix
1396 1721 1548 1775 verbo

211 1799 409 1864 proprio
434 1807 617 1864 potest,
653 1799 704 1848 id
740 1799 977 1848 translato
1004 1816 1116 1847 cum
1143 1806 1217 1846 est
1242 1798 1450 1858 dictum,
1492 1799 1547 1846 il-

209 1877 385 1926 lustrat
409 1879 478 1938 id,
504 1879 636 1942 quod
662 1879 872 1943 intelligi
892 1878 1135 1938 volumus,
1155 1878 1258 1942 ejus
1283 1878 1368 1935 rei,
1397 1894 1543 1942 quam

209 1956 370 2005 alieno
412 1958 562 2005 verbo
602 1957 872 2022 posuimus,
920 1957 1203 2005 similitudo.
1275 1957 1410 2022 Ergo
1450 1957 1542 2005 hae

213 2035 553 2083 translationes
579 2036 715 2100 quasi
741 2038 1073 2084 mutuationes
1098 2045 1230 2094 sunt,
1257 2053 1386 2092 cum,
1409 2038 1543 2100 quod

210 2130 309 2162 non
335 2114 533 2173 habeas,
571 2114 769 2162 aliunde
812 2132 987 2163 sumas.
1060 2115 1181 2163 Iliae
1216 2114 1364 2179 paulo
1394 2116 1542 2163 auda-

210 2193 386 2252 ciores,
412 2210 536 2257 quae
563 2210 661 2241 non
688 2194 902 2258 inopiam
934 2195 1174 2253 indicant,
1211 2194 1298 2241 sed
1330 2195 1539 2242 orationi

208 2271 482 2337 splendoris
507 2273 695 2336 aliquid
720 2282 1006 2321 arcessunt:
1047 2290 1251 2338 quarum
1289 2290 1383 2337 ego
1419 2274 1539 2337 quid

204 2352 342 2401 vobis
380 2359 465 2400 aut
505 2352 791 2406 inveniendi
828 2354 1088 2412 rationem,
1126 2362 1212 2401 aut
1245 2369 1429 2417 genera
1451 2369 1537 2419 po-

204 2446 317 2481 nam
338 2431 355 2479 ?

1594 1012 1701 1053 155.

1584 1970 1688 2012 156.

270 2509 611 2559 Similitudinis
648 2520 722 2560 est
760 2513 823 2560 ad
860 2515 1063 2561 verbum
1100 2529 1253 2560 unum
1281 2519 1536 2559 contracta
1571 2517 1674 2578 39·

198 2588 434 2647 brevitas,
476 2590 609 2653 quod
645 2593 848 2640 verbum
874 2592 925 2638 in
950 2592 1110 2640 alieno
1133 2592 1263 2649 loco,
1300 2598 1533 2654 tanquam
1571 2609 1679 2654 157,

204 2669 256 2716 in
282 2685 388 2726 suo,
426 2669 660 2732 positum,
699 2671 736 2717 si
773 2671 1074 2735 agnoscitur,
1111 2671 1360 2729 delectat3
1401 2671 1438 2717 si
1475 2671 1533 2717 si-

205 2746 321 2796 mile
347 2747 467 2795 nihil
493 2747 660 2808 habet,
686 2750 986 2814 repudiatur.
1058 2750 1154 2798 Sed
1191 2767 1248 2797 ea
1283 2750 1534 2797 transferri

202 2835 417 2892 oportet,
443 2845 567 2894 quae
604 2836 689 2878 aut
725 2828 979 2878 clariorem
1007 2828 1201 2878 faciunt
1223 2846 1347 2890 rem,
1372 2839 1427 2878 ut
1449 2828 1532 2879 illa

199 2906 363 2957 omnia
381 2925 392 2955 :

1117 3006 1138 3038 S
1165 2998 1193 3037 3
