2071 3508
356 2013 470 2052 202.

361 2796 473 2839 203.

494 408 572 447 162
974 404 1051 443 DE
1081 402 1348 442 ORATORE

484 513 756 578 judicibus,
791 520 847 560 ut
871 511 993 559 illud
1017 513 1166 560 aetati
1192 528 1348 570 meae,
1373 517 1429 559 ut
1451 509 1736 568 honoribus,
1761 517 1817 558 ut

493 594 639 641 rebus
679 591 847 655 gestis,
890 591 928 638 si
957 591 1112 654 justo,
1144 591 1183 637 si
1206 590 1289 653 pio
1326 589 1493 636 dolore
1518 605 1595 635 me
1622 604 1725 636 esse
1750 586 1818 635 af-

492 671 682 719 fectum
707 669 950 727 viderent,
988 668 1321 716 concederent
1342 689 1355 726 3
1392 667 1679 731 praesertim
1705 666 1743 713 si
1766 666 1817 713 in

495 749 599 797 aliis
625 748 780 796 causis
805 746 1182 804 intellexissent,
1224 746 1388 792 omnia
1412 762 1490 793 me
1517 761 1706 809 semper
1729 761 1818 809 pro

495 828 765 876 amicorum
800 824 1048 889 periculis,
1096 823 1216 870 nihil
1252 840 1468 886 unquam
1503 840 1592 886 pro
1631 823 1818 887 meipso

496 907 831 970 deprecatum.
904 903 982 951 Sic
1020 903 1070 948 in
1095 901 1176 948 illa
1200 901 1333 949 omni
1359 899 1645 948 defensione
1670 908 1818 964 atque

497 1001 661 1041 causa,
703 982 836 1047 quod
877 998 980 1028 esse
1006 981 1054 1027 in
1080 989 1183 1028 arte
1206 980 1420 1044 positum
1445 979 1723 1037 videbatur,
1763 985 1821 1026 ut

498 1062 560 1110 de
594 1062 705 1125 lege
743 1059 958 1123 Apuleia
993 1059 1229 1117 dicerem,
1263 1066 1334 1114 ut,
1370 1057 1489 1121 quid
1514 1065 1642 1105 esset
1665 1056 1822 1104 minu-

497 1156 578 1188 ere
616 1138 941 1203 majestatem,
978 1137 1296 1201 explicarem,
1336 1153 1572 1201 perquam
1609 1135 1824 1183 breviter

495 1217 760 1281 perstrinxi
792 1225 938 1278 atque
964 1216 1121 1277 attigi.
1196 1215 1289 1262 His
1320 1215 1508 1262 duabus
1531 1214 1749 1278 partibus
1774 1231 1825 1262 o-

496 1294 716 1351 rationis,
741 1309 946 1357 quarum
972 1291 1124 1339 altera
1149 1292 1533 1340 concitationem
1558 1292 1725 1350 habet,
1761 1292 1827 1340 al-

496 1380 604 1421 tera
630 1370 1129 1428 commendationem,
1166 1387 1290 1434 quae
1327 1370 1527 1418 minime
1551 1371 1827 1434 praeceptis

498 1451 676 1499 artium
701 1457 815 1498 sunt
832 1449 1121 1513 perpolitae,
1147 1449 1304 1496 omnis
1323 1456 1397 1496 est
1421 1466 1450 1496 a
1473 1466 1551 1497 me
1575 1448 1658 1496 illa
1681 1466 1828 1498 causa

499 1537 727 1587 tractata,
752 1536 809 1576 ut
833 1536 884 1576 et
907 1528 1173 1576 acerrimus
1191 1528 1242 1574 in
1267 1528 1528 1592 Caepionis
1547 1528 1732 1576 invidia
1754 1545 1828 1578 re-

499 1608 745 1665 novanda,
782 1615 834 1654 et
873 1607 924 1653 in
967 1607 1087 1654 meis
1123 1606 1339 1654 moribus
1363 1623 1481 1670 erga
1503 1622 1638 1654 meos
1662 1623 1829 1655 neces-

500 1687 649 1734 sarios
689 1685 997 1733 declarandis
1034 1684 1448 1732 mansuetissimus
1473 1684 1679 1733 viderer.
1751 1685 1829 1732 Ita

500 1765 656 1829 magis
681 1764 867 1812 affectis
891 1763 1065 1811 animis
1080 1762 1328 1826 judicum,
1353 1779 1499 1826 q-uam
1525 1763 1701 1822 doctis,
1726 1771 1829 1823 tua,

502 1843 706 1907 Sulpici,
733 1850 805 1890 est
829 1860 856 1889 a
881 1842 1020 1889 nobis
1045 1850 1151 1888 tum
1176 1842 1426 1889 accusatio
1449 1842 1595 1889 victa.

570 1922 670 1968 Hic
697 1920 958 1984 Sulpicius,
999 1936 1114 1967 vere
1139 1920 1359 1978 hercule,
1397 1920 1572 1983 inquit,
1619 1919 1827 1979 Antoni,

502 2000 595 2047 ista
636 2015 990 2048 commemoras
1012 2018 1024 2057 ;
1066 2014 1180 2045 nam
1206 2015 1300 2062 ego
1324 1997 1446 2044 nihil
1469 2014 1686 2062 unquam
1709 1998 1829 2058 vidi,

503 2078 636 2144 quod
659 2086 761 2126 tam
787 2094 813 2124 e
838 2077 1063 2124 manibus
1087 2075 1383 2136 elaberetur,
1409 2093 1555 2140 quam
1579 2076 1699 2124 mihi
1722 2084 1830 2124 tum

503 2165 579 2205 est
603 2156 765 2220 elapsa
804 2155 886 2202 illa
927 2172 1088 2203 causa.
1160 2156 1287 2203 Cum
1327 2156 1457 2203 enim
1492 2155 1830 2220 (quemadmo-

504 2235 623 2282 dum
664 2234 857 2294 dixisti)
926 2234 1016 2281 tibi
1059 2250 1152 2297 ego
1187 2250 1288 2282 non
1330 2233 1598 2298 judicium,
1639 2235 1726 2283 sed
1761 2235 1831 2281 in-

506 2312 738 2360 cendium
773 2311 1102 2370 tradidissem,
1155 2312 1287 2374 quod
1321 2320 1462 2358 tuum
1514 2312 1831 2376 principium,

506 2390 573 2438 dii
611 2389 924 2444 imm01·taleS‚
967 2389 1100 2436 fuit?
1137 2389 1220 2452 qui
1259 2389 1440 2436 timor?
1477 2406 1601 2452 quae
1640 2390 1831 2438 dubita-

502 2468 575 2516 tio
596 2469 612 2516 ?
639 2475 822 2531 quanta
845 2467 1104 2515 haesitatio
1127 2475 1411 2531 tractusque
1435 2469 1696 2515 verborum
1718 2469 1734 2516 ?
1759 2469 1831 2517 Ut

502 2546 627 2594 illud
666 2546 827 2604 initio,
866 2546 996 2609 quod
1038 2547 1128 2594 tibi
1166 2562 1319 2593 unum
1361 2545 1425 2593 ad
1470 2546 1831 2610 ignoscendum

501 2625 727 2673 homines
751 2625 948 2680 dabant,
975 2625 1198 2683 tenuisti,
1234 2632 1284 2672 te
1319 2641 1409 2688 pro
1433 2624 1633 2672 homine
1657 2641 1830 2689 perne-

505 2704 728 2760 cessario,
757 2712 1014 2767 quaestore
1039 2711 1145 2763 tuo,
1185 2703 1383 2751 dicere:
1439 2719 1584 2767 quam
1620 2703 1709 2752 tibi
1736 2703 1831 2766 pri-

505 2799 639 2830 mum
681 2783 881 2831 munisti
918 2783 981 2830 ad
1016 2791 1065 2831 te
1102 2782 1403 2830 audiendum
1439 2782 1606 2830 viam?
1697 2781 1830 2830 Ecce

506 2868 687 2920 autem,
726 2879 839 2912 cum
877 2869 927 2911 te
951 2861 1075 2909 nihil
1107 2860 1241 2910 aliud
1264 2860 1530 2926 profecisse
1555 2859 1830 2918 arbitrarer,
