2071 3508
327 588 432 636 104.

326 1304 432 1343 105.

326 2012 430 2054 106.

332 2860 438 2906 107.

471 404 547 440 128
952 396 1028 441 DE
1058 401 1326 442 ORATORE

465 525 569 558 rem
592 509 790 575 penitus
826 527 1121 576 causamque
1158 510 1388 576 cognovi,
1424 509 1589 558 statim
1623 521 1796 557 occur-

464 589 528 637 rit
569 590 750 649 animo,
792 607 916 655 quae
955 591 1017 638 sit
1056 607 1202 638 causa
1242 588 1477 654 ambigui.
1549 586 1686 637 Nihil
1721 594 1797 635 est

465 668 614 728 enim,
651 670 784 734 quod
823 670 953 734 inter
987 670 1210 717 homines
1249 669 1545 733 ambigatur,
1592 667 1694 715 sive
1733 681 1798 714 ex

465 747 669 795 crimine
713 765 860 796 causa
901 755 1113 806 constet,
1165 755 1222 795 ut
1261 746 1528 806 facinoris;
1591 746 1691 794 sive
1732 760 1796 792 ex

463 827 814 884 controversia,
850 835 906 874 ut
940 825 1293 883 haereditatis3
1333 825 1434 872 sive
1471 841 1534 872 ex
1559 823 1798 872 delibera-

462 902 616 961 tione,
654 913 709 951 ut
743 903 895 962 belli;
936 904 1035 951 sive
1062 920 1123 950 ex
1158 918 1385 967 persona,
1421 910 1478 950 ut
1500 901 1696 962 laudis;
1737 902 1797 949 si-

462 998 521 1028 ve
549 998 610 1029 ex
654 982 1005 1046 disputatione,
1041 990 1098 1029 ut
1139 981 1202 1028 de
1244 981 1434 1028 ratione
1474 979 1705 1028 vivendi:
1744 979 1797 1026 in

463 1075 561 1122 quo
585 1076 684 1107 non
709 1068 795 1108 aut
820 1060 940 1124 quid
973 1059 1162 1107 factum
1189 1060 1266 1115 sit,
1305 1067 1391 1106 aut
1414 1057 1517 1117 fiat,
1552 1057 1799 1106 futurum-

462 1154 522 1185 ve
559 1138 639 1197 sit,
676 1147 956 1202 quaeratur,
993 1146 1078 1186 aut
1113 1138 1256 1202 quale
1282 1138 1362 1197 sit,
1399 1145 1485 1185 aut
1509 1136 1630 1201 quid
1653 1153 1799 1185 voce-

414 1256 426 1268 .
463 1224 558 1264 tur.
631 1216 711 1265 Ac
736 1226 931 1265 nostrae
950 1217 1053 1266 fere
1079 1234 1274 1277 causae,
1305 1235 1430 1282 quae
1457 1218 1658 1282 quidem
1683 1222 1801 1264 sunt

466 1296 745 1355 criminum,
780 1295 1071 1361 plerumque
1107 1295 1407 1344 inficiatione
1442 1295 1798 1344 defenduntur.

464 1375 595 1422 Nam
621 1382 672 1422 et
704 1375 765 1422 de
801 1374 1024 1438 pecuniis
1060 1374 1366 1438 repetundis,
1403 1390 1528 1438 quae
1553 1373 1799 1422 maximae

465 1461 596 1512 sunt,
633 1453 861 1517 neganda
901 1452 1004 1500 fere
1044 1461 1157 1500 sunt
1199 1453 1392 1501 omnia:
1447 1461 1498 1500 et
1522 1453 1584 1500 de
1609 1451 1799 1500 ambitu

464 1548 573 1579 raro
612 1531 736 1578 illud
774 1531 936 1592 datur,
972 1539 1028 1578 ut
1063 1531 1218 1595 possis
1254 1530 1600 1579 liberalitatem
1633 1547 1692 1578 ac
1715 1531 1800 1579 be-

464 1609 759 1673 nignitatem
785 1610 844 1657 ab
871 1610 1057 1656 ambitu
1093 1616 1240 1673 atque
1275 1608 1537 1673 largitione
1574 1608 1800 1674 sejunge-

462 1704 549 1736 re:
590 1689 651 1736 de
677 1688 879 1746 sicariis,
916 1687 978 1735 de
1014 1683 1281 1746 veneficiis,
1319 1688 1381 1736 de
1404 1688 1658 1752 peculatu,
1693 1687 1799 1735 infi-

464 1767 581 1815 ciari
606 1784 808 1815 necesse
843 1774 932 1814 est.
1004 1766 1066 1813 Id
1102 1774 1176 1814 est
1200 1767 1351 1830 igitur
1391 1783 1548 1831 genus
1582 1766 1797 1830 primum

463 1861 718 1892 causarum
743 1845 793 1891 in
810 1844 1032 1908 judiciis,
1069 1861 1131 1892 ex
1168 1846 1503 1894 controversia
1526 1844 1663 1893 facti.
1735 1844 1797 1892 In

463 1921 896 1970 deliberationibus
916 1923 1206 1987 plerumque
1232 1941 1294 1972 ex
1312 1923 1486 1982 futuri,
1511 1939 1620 1970 raro
1646 1922 1794 1970 etiam

465 2017 526 2048 ex
563 2001 808 2059 instantis,
860 2009 946 2048 aut
985 2001 1120 2048 facti.
1192 2002 1348 2066 Saepe
1384 2010 1551 2050 autem
1575 2018 1652 2049 res
1677 2017 1796 2062 non,

465 2078 544 2136 sit,
580 2095 759 2138 necne,
795 2080 882 2127 sed
907 2079 1062 2144 qualis
1087 2080 1168 2138 sit,
1194 2080 1443 2144 quaeritur
1464 2098 1476 2127 ι
1514 2088 1572 2128 ut
1595 2096 1709 2128 cum
1735 2079 1796 2129 L.

464 2155 651 2219 Opimii
677 2173 873 2204 causam
893 2156 1197 2206 defendebat
1221 2158 1354 2221 apud
1377 2158 1616 2223 populum
1635 2159 1798 2222 (audi-

464 2242 579 2281 ente
603 2233 707 2294 me)
745 2234 801 2281 C.
830 2234 992 2282 Carbo
1018 2235 1203 2291 consul,
1242 2235 1364 2283 nihil
1389 2236 1451 2284 de
1478 2236 1535 2284 C.
1576 2237 1795 2285 Gracchi

464 2327 586 2359 nece
612 2312 859 2375 negabat3
900 2312 987 2359 sed
1027 2312 1079 2358 id
1108 2311 1241 2375 jure,
1276 2330 1365 2376 pro
1404 2313 1560 2361 salute
1588 2315 1795 2378 patriae,

462 2388 651 2436 factum
677 2406 780 2437 esse
806 2389 1034 2449 dicebat3
1073 2398 1130 2437 ut
1167 2390 1328 2438 eidem
1355 2391 1569 2439 Carboni
1594 2391 1795 2440 tribuno

463 2468 618 2530 plebis
643 2467 736 2515 alia
758 2455 865 2515 tum
901 2475 1068 2515 mente
1110 2468 1463 2533 rempublicam
1501 2470 1795 2533 capessenti,

466 2546 519 2594 P.
550 2545 814 2594 Africanus
851 2546 912 2594 de
953 2546 1033 2594 Ti.
1072 2546 1304 2595 Graccho
1343 2547 1686 2612 interroganti,
1721 2565 1794 2598 re-

464 2625 746 2689 sponderat,
761 2624 875 2689 jure
901 2642 1097 2673 caesum
1121 2626 1293 2674 videri.
1362 2626 1482 2675 Jure
1502 2635 1668 2675 autem
1693 2645 1794 2676 om-

465 2705 546 2752 nia
570 2703 924 2766 defenduntur,
960 2722 1085 2768 quae
1110 2713 1224 2753 sunt
1248 2704 1351 2769 ejus
1374 2707 1587 2770 generis,
1627 2714 1685 2754 ut
1707 2715 1793 2759 aut

466 2784 756 2846 oportuerit,
792 2792 877 2833 aut
899 2784 1113 2843 licuerit,
1149 2792 1235 2832 aut
1269 2801 1469 2832 necesse
1504 2785 1672 2844 fuerit,
1707 2794 1792 2834 aut

466 2860 810 2925 imprudentia,
833 2871 919 2912 aut
943 2879 1058 2912 casu
1081 2862 1214 2913 facta
1239 2880 1342 2912 esse
1361 2863 1637 2913 videantur.
1677 2863 1790 2913 Jam
