2071 3508
298 1567 401 1628 So.

418 455 497 492 406
931 450 1007 490 DE
1037 449 1236 490 CLARIS

423 561 576 609 ruisse
623 561 674 608 in
721 560 932 608 alienum
979 560 1164 619 locum,
1211 558 1299 607 sed
1342 558 1645 622 immigrasse
1690 559 1742 604 in

425 656 567 687 suum
593 639 796 688 diceres.
866 640 976 688 Nec
1000 655 1117 687 vero
1158 638 1282 686 haec
1320 636 1495 695 soluta,
1535 653 1629 684 nec
1655 634 1744 683 dif-

425 718 647 777 fluentia,
684 718 771 766 sed
795 717 1027 765 adstricta
1052 717 1282 772 numeris,
1315 732 1415 763 non
1439 722 1623 779 aperte,
1651 729 1744 760 nec

429 796 605 845 eodem
650 797 798 844 inodo
835 813 1044 860 semper,
1085 796 1173 844 sed
1195 795 1328 843 varie
1367 792 1749 842 dissimulanter-

429 891 525 938 que
564 873 823 922 conclusis.
908 873 1063 920 Erant
1104 881 1272 921 autem
1314 880 1365 920 et
1399 872 1661 918 verborum
1701 876 1751 917 et

429 953 785 1000 sententiarum
826 952 907 999 illa
941 951 1144 1010 lumina,
1187 968 1310 1014 quae
1348 956 1530 998 vocant
1567 947 1752 997 Graeci

429 1035 638 1090 σχίσματα,
683 1030 859 1094 quibus
895 1037 1129 1093 tanquam
1169 1029 1443 1093 insignibus
1483 1028 1535 1074 in
1576 1033 1752 1074 ornatu

432 1108 828 1173 distinguebatur
852 1108 1009 1155 omnis
1033 1108 1204 1155 oratio.
1277 1108 1390 1163 Qua
1425 1106 1487 1154 de
1517 1122 1568 1153 re
1594 1105 1756 1170 agitur

433 1194 598 1234 autem
623 1184 764 1243 illud,
803 1183 936 1249 quod
960 1183 1126 1232 multis
1149 1183 1271 1232 locis
1303 1184 1354 1230 in
1384 1182 1758 1247 jurisconsulto-

432 1281 542 1312 rum
578 1264 849 1312 includitur
886 1263 1126 1320 formulis,
1166 1271 1216 1311 et
1240 1263 1324 1311 ubi
1361 1269 1503 1317 esset,
1541 1260 1758 1308 videbat.

436 1343 731 1391 Accedebat
771 1343 892 1391 ordo
930 1360 1092 1393 rerum
1117 1342 1293 1407 plenus
1317 1342 1452 1400 artis,
1488 1340 1618 1387 actio
1641 1339 1760 1387 libe-

436 1421 568 1480 ralis,
603 1428 862 1485 totumque
889 1420 1089 1469 dicendi
1112 1419 1365 1485 placidum
1407 1427 1458 1467 et
1482 1434 1653 1465 sanum
1678 1434 1762 1482 ge-

436 1517 544 1548 nus.

508 1578 658 1636 Quod
700 1578 738 1625 si
780 1586 854 1626 est
895 1578 1134 1642 optimum
1167 1579 1380 1626 suaviter
1404 1577 1605 1636 dicere3
1644 1575 1766 1622 nihil

442 1664 534 1714 est,
571 1656 705 1720 quod
740 1656 913 1704 melius
948 1656 1043 1704 hoc
1070 1656 1407 1719 quaerendum
1436 1662 1596 1720 putes.
1668 1654 1766 1700 Sed

444 1751 558 1783 cum
595 1752 622 1782 a
646 1734 786 1782 nobis
821 1733 967 1798 paulo
992 1741 1106 1781 ante
1133 1734 1322 1782 dictum
1359 1734 1438 1792 sit,
1479 1733 1573 1780 tria
1610 1732 1766 1780 videri

444 1830 567 1872 esse,
604 1830 728 1877 quae
760 1821 923 1860 orator
958 1812 1149 1860 efficere
1193 1812 1415 1871 deberet,
1450 1820 1508 1859 ut
1547 1811 1765 1866 doceret,

445 1900 499 1940 ut
524 1891 814 1950 delectaret,
851 1899 907 1938 ut
931 1900 1180 1950 moveret3
1221 1891 1320 1938 duo
1362 1906 1550 1938 summe
1590 1889 1768 1944 tenuit,

446 1980 502 2019 ut
538 1978 588 2018 et
622 1986 726 2018 rein
764 1969 1029 2017 illustraret
1066 1969 1369 2028 disserendo,
1406 1977 1457 2016 et
1480 1968 1668 2015 animos
1692 1984 1771 2016 eo-

448 2066 574 2108 rum,
611 2049 693 2112 qui
719 2048 965 2106 audirent,
1000 2048 1273 2096 devinciret
1297 2048 1567 2113 voluptate.
1641 2046 1773 2094 Abe-

450 2138 525 2177 rat
565 2128 711 2176 tertia
735 2127 817 2174 illa
838 2126 963 2186 laus,
999 2144 1095 2191 qua
1134 2135 1446 2191 permoveret
1482 2135 1629 2190 atque
1654 2125 1775 2173 inci-

450 2216 578 2256 taret
603 2206 805 2262 anhnos,
845 2223 991 2269 quam
1025 2206 1292 2269 plurimum
1332 2206 1517 2270 pollere
1544 2205 1772 2252 diximus.

452 2286 562 2334 Nec
599 2293 705 2333 erat
751 2284 850 2332 ulla
872 2285 945 2332 vis
981 2293 1128 2348 atquc
1154 2284 1444 2332 contentio:
1483 2284 1583 2331 sive
1620 2282 1775 2331 consi-

452 2364 536 2422 lio,
573 2364 705 2428 quod
748 2379 849 2421 eos,
899 2378 1106 2426 quorum
1148 2361 1291 2409 altior
1332 2362 1506 2420 oratio,
1547 2362 1775 2424 actioque

453 2451 581 2490 esset
605 2442 871 2500 ardentior,
896 2441 1060 2488 furere
1086 2449 1137 2488 ct
1159 2441 1390 2488 bacchari
1427 2440 1775 2498 arbitraretur;

455 2523 553 2570 sive
574 2522 708 2586 quod
733 2529 909 2569 natura
933 2537 1033 2569 non
1052 2529 1180 2574 esset
1203 2521 1271 2568 ita
1294 2520 1488 2580 factus3
1527 2521 1628 2568 sive
1647 2518 1782 2583 quod

454 2618 554 2649 non
596 2609 913 2660 consuesset3
953 2600 1053 2649 sive
1095 2601 1227 2665 quod
1270 2618 1370 2648 non
1410 2608 1590 2665 posset.
1665 2598 1779 2646 Hoc

455 2697 608 2727 unum
632 2680 716 2735 illi,
759 2680 797 2726 si
836 2678 958 2726 nihil
999 2679 1225 2726 utilitatis
1249 2680 1478 2736 habebat,
1512 2677 1703 2727 abfuit:
1741 2676 1779 2723 si

458 2775 578 2821 opus
605 2766 726 2816 erat,
763 2756 937 2806 defuit.
1011 2757 1147 2814 Quin
1173 2758 1320 2806 etiam
1346 2757 1564 2813 memini,
1593 2772 1706 2804 cum
1730 2755 1782 2801 in

459 2836 772 2889 accusatione
798 2852 884 2883 sua
921 2836 984 2893 Q.
1012 2835 1178 2884 Gallio
1204 2836 1397 2884 crimini
1422 2835 1657 2892 dedisset,
1692 2831 1782 2880 sibi

458 2931 571 2961 eum
596 2931 843 2963 venenum
868 2915 1132 2978 paravisse,
1167 2915 1317 2980 idque
1348 2933 1377 2964 a
1401 2931 1451 2964 se
1476 2930 1580 2973 esse
1613 2912 1783 2976 depreff
