2071 3508
273 1226 378 1285 30.

274 1321 293 1359 l
305 1320 384 1361 30.

275 2180 384 2221 131.

413 415 489 459 136
888 415 968 456 DE
999 415 1267 455 ORATORE

413 529 504 570 rat.
575 521 703 570 Nam
730 522 825 572 hoc
850 541 1051 573 necesse
1078 534 1170 585 est,
1193 534 1251 574 ut
1274 525 1329 582 is,
1356 525 1439 590 qui
1464 525 1604 573 nobis
1629 541 1742 574 cau-

414 617 516 648 sam
541 600 910 664 adjudicaturus
947 605 1022 660 sit,
1068 613 1153 653 aut
1176 605 1496 653 inclinatione
1520 604 1743 652 volunta-

414 678 477 726 tis
500 681 806 744 propendeat
829 682 879 728 in
904 699 1012 741 nos,
1051 691 1136 731 aut
1160 682 1459 731 defensionis
1484 697 1745 747 argumen-

413 758 477 806 tis
518 759 812 817 adducatur,
864 768 949 807 aut
990 761 1138 808 animi
1175 761 1482 825 permotione
1519 768 1743 825 cogatur.

417 837 516 886 Sed
540 837 771 901 quoniam
795 838 876 885 illa
899 855 1029 903 pars,
1050 839 1100 885 in
1120 855 1217 902 qua
1239 855 1403 886 rerum
1421 839 1636 903 ipsarum
1662 854 1744 886 ex-

413 915 635 980 plicatio,
671 933 728 964 ac
754 916 974 964 defensio
998 917 1158 981 posita
1198 924 1291 976 est,
1325 917 1522 966 videtur
1546 933 1745 964 omnem

414 994 560 1060 hujus
584 995 779 1059 generis
804 997 939 1059 quasi
972 996 1247 1044 doctrinam
1284 997 1557 1055 continere,
1600 995 1662 1043 de
1688 1011 1746 1044 ea

414 1075 629 1138 primum
665 1073 942 1137 loquemur,
984 1082 1034 1122 et
1073 1092 1233 1139 pauca
1257 1075 1492 1123 dicemus.
1580 1074 1745 1122 Pauca

414 1153 547 1200 enim
590 1159 720 1207 sunt,
772 1169 896 1216 quae
938 1169 1030 1199 usu
1058 1153 1163 1216 jam
1204 1161 1429 1210 tractata,
1490 1161 1540 1201 et
1580 1153 1744 1200 animo

414 1233 552 1297 ,quasi
578 1240 748 1280 notata
782 1232 965 1282 habere
994 1233 1265 1281 videamur.
1337 1233 1417 1283 Ac
1441 1233 1532 1282 tibi
1557 1232 1745 1297 sapien-

416 1321 491 1361 ter
516 1312 756 1371 monenti,
783 1311 842 1360 L.
871 1313 1062 1372 Crasse,
1086 1312 1298 1361 libenter
1321 1313 1660 1370 assentiemur,
1688 1317 1746 1358 ut

413 1391 718 1456 singularum
761 1408 1018 1440 causarum
1060 1390 1390 1451 defensiones,
1432 1408 1551 1456 quas
1586 1389 1747 1438 solent

413 1470 635 1534 magistri
681 1470 846 1534 pueris
886 1471 1100 1529 tradere,
1147 1471 1479 1535 relinquamus
1500 1488 1513 1518 ε
1563 1468 1746 1535 aperia-

414 1566 522 1597 mus
547 1557 713 1599 autem
740 1566 797 1598 ea
823 1550 1002 1614 capita,
1037 1549 1171 1598 unde
1205 1550 1361 1597 omnis
1386 1549 1450 1597 ad
1473 1564 1670 1597 omnem
1695 1555 1747 1596 et

414 1645 612 1677 causam
654 1636 706 1676 et
743 1629 1015 1677 orationem
1055 1629 1322 1693 disputatio
1348 1628 1561 1676 ducitur.
1644 1627 1746 1674 Ne-

415 1723 511 1770 que
553 1706 703 1765 enim,
745 1707 937 1770 quoties
972 1708 1176 1755 verbum
1210 1706 1409 1770 aliquod
1434 1713 1509 1754 est
1532 1705 1745 1753 scriben-

417 1784 535 1832 dum
562 1785 716 1841 nobis,
754 1785 900 1833 toties
938 1783 1040 1849 ejus
1064 1785 1201 1833 verbi
1225 1784 1396 1832 literae
1422 1792 1537 1832 sunt
1561 1784 1745 1847 cogita-

414 1863 550 1911 tione
575 1863 940 1927 conquirendae
963 1883 976 1919 ς
1027 1880 1120 1911 nec
1147 1864 1338 1927 quoties
1364 1879 1510 1911 causa
1535 1862 1747 1910 dicenda

415 1955 504 1998 est,
531 1942 678 1989 toties
703 1942 766 1990 ad
792 1942 893 2006 ejus
920 1959 1095 1990 causae
1122 1942 1334 2007 seposita
1361 1950 1652 2006 argumenta
1675 1958 1747 1990 re-

413 2020 543 2070 volvi
569 2037 656 2068 nos
682 2029 908 2086 oportet;
954 2021 1040 2071 sed
1075 2021 1256 2070 habere
1284 2030 1444 2073 certos
1468 2020 1618 2076 locos,
1645 2020 1744 2084 qui,

413 2109 471 2146 ut
493 2098 664 2152 literae
689 2099 752 2150 ad
775 2100 980 2153 verbum
1005 2099 1340 2157 scribendum,
1366 2098 1435 2146 sic
1454 2097 1523 2145 illi
1547 2098 1610 2146 ad
1635 2115 1746 2146 cau-

416 2193 517 2224 sam
542 2177 905 2240 explicandam,
930 2177 1093 2224 statim
1119 2186 1398 2225 occurrant.
1483 2176 1580 2225 Sed
1604 2176 1654 2224 hi
1677 2176 1746 2225 lo-

418 2255 464 2301 ci
505 2254 550 2301 ei
588 2254 787 2302 demum
826 2255 1005 2309 oratori
1029 2255 1259 2318 prodesse
1300 2263 1525 2318 possunt,
1562 2255 1645 2319 qui
1670 2264 1745 2304 est

417 2339 636 2384 versatus
677 2333 727 2380 in
752 2335 911 2389 rebus,
951 2333 1029 2381 vel
1054 2350 1163 2392 usu,
1200 2350 1346 2397 quem
1372 2342 1505 2383 aetas
1530 2334 1744 2397 denique

418 2411 590 2472 affert3
631 2412 711 2460 vel
745 2412 997 2460 auditione
1036 2421 1087 2460 et
1125 2412 1441 2476 cogitatione,
1482 2428 1607 2476 quae
1646 2422 1744 2460 stu-

419 2490 501 2538 dio
537 2501 590 2538 et
628 2490 884 2555 diligentia,
922 2492 1195 2555 praecurrit
1235 2498 1462 2539 aetatem.
1533 2491 1663 2538 Nam
1705 2493 1746 2540 si

416 2574 473 2616 ru
508 2569 628 2624 mihi
652 2570 872 2635 quamvis
897 2570 1146 2623 eruditum
1181 2570 1431 2624 hominem
1461 2569 1742 2628 adduxeris,

418 2648 637 2712 quamvis
675 2666 836 2698 acrem
863 2657 914 2698 et
953 2658 1154 2698 acutum
1179 2649 1230 2702 in
1255 2649 1540 2714 cogitando,
1577 2666 1743 2714 quam-

416 2726 488 2773 vis
513 2726 576 2774 ad
597 2727 1019 2791 pronuntiandum
1054 2728 1357 2793 expeditum,
1401 2729 1439 2775 si
1477 2728 1570 2776 erit
1609 2727 1742 2776 idem

416 2802 467 2849 in
492 2806 851 2855 consuetudine
887 2806 1117 2865 civitatis,
1153 2807 1203 2854 in
1240 2806 1498 2871 exemplis,
1530 2806 1583 2854 in
1606 2806 1741 2854 insti·
1786 2870 1790 2873 η

417 2881 550 2938 tutis,
580 2882 632 2930 in
654 2885 872 2935 moribus
895 2901 955 2942 ac
977 2885 1313 2944 voluntatibus
1338 2884 1520 2944 civium
1535 2900 1738 2939 suorum
