2071 3508
321 980 398 1020 61.

316 1845 414 1905 17.

324 1938 402 1978 62.

429 458 508 496 ‘244
902 454 980 493 DE
1009 453 1278 493 ORATORE

428 579 577 613 mune
602 580 783 613 nomen
809 563 1006 628 eripuit,
1042 563 1387 627 sapienterque
1412 559 1676 620 sentiendi,
1699 566 1750 610 et

427 651 599 692 ornate
637 642 836 690 dicendi
874 641 1149 698 scientiam,
1187 656 1238 687 re
1277 638 1618 697 cohaerenteS,
1658 638 1754 686 dis-

426 721 764 786 putationibus
811 720 909 767 suis
957 717 1198 783 separavit
1225 736 1237 765 t
1294 717 1432 781 cujus
1478 716 1754 780 ingenium,

428 800 683 864 variosque
726 813 973 846 sermones
1014 795 1369 844 immortalitati
1417 795 1611 860 scriptis
1656 795 1754 842 suis

431 876 572 925 Plato
595 875 817 934 tradidit,
843 891 956 923 cum
980 874 1084 938 ipse
1107 873 1300 922 literam
1321 873 1544 921 Socrates
1568 872 1754 921 nullam

430 955 720 1019 reliquisset.
793 953 930 1001 Hinc
963 952 1225 1000 discidium
1255 951 1379 999 illud
1403 951 1594 999 exstitit
1617 950 1754 1014 quasi

430 1032 628 1097 linguae
653 1039 800 1095 atque
826 1030 1004 1089 cordis,
1040 1030 1305 1078 absurdum
1330 1046 1461 1086 sane,
1488 1037 1540 1077 et
1562 1029 1753 1086 inutile,

431 1120 482 1161 et
511 1110 993 1175 reprehendendum,
1028 1117 1085 1156 ut
1115 1108 1195 1156 alii
1230 1125 1320 1156 nos
1350 1124 1537 1172 sapere,
1572 1106 1655 1155 alii
1684 1107 1757 1155 di-

432 1207 545 1238 cere
582 1189 835 1236 docerent.
906 1188 1052 1244 Nam,
1096 1204 1210 1235 cum
1247 1193 1410 1234 essent
1454 1185 1619 1251 plures
1660 1186 1756 1235 orti

432 1267 536 1316 fere
561 1285 590 1316 a
614 1267 834 1325 Socrate,
865 1265 998 1330 quod
1023 1282 1085 1313 ex
1108 1265 1237 1313 illius
1260 1265 1424 1324 variis,
1460 1273 1511 1313 et
1535 1264 1756 1325 diversis,

434 1347 553 1395 etin
572 1362 769 1394 omnem
788 1352 980 1409 partem
1000 1343 1185 1392 diffusis
1204 1343 1616 1409 disputationibus
1634 1343 1757 1393 alius

434 1425 568 1473 aliud
619 1423 1026 1489 apprehenderat,
1068 1423 1428 1487 proseminatae
1469 1430 1585 1471 sunt
1619 1423 1758 1488 quasi

433 1503 648 1551 familiae
684 1502 1029 1551 dissentientes
1063 1502 1192 1550 inter
1227 1519 1296 1561 se,
1332 1510 1384 1550 et
1417 1501 1628 1550 multum
1664 1502 1759 1550 dis-

426 1581 634 1646 junctae
659 1589 709 1630 et
733 1580 966 1644 dispareS,
999 1597 1112 1628 cum
1143 1588 1312 1628 tamen
1335 1597 1505 1629 omnes
1530 1597 1581 1628 se
1603 1579 1760 1645 philo-

436 1663 577 1728 sophi
602 1663 877 1712 Socraticos
903 1670 954 1711 et
978 1662 1075 1710 dici
1105 1661 1307 1721 vellent,
1343 1670 1394 1710 et
1423 1679 1528 1711 esse
1559 1662 1759 1711 arbitra-

434 1750 620 1791 rentur.

504 1822 583 1869 Ac
601 1821 760 1885 primo
778 1821 838 1869 ab
856 1821 962 1884 ipso
983 1819 1188 1869 Platone
1209 1820 1501 1869 Aristoteles
1521 1827 1572 1868 et
1589 1818 1758 1868 Xeno.

434 1906 591 1947 crates
612 1919 625 1958 3
665 1915 872 1962 quorum
897 1898 1020 1946 alter
1046 1898 1500 1961 Peripateticorum,
1539 1897 1663 1945 alter
1688 1896 1759 1946 A-

432 1978 684 2027 cademiae
715 1993 896 2026 nomen
926 1977 1168 2025 obtinuit:
1209 1976 1389 2024 deinde
1414 1977 1475 2024 ab
1501 1976 1759 2026 Antisthe-

432 2075 516 2116 ne,
541 2057 623 2121 qui
646 2056 938 2121 patientiam
963 2063 1014 2103 et
1045 2055 1275 2103 duritiam
1304 2055 1354 2102 in
1382 2055 1634 2104 Socratico
1662 2072 1760 2104 ser-

434 2153 580 2184 mone
600 2136 812 2183 maxime
832 2135 1100 2193 adamarat,
1126 2134 1302 2199 Cynici
1320 2133 1551 2199 primum,
1575 2134 1758 2184 deinde

436 2215 588 2262 Stoici
609 2232 621 2261 ε
659 2222 765 2261 tum
790 2216 850 2262 ab
878 2213 1153 2277 Aristippo,
1189 2230 1336 2277 quem
1360 2213 1472 2262 illae
1496 2215 1652 2279 magis
1675 2232 1759 2264 vo-

434 2292 674 2356 luptariae
715 2292 1071 2355 disputationes
1118 2291 1442 2350 delectarant,
1485 2292 1761 2357 Cyrenaica

433 2369 742 2435 philosophia
775 2369 1009 2427 manavit,
1046 2385 1192 2432 quam
1220 2368 1321 2426 ille,
1358 2377 1409 2416 et
1438 2368 1541 2433 ejus
1573 2371 1760 2434 posteri

435 2448 721 2512 simpliciter
747 2446 1076 2495 defenderunt
1099 2467 1112 2505 3
1150 2447 1203 2506 ii,
1239 2447 1321 2510 qui
1346 2463 1479 2495 nunc
1503 2447 1757 2512 voluptate

435 2526 600 2574 omnia
639 2525 930 2583 metiuntur,
972 2524 1091 2572 dum
1125 2525 1453 2573 verecundius
1493 2525 1547 2573 id
1582 2535 1755 2590 agunt,

436 2621 529 2653 nec
566 2604 796 2668 dignitati
832 2603 1157 2663 satisfaciunt,
1192 2620 1341 2667 quam
1369 2620 1469 2651 non
1499 2621 1760 2669 aspernan-

435 2690 535 2741 tur,
569 2700 664 2731 nec
700 2681 1002 2746 voluptatem
1040 2690 1262 2742 tuentur,
1304 2699 1449 2747 quam
1490 2682 1757 2747 amplexari

435 2762 623 2810 volunt.
694 2762 917 2809 Fuerunt
953 2761 1100 2809 etiam
1125 2761 1219 2809 alia
1241 2777 1425 2825 genera
1446 2761 1758 2826 philosopho-

436 2856 562 2898 rum,
587 2840 670 2904 qui
694 2857 744 2888 se
764 2856 933 2888 omnes
951 2839 1054 2888 fere
1075 2840 1350 2889 Socraticos
1369 2856 1473 2889 esse
1492 2840 1755 2899 dicebant3

439 2916 792 2976 Eretricoriun,
829 2918 1165 2976 Herilfiorum,
1211 2919 1595 2984 Megaricorum,
1641 2918 1758 2982 Pyr.
