2071 3508
677 414 1049 454 ORATORIBUS.
1449 424 1521 459 3‘21

180 539 359 570 >sumas
382 521 529 570 licet:
570 523 816 584 praebebo
841 522 987 569 etiam
1015 523 1241 581 bostiam,
1279 533 1334 572 ut
1359 526 1526 576 Corio-

193 600 335 648 lanus
376 601 437 647 sit
476 598 620 663 plane
659 599 782 647 alter
821 600 1196 649 Themistocles,
1292 604 1364 651 Sit
1390 622 1525 665 sane,

194 679 412 743 inquam,
448 685 503 725 ut
526 676 682 736 lubet,
721 679 782 726 de
806 679 930 727 isto:
984 689 1034 728 et
1059 698 1152 745 ego
1179 682 1370 729 cautius
1393 693 1526 747 post-

190 756 284 804 hac
308 756 558 802 historiam
597 757 858 821 attingam,
894 766 944 806 te
969 760 1203 807 audiente
1225 780 1238 818 ;
1279 778 1425 823 quem
1451 779 1526 811 re-

187 850 296 882 rum
324 834 657 881 Romanarum
690 845 940 883 auctorem
971 837 1168 884 laudare
1193 854 1390 900 possum
1416 840 1525 888 reli-

147 907 159 913 ”
184 912 529 976 giosissimum.
619 912 715 959 Sed
754 921 859 960 tum
885 911 987 960 fere
1015 913 1246 973 Pericles,
1284 916 1525 983 Xantippi

186 990 330 1050 filius,
367 991 429 1038 de
455 1008 551 1055 quo
576 999 691 1039 ante
718 991 839 1050 dixi,
881 992 1066 1056 primus
1091 993 1316 1042 adhibuit
1342 996 1524 1044 doctri-

186 1085 331 1118 nam:
371 1087 496 1134 quae
540 1087 818 1134 quanquam
858 1079 963 1118 tum
1003 1071 1136 1119 nulla
1173 1082 1275 1120 erat
1302 1073 1521 1134 dicendi,

187 1155 354 1196 tamen
380 1150 440 1197 ab
470 1148 767 1213 Anaxagora
786 1149 991 1214 physico
1018 1150 1256 1210 eruditus,
1283 1153 1523 1201 exercita-

186 1226 373 1276 tionem
417 1228 595 1276 mentis
637 1245 664 1275 a
706 1228 972 1276 reconditis
1011 1230 1340 1294 abstrusisque
1376 1233 1522 1280 rebus

188 1305 252 1353 ad
290 1323 460 1355 causas
502 1306 719 1355 forenses
757 1307 1114 1372 popularesque
1151 1308 1296 1357 facile
1322 1311 1523 1358 tradux-

187 1393 307 1433 erat.
397 1386 561 1450 Hujus
603 1387 841 1434 suavitate
884 1388 1096 1435 maxime
1132 1387 1365 1436 hilaratae
1409 1399 1524 1437 sunt

187 1463 441 1524 Athenae,
471 1465 615 1530 hujus
641 1467 915 1514 ubertatem
942 1475 991 1514 et
1017 1467 1208 1530 copiam
1235 1467 1522 1528 admiratae,

187 1542 408 1606 ejusdem
433 1545 530 1592 vim
558 1545 756 1594 dicendi
793 1554 1128 1609 terroremque
1165 1547 1454 1596 timuerunt.

255 1623 399 1671 Haec
438 1623 589 1687 igitur
630 1633 762 1672 aetas
808 1625 966 1688 prima
1015 1624 1228 1673 Athenis
1276 1635 1521 1676 oratorem
1562 1620 1662 1680 12.

184 1718 338 1766 prope
378 1701 656 1767 perfectum
696 1702 826 1751 tulit.
897 1703 1007 1751 Nec
1050 1704 1181 1751 enim
1207 1705 1257 1751 in
1283 1707 1520 1755 eonstitu-

187 1781 383 1829 entibus
424 1782 798 1846 rempublicam,
836 1782 1004 1830 necin
1046 1782 1175 1830 bella
1211 1785 1520 1847 gerentibus,

184 1876 279 1908 nec
304 1861 354 1908 in
380 1861 628 1925 impeditis
665 1879 723 1909 ac
760 1878 932 1925 regmn
959 1861 1294 1910 dominatione
1321 1863 1522 1912 devinc-

184 1939 267 1998 tis,
303 1940 438 1988 nasci
486 1940 729 2004 cupiditas
777 1940 977 1987 dicendi
1025 1939 1163 1988 solet.
1260 1941 1400 1989 Pacis
1447 1950 1523 1990 est

187 2035 367 2075 comes,
412 2019 596 2083 otiique
636 2019 784 2077 socia,
827 2028 877 2066 et
909 2018 1013 2082 jam
1051 2020 1179 2066 bene
1222 2020 1522 2069 constitutae

188 2097 402 2146 civitatis
455 2098 591 2162 quasi
644 2097 841 2144 alumna
895 2097 1154 2161 quaedam,
1221 2096 1519 2161 eloquentia.

188 2176 365 2241 Itaque
404 2178 473 2224 ait
511 2176 822 2235 Aristoteles,
866 2192 999 2234 cum,
1036 2175 1237 2223 sublatis
1279 2177 1329 2223 in
1356 2177 1523 2226 Sicilia

186 2257 426 2321 tyrannis,
468 2273 543 2304 res
580 2259 798 2321 privatae
840 2255 990 2319 longo
1030 2254 1286 2303 intervallo
1318 2254 1524 2319 judiciis

186 2344 544 2400 repeterentur,
597 2344 702 2384 tum
744 2336 975 2400 primum,
1026 2333 1158 2398 quod
1207 2343 1334 2382 esset
1377 2344 1524 2384 acuta

186 2413 269 2462 illa
309 2431 431 2479 gens
457 2423 506 2463 et
531 2426 845 2464 controversa
886 2422 1079 2472 natura,
1120 2422 1275 2461 artem
1314 2423 1363 2462 et
1386 2431 1524 2478 prae-

189 2502 334 2558 cepta
360 2494 567 2554 Siculos,
593 2496 831 2543 Coracem
853 2501 902 2540 et
927 2493 1128 2548 Tisiam,
1158 2493 1520 2557 conscripsisse.

190 2572 319 2620 Nam
346 2580 490 2620 antea
531 2572 778 2620 neminem
805 2570 1001 2619 solitum
1026 2570 1118 2625 via,
1157 2586 1250 2617 nec
1276 2579 1398 2628 arte,
1435 2571 1522 2619 sed

189 2647 420 2699 accurate
445 2659 629 2709 tamen,
669 2658 718 2698 et
744 2650 805 2698 de
831 2649 1012 2712 scripto
1036 2647 1293 2712 plerosque
1320 2649 1485 2698 dicere
1507 2669 1520 2699 z

191 2730 497 2794 scriptasque
522 2729 669 2776 fuisse
707 2737 757 2776 et
797 2735 988 2792 paratas
1013 2744 1040 2773 a
1068 2727 1336 2790 Protagora
1361 2743 1524 2777 rerum

191 2808 454 2857 illustrium
497 2807 873 2872 disputationes,
910 2823 1034 2870 qnae
1077 2821 1210 2853 nunc
1237 2822 1525 2856 communes

192 2888 500 2954 appellantur
539 2887 653 2937 loci.
726 2885 876 2945 Quod
899 2885 1031 2934 idem
1062 2883 1237 2934 fecisse
1268 2884 1527 2951 Gorgiam,

1163 2979 1196 3014 X
