2071 3508
528 447 606 483 516
1079 444 1293 484 TOPICA.

527 558 584 598 ut
608 550 769 615 legem
794 551 1083 615 adjutricem
1110 561 1159 600 et
1183 560 1361 601 testem
1384 553 1714 601 adhibeamus.
1780 552 1843 601 In

529 645 626 692 qua
662 646 713 677 re
752 629 830 676 alii
873 631 1006 693 quasi
1033 638 1184 679 status
1209 631 1449 678 exsistunt
1474 632 1606 690 novi,
1648 632 1729 695 qui
1759 647 1841 694 ap-

528 706 773 771 pellantur
807 707 1054 770 legitimae
1088 709 1481 772 disceptationes.
1553 708 1684 755 Tum
1709 708 1840 756 enim

530 784 813 833 defenditur
837 802 936 832 non
971 787 1023 833 id
1058 786 1214 850 legem
1251 787 1429 843 dicere,
1468 788 1599 851 quod
1623 788 1844 835 adversa-

529 863 628 910 rius
652 863 789 921 velit,
825 863 911 910 sed
935 863 1083 911 aliud.
1154 864 1214 911 Id
1240 873 1403 912 autem
1434 865 1691 929 contingit,
1731 879 1844 911 cum

531 941 765 1004 scriptum
790 941 1073 1004 ambiguum
1101 949 1188 997 est,
1216 950 1272 989 ut
1292 942 1416 989 duae
1436 943 1713 991 differentes
1738 958 1843 990 sen-

530 1019 714 1066 tentiae
739 1019 896 1081 accipi
920 1018 1125 1081 possint.
1195 1018 1327 1066 Tum
1364 1021 1626 1083 opponitur
1661 1020 1843 1083 scripto

530 1096 754 1144 volun-tas
791 1095 1054 1158 scriptoris,
1092 1104 1149 1142 ut
1184 1104 1444 1158 quaeratur
1467 1099 1678 1144 verbane
1717 1097 1842 1161 plus,

530 1190 593 1220 an
618 1174 861 1221 sententia
885 1172 1045 1220 valere
1071 1173 1265 1221 debeat.
1337 1174 1468 1220 Tum
1492 1173 1590 1237 legi
1624 1174 1705 1221 lex
1731 1190 1844 1221 con-

530 1252 680 1299 traria·
700 1251 913 1299 affertur.
984 1251 1062 1298 Ita
1086 1259 1200 1299 sunt
1223 1251 1316 1298 tria
1338 1267 1539 1315 genera,
1582 1267 1705 1314 quae
1731 1266 1847 1298 con·
1870 1239 1875 1244 ’

529 1330 814 1378 troversiam
839 1330 890 1376 in
916 1330 1048 1377 omni
1074 1329 1254 1393 scripto
1289 1329 1452 1377 facere
1486 1337 1704 1393 possunt,
1748 1345 1847 1376 am-

529 1409 754 1472 biguum,
779 1407 1106 1470 discrepantia
1125 1406 1293 1471 scripti
1318 1414 1369 1455 et
1390 1406 1673 1466 volunta-tis,
1698 1406 1846 1471 scrip-

530 1494 581 1535 ta
606 1486 863 1535 contraria.

595 1565 705 1614 Jam
743 1564 838 1612 hoc
879 1565 1191 1628 perspicuum
1223 1573 1314 1624 est,
1350 1581 1448 1612 non
1475 1564 1629 1628 magis
1652 1564 1704 1611 in
1725 1563 1846 1629 legi-

529 1645 638 1702 bus,
675 1660 820 1707 quam
846 1643 897 1689 in
921 1643 1246 1699 testamentis,
1282 1643 1333 1689 in
1358 1643 1769 1707 stipulationibus,
1793 1643 1847 1690 in

530 1721 728 1785 reliquis
752 1721 914 1779 rebus,
957 1711 1080 1783 quae
1119 1736 1180 1765 ex
1223 1720 1409 1783 scripto
1433 1728 1661 1783 aguntur,
1704 1737 1846 1784 posse

531 1799 886 1848 controversias
911 1798 1106 1845 easdem
1132 1797 1380 1844 exsistere.
1453 1798 1647 1845 Horum
1671 1806 1847 1846 tracta-

530 1879 690 1926 tiones
731 1877 782 1923 111
824 1876 927 1923 aliis
967 1875 1101 1923 libris
1143 1875 1467 1938 explicantur.
1537 1876 1646 1923 Nec
1689 1876 1845 1924 solum

529 1963 798 2021 perpetuae
834 1954 1070 2012 action-es,
1113 1953 1200 2000 sed
1235 1953 1383 2001 etiam
1423 1960 1586 2016 partes
1616 1954 1846 2003 orationis

529 2034 703 2081 iisdem
727 2032 848 2079 locis
873 2031 1185 2095 adjuvantur,
1216 2031 1393 2094 partim
1418 2031 1639 2095 propriis,
1668 2033 1845 2096 partim

533 2110 904 2159 communibus:
942 2117 998 2156 ut
1032 2109 1083 2155 in
1118 2108 1383 2172 principiis,
1423 2109 1597 2171 quibus
1624 2117 1677 2157 ut
1699 2109 1845 2158 bene-

472 2246 475 2249 1
529 2189 647 2246 voli,
682 2195 739 2235 ut
763 2186 961 2242 dociles,
1000 2194 1056 2233 ut
1079 2185 1256 2233 attenti
1282 2185 1393 2241 sint,
1428 2185 1510 2248 qui
1535 2186 1753 2245 audiant,
1778 2187 1847 2234 ef-

529 2265 795 2315 ficiendum
822 2272 895 2311 est
917 2263 1123 2327 propriis
1147 2262 1281 2310 locis.
1354 2263 1579 2326 Itemque
1615 2265 1847 2313 narratio-

530 2361 636 2402 nes,
671 2350 727 2390 ut
751 2342 813 2390 ad
838 2358 948 2389 suos
972 2340 1092 2388 fines
1116 2348 1357 2404 spectent,
1394 2340 1446 2387 id
1471 2348 1561 2398 est,
1593 2347 1650 2388 ut
1671 2341 1845 2405 planae

530 2423 642 2478 sint,
680 2430 737 2469 ut
769 2422 960 2477 breves,
995 2416 1064 2466 ut'
1087 2419 1357 2477 evidentes,
1394 2427 1449 2466 ut
1479 2419 1755 2478 credibiles,
1789 2428 1846 2468 ut

512 2507 764 2557 ‘moratae,
800 2505 856 2544 ut
881 2512 998 2544 cumr
1019 2495 1290 2558 dignitate:
1330 2512 1453 2558 quae
1483 2511 1760 2558 quanquam
1794 2497 1847 2544 in

527 2587 634 2626 tota
659 2576 877 2624 oratione
899 2590 1002 2622 esse
1022 2573 1223 2631 debent,
1250 2573 1402 2636 magis
1421 2581 1585 2620 tamen
1606 2582 1720 2620 sunt
1736 2586 1846 2638 pro-

529 2656 635 2720 pria
659 2653 889 2702 narranti.
962 2652 1102 2708 Quae
1138 2661 1303 2698 autem
1341 2651 1655 2714 consequitur
1685 2667 1845 2701 narra-

528 2734 716 2782 tionem
739 2731 877 2788 fides,
914 2746 969 2777 ea
993 2730 1335 2793 persuadendo
1364 2729 1593 2793 quoniam
1619 2728 1844 2789 efficitur,

531 2811 613 2874 qui
639 2811 700 2857 ad
724 2807 1117 2872 persuadendum
1139 2807 1235 2855 loci
1261 2808 1472 2854 maxime
1496 2806 1708 2866 valeant,
1744 2807 1845 2856 dic-

532 2897 637 2936 tum
678 2895 752 2936 est
790 2887 841 2934 in
881 2886 958 2944 iis,
998 2885 1049 2933 in
1087 2886 1261 2949 quibus
1297 2886 1359 2933 de
1394 2885 1528 2934 omni
1561 2885 1750 2933 ratione
1774 2885 1844 2933 di-
