2071 3508
352 1522 460 1562 111.

356 2073 463 2114 112.

357 2542 464 2582 113.

485 377 564 414 130
976 374 1053 413 DE
1083 373 1351 414 ORATORE

486 499 550 532 ex
589 483 840 548 ambiguo,
877 483 1224 532 controversia.
1311 483 1442 532 Nam
1478 481 1602 531 illud
1631 483 1813 548 ipsum,

487 581 602 614 cum
627 564 862 628 scriptum
879 580 906 610 a
930 563 1175 611 sententia
1199 562 1457 627 discrepat,
1479 579 1638 626 genus
1662 562 1815 627 quod-

488 644 602 693 dam
625 643 776 691 habet
800 641 1018 705 ambigui
1040 661 1052 700 ;
1093 641 1226 704 quod
1249 648 1356 689 tum
1381 641 1674 706 explicatur,
1700 656 1815 689 cum

488 740 547 772 ea
585 722 753 778 verba,
789 736 913 782 quae
953 718 1151 776 desunt,
1186 727 1419 783 suggesta
1453 728 1599 768 sunt:
1638 720 1818 784 quibus

489 803 687 860 additis,
724 799 1025 856 defenditur,
1051 798 1346 846 sententiam
1371 800 1538 864 scripti
1569 798 1818 864 perspicu-

488 900 567 931 am
608 880 756 928 fuisse
779 899 791 937 ;
832 884 882 924 et
923 893 985 923 ex
1016 875 1270 924 contrariis
1296 876 1488 940 scriptis
1512 878 1551 924 si
1576 877 1695 940 quid
1719 892 1818 924 am-

487 960 692 1024 bigitur,
727 972 829 1004 non
853 971 1035 1003 novum
1074 971 1231 1018 genus
1254 954 1491 1013 nascitur,
1527 955 1614 1003 sed
1639 954 1820 1017 superi-

489 1040 585 1088 oris
625 1035 820 1101 generis
859 1050 1005 1082 causa
1048 1032 1360 1097 duplicatur:
1400 1033 1550 1097 idque
1588 1040 1675 1081 aut
1697 1048 1822 1080 nun-

491 1133 637 1183 quam
663 1113 922 1178 dijudicari
945 1112 1146 1176 poterit,
1179 1120 1265 1160 aut
1287 1112 1356 1159 ita
1375 1111 1740 1176 dijudicabitur,
1765 1119 1824 1160 ut

490 1194 760 1245 referendis
784 1191 1060 1257 praeteritis
1084 1191 1264 1250 verbis,
1300 1190 1352 1238 id
1376 1191 1632 1255 scriptum,
1669 1190 1823 1254 quod-

491 1290 688 1339 cunque
732 1272 1066 1330 defendimUS,
1104 1270 1404 1335 suppleatur.
1480 1271 1559 1319 Ita
1582 1270 1654 1330 fit,
1689 1278 1748 1318 ut
1769 1287 1823 1318 u-

490 1370 610 1401 num
634 1369 793 1416 genus
816 1352 867 1398 in
891 1351 948 1398 iis
986 1350 1162 1408 causis,
1199 1366 1324 1413 quae
1347 1357 1549 1414 propter
1585 1349 1823 1414 scriptum

492 1432 828 1495 ambiguntur,
882 1428 1206 1492 relinquatur,
1260 1428 1298 1475 si
1342 1435 1416 1476 est
1463 1428 1699 1492 scriptum
1740 1426 1824 1475 ali-

493 1511 615 1575 quid
639 1509 885 1572 ambigue.
958 1507 1324 1570 Ambiguorum
1366 1514 1532 1555 autem
1571 1505 1825 1571 complura

492 1605 676 1654 genera
702 1594 844 1635 sunt:
886 1602 1011 1650 quae
1035 1585 1156 1632 mihi
1190 1584 1422 1633 videntur
1452 1586 1486 1632 ii
1518 1584 1692 1649 melius
1716 1601 1826 1633 nos-

494 1685 564 1727 se,
601 1667 684 1731 qui
724 1665 971 1714 dialectici
1013 1663 1355 1728 appellantur3
1404 1665 1455 1711 hi
1480 1673 1646 1713 autem
1671 1663 1822 1713 nostri

492 1747 739 1811 ignorare,
776 1744 860 1808 qui
902 1759 1002 1790 non
1044 1743 1205 1790 minus
1230 1759 1372 1791 nosse
1415 1743 1661 1792 debeant:
1715 1751 1822 1792 tum

492 1824 616 1873 illud
640 1833 714 1872 est
737 1822 1189 1886 frequentissimum
1224 1822 1276 1868 in
1301 1822 1434 1870 omni
1465 1822 1823 1871 consuetudine

493 1904 572 1952 vel
610 1902 862 1957 sermonis,
905 1900 985 1948 vel
1026 1900 1210 1964 scripti,
1256 1916 1369 1948 cum
1410 1900 1599 1949 idcirco
1640 1901 1824 1966 aliquid

496 1982 780 2046 ambigitur,
834 1979 966 2043 quod
1015 1987 1101 2026 aut
1145 1980 1366 2036 verbum,
1421 1988 1505 2028 aut
1542 1981 1692 2029 verba
1731 1981 1828 2030 sint

495 2060 850 2127 praetermissa.
922 2058 1111 2106 Iterum
1147 2066 1313 2106 autem
1336 2067 1568 2123 peccant,
1605 2077 1718 2109 cum
1741 2077 1826 2125 ge·

496 2158 588 2188 nus
610 2140 707 2187 hoc
744 2154 1018 2195 causarum,
1059 2137 1194 2200 quod
1229 2137 1279 2184 in
1304 2139 1473 2202 scripti
1496 2139 1827 2203 interpretati-

497 2236 592 2267 one
631 2225 870 2275 versatur,
912 2217 971 2264 ab
1013 2215 1106 2262 illis
1148 2216 1320 2272 causis,
1364 2217 1414 2263 in
1440 2217 1634 2281 quibus,
1670 2217 1827 2281 qualis

499 2312 722 2361 quaeque
741 2312 817 2343 res
836 2295 916 2353 sit,
936 2294 1257 2358 disceptatur,
1274 2294 1562 2359 sejungunt:
1583 2312 1825 2360 nusquam

498 2375 631 2423 enim
668 2381 770 2421 tam
806 2371 1073 2435 quaeritur,
1109 2371 1252 2435 quale
1276 2372 1338 2420 sit
1361 2389 1518 2436 genus
1541 2373 1701 2438 ipsum
1736 2374 1827 2433 rei,

499 2469 645 2517 quam
683 2451 734 2497 in
770 2450 972 2514 scripto,
1008 2450 1141 2514 quod
1164 2458 1326 2498 totum
1351 2468 1379 2498 a
1401 2450 1520 2499 sacti
1546 2458 1827 2501 controver-

498 2531 567 2580 sia
591 2537 868 2594 separatum
894 2536 983 2576 est.
1054 2529 1131 2576 Ita
1154 2529 1248 2576 tria
1271 2537 1386 2577 sunt
1404 2530 1604 2578 omnino
1627 2547 1828 2595 genera,

498 2627 623 2675 quae
648 2609 699 2655 in
736 2607 1144 2671 disceptationem
1170 2615 1221 2655 et
1245 2608 1626 2656 controversiam
1651 2609 1828 2658 cadere

497 2695 736 2754 possunt:
774 2686 896 2751 quid
929 2685 1031 2744 fiat,
1066 2685 1274 2746 factum,
1309 2686 1594 2736 futurumve
1627 2688 1707 2747 sit,
1741 2697 1826 2736 aut

500 2767 642 2832 quale
668 2767 745 2823 sit,
768 2774 854 2814 aut
878 2765 1126 2830 quomodo
1151 2766 1462 2815 nominetur:
1491 2783 1604 2815 nam
1630 2774 1681 2816 et
1703 2766 1827 2815 illud

501 2846 719 2910 quidem,
751 2845 885 2911 quod
910 2844 1108 2910 quidam
1134 2844 1317 2894 Graeci
1341 2844 1636 2911 adjungunt,
1669 2854 1827 2895 recte-
