2071 3508
291 752 401 793 265.

433 402 488 440 90
689 395 766 434 DE
796 396 1065 436 ORATORE
1093 397 1261 437 LIBER
1291 397 1513 438 PRIMUS.

433 522 588 572 pones
613 522 685 562 ea,
713 521 837 570 quae
862 508 947 555 abs
987 513 1038 554 te
1082 507 1143 555 de
1179 506 1349 556 officiis
1382 506 1758 573 praeceptisque

435 585 638 635 oratoris
679 584 899 649 quaesita
931 593 1080 634 sunt:
1118 586 1223 645 sed,
1261 587 1448 651 opinor,
1487 585 1760 635 secundum

435 664 568 712 hunc
593 663 724 712 diem
746 682 757 711 :
797 663 912 712 satis
937 664 1069 713 enim
1093 664 1248 713 multa
1271 683 1300 713 a
1323 665 1463 714 nobis
1486 665 1634 714 hodie
1659 665 1760 714 dic-

434 750 487 791 ta
510 750 639 791 sunt.
709 742 861 791 Nunc
886 750 938 791 et
962 742 1211 801 Scaevola,
1239 744 1469 809 quoniam
1493 744 1545 792 in
1569 743 1759 793 Tuscu-

433 822 600 870 lanum
624 822 694 870 ire
721 822 991 879 constituit,
1018 822 1220 887 paulum
1249 823 1540 887 requiescet,
1568 822 1685 870 dum
1710 839 1762 872 se

434 901 568 949 calor
590 900 821 966 frangat3
859 909 911 950 et
937 918 1026 951 nos
1049 902 1160 967 ipsi,
1198 902 1429 967 quoniam
1453 902 1506 950 id
1529 902 1762 967 temporis

433 987 526 1038 est,
549 980 822 1029 valetudini
846 980 1018 1029 demus
1043 997 1257 1045 operam.
1328 980 1523 1029 Placuit
1557 980 1625 1028 sic
1662 996 1763 1028 om-

432 1058 592 1108 nibus.
653 1059 786 1106 Tum
811 1059 1065 1118 Scaevola,
1090 1059 1232 1116 Sane,
1257 1059 1437 1124 inquit,
1459 1058 1638 1108 vellem
1662 1074 1762 1107 non

432 1137 816 1193 constituissem,
848 1138 899 1184 in
942 1138 1280 1186 Tusculanum
1315 1154 1395 1186 me
1418 1138 1567 1187 hodie
1590 1145 1763 1186 ventu-

433 1230 543 1261 rum
568 1229 689 1269 esse,
716 1212 922 1261 Laelio:
959 1214 1171 1262 libenter
1209 1215 1429 1264 audirem
1466 1216 1761 1266 Antonium.

434 1291 519 1350 Et,
558 1306 673 1340 cum
698 1298 1006 1355 exsurgeret,
1039 1291 1183 1339 simul
1223 1293 1458 1353 arridens,
1500 1295 1678 1358 Neque
1717 1296 1765 1344 e-

435 1370 553 1426 nim,
593 1369 769 1434 inquit,
813 1377 913 1418 tam
961 1370 1080 1418 mihi
1121 1371 1354 1421 molestus
1389 1372 1502 1432 fuit,
1534 1374 1667 1438 quod
1681 1373 1764 1438 jus

435 1456 656 1497 nostrum
700 1447 843 1496 civile
879 1449 1120 1513 pervellit,
1164 1467 1310 1515 quam
1325 1450 1596 1516 jucundus,
1633 1454 1765 1518 quod

436 1542 488 1576 se
512 1527 565 1576 id
588 1527 777 1577 nescire
803 1527 1054 1578 confessus
1077 1537 1167 1579 est.
