2071 3508
483 405 560 443 146
954 405 1031 445 DE
1061 404 1327 446 ORATORE

483 511 666 559 omnino
707 513 836 561 haud
865 516 1033 577 placet.
1105 515 1202 563 Sed
1236 523 1401 562 tamen
1439 513 1560 560 haee
1592 520 1666 561 est
1689 527 1818 565 meare

482 591 743 649 sententia,
783 609 928 655 quam
965 594 1165 641 videbar
1206 593 1513 657 exposuisse:
1559 592 1673 656 Ego
1706 591 1799 638 ista

482 670 644 717 studia
679 687 778 717 non
813 670 1053 734 improbo,
1089 671 1340 718 moderata
1364 671 1510 718 modo
1536 671 1659 718 sint:
1698 668 1800 733 opi-

482 749 681 796 nionem
706 750 908 796 istorum
934 749 1225 807 studiorum,
1264 758 1314 796 et
1338 749 1662 812 suspicionem
1688 746 1799 794 arti-

481 827 599 886 ficii,
623 828 754 892 apud
779 845 875 884 eos,
904 828 985 891 qui
1015 844 1089 874 res
1106 827 1351 890 judicent,
1377 828 1555 875 oratori
1579 827 1800 874 adversa-

480 907 600 954 riam
639 924 741 954 esse
778 907 981 954 arbitror
1003 927 1014 965 3
1054 906 1300 952 imminuit
1337 906 1467 952 enim
1509 913 1559 958 et
1599 903 1802 951 oratoris

483 986 846 1043 auctoritatem,
872 992 921 1033 et
945 984 1175 1031 orationis
1193 984 1356 1030 fidem.

342 1059 445 1119 38,
550 1064 647 1110 Sed
695 1067 774 1127 (ut
815 1080 873 1110 eo
914 1071 1190 1120 revocetur,
1237 1062 1368 1109 unde
1404 1062 1501 1108 hue
1538 1060 1804 1109 declinavit

342 1151 450 1194 157.
485 1141 663 1201 oratio)
712 1158 773 1188 ex
821 1141 974 1188 tribus
1020 1141 1123 1186 istis
1171 1139 1444 1186 clarissimis
1483 1138 1799 1202 philosophiS,

483 1235 604 1282 quos
632 1219 842 1265 Romam
866 1219 1055 1265 venisse
1081 1217 1265 1275 dixisti,
1294 1217 1496 1264 videsne
1522 1217 1802 1280 Diogenem

477 1297 647 1355 fuisse,
685 1296 768 1360 qui
805 1295 1009 1353 diceret,
1034 1304 1189 1342 artem
1214 1312 1263 1342 se
1288 1295 1481 1342 tradere
1504 1296 1632 1341 bene
1657 1293 1804 1340 disse-

478 1375 639 1433 rendi,
675 1382 725 1422 et
749 1391 862 1421 vera
886 1392 943 1421 ac
968 1374 1087 1421 falsa
1123 1373 1444 1437 dijudicandi,
1486 1389 1632 1435 quam
1656 1371 1806 1420 verbo

481 1453 678 1501 Graeco
702 1452 941 1499 Διαλεκτικήν
966 1451 1234 1515 appellaret
1255 1451 1270 1498 ?
1309 1451 1367 1497 In
1386 1450 1479 1498 hac
1498 1458 1621 1509 arte,
1640 1449 1679 1497 si
1702 1466 1803 1497 mo-

481 1532 546 1579 do
587 1540 661 1579 est
700 1531 823 1578 haee
865 1548 959 1589 ars,
997 1530 1185 1577 nullum
1226 1538 1298 1577 est
1332 1538 1670 1594 praeceptum,
1706 1545 1802 1594 quo

480 1611 628 1658 modo
668 1627 839 1658 verum
880 1610 1173 1664 inveniatur,
1213 1608 1299 1656 sed
1338 1616 1531 1656 tantum
1579 1615 1666 1663 est,
1706 1624 1803 1671 quo

338 1694 447 1733 158.
479 1689 629 1736 modo
657 1688 926 1752 judicetur.
998 1689 1126 1735 Nam
1169 1695 1219 1734 et
1254 1704 1417 1745 omne,
1454 1687 1586 1750 quod
1621 1686 1802 1750 eloqui-

470 1784 588 1814 ·mu1·
613 1767 700 1826 sic,
724 1774 782 1814 ut
804 1767 857 1813 id
880 1774 965 1814 aut
989 1783 1092 1814 esse
1118 1766 1355 1824 dieamus,
1371 1774 1456 1813 aut
1479 1782 1579 1813 non
1605 1782 1728 1824 esse,
1753 1773 1804 1814 et

472 1847 519 1893 si
560 1846 845 1909 simpliciter
878 1846 1066 1893 dictum
1105 1846 1183 1904 sit,
1223 1846 1496 1909 suscipiunt
1538 1845 1799 1901 dialectici,

478 1932 536 1971 ut
551 1923 796 1987 judicent,
824 1940 1058 1971 verumne
1095 1925 1170 1980 sit,
1199 1940 1261 1971 an
1291 1923 1500 1983 falsum3
1539 1931 1589 1972 et
1613 1924 1651 1971 si
1687 1940 1801 1971 con-

472 2002 649 2067 juncte
675 2004 737 2051 sit
760 2002 961 2061 elatum,
987 2011 1037 2050 et
1061 2003 1294 2066 adjuncta
1309 2003 1404 2050 sint
1429 2003 1538 2061 alia,
1554 2002 1802 2066 judicent,

479 2089 682 2129 rectene
707 2081 939 2145 adjuncta
964 2081 1078 2140 sint,
1116 2089 1166 2128 et
1196 2098 1374 2129 verane
1400 2098 1587 2129 summa
1612 2083 1674 2130 sit
1696 2082 1802 2129 uni-

480 2159 777 2222 uscujusque
818 2160 1048 2218 rationis3
1106 2167 1156 2207 et
1196 2160 1258 2207 ad
1300 2169 1575 2208 extremum
1614 2161 1706 2224 ipsi
1752 2178 1803 2209 se

481 2245 825 2300 compungunt
849 2236 945 2283 suis
970 2237 1294 2295 acuminibus,
1319 2246 1368 2285 et
1392 2237 1546 2285 multa
1570 2256 1804 2302 quaerens

484 2314 566 2371 do,
590 2314 841 2376 reperiunt
866 2330 964 2361 non
989 2314 1137 2361 modo
1174 2332 1249 2372 ea,
1287 2332 1412 2377 quae
1438 2314 1541 2378 jam
1572 2332 1672 2362 non
1694 2334 1802 2380 pos-

483 2391 580 2439 sint
603 2392 694 2454 ipsi
720 2391 1001 2449 dissolvere,
1038 2392 1124 2438 sed
1154 2392 1301 2439 etiam
1326 2393 1501 2455 quibus
1525 2401 1639 2440 ante
1665 2410 1802 2442 exor-

343 2485 450 2528 159,
484 2487 552 2528 sa,
569 2478 619 2517 et
641 2469 804 2533 potius
829 2469 1029 2516 detexta
1052 2485 1223 2532 prope,
1242 2476 1542 2518 retexantur.
1595 2471 1696 2519 Hic
1715 2489 1803 2522 nos

482 2547 634 2611 igitur
659 2546 851 2594 Stoicus
874 2546 965 2593 iste
990 2547 1110 2592 nihil
1135 2546 1350 2611 adjuvat,
1381 2548 1610 2611 quoniam
1635 2564 1803 2612 quem-

485 2623 751 2672 admodum
775 2623 1020 2670 inveniam
1046 2623 1164 2686 quid
1189 2622 1367 2682 dicam,
1392 2640 1490 2671 non
1516 2624 1696 2685 docet3
1735 2635 1803 2675 at-

485 2719 582 2766 que
606 2703 738 2750 idem
763 2701 909 2748 etiam
934 2701 1159 2764 impedit,
1194 2702 1327 2764 quod
1357 2710 1407 2749 et
1430 2702 1585 2751 multa
1606 2705 1804 2768 reperit,

486 2797 610 2844 quae
648 2788 799 2843 negat
836 2779 935 2826 ullo
977 2779 1123 2826 modo
1157 2796 1298 2842 posse
1335 2779 1549 2838 dissolvi,
1575 2789 1624 2828 et
1645 2797 1802 2844 genus

488 2857 722 2904 sermonis
769 2856 909 2904 affert
947 2873 1046 2904 non
1083 2856 1342 2920 liquidum,
1383 2873 1483 2904 non
1521 2857 1704 2917 fusum,
1744 2876 1802 2909 ac

489 2934 753 2998 profluens,
778 2934 867 2984 sed
889 2935 1036 2995 exile,
1061 2932 1269 2995 aridum,
1294 2935 1545 2984 concisum
1569 2952 1626 2984 ac
1650 2935 1807 2986 minu-

2012 2813 2055 3508 ΜΜΨῊΎ
2032 2659 2054 2803 ’zvar-⁴
2034 2613 2047 2650 ιν
2032 2555 2060 2603 'pap
2035 2495 2060 2548 ξμς
2036 2459 2054 2483 ,1,
2051 2446 2054 2451 ¹
2040 2411 2053 2435 tv
2039 2394 2054 2402 3
2037 2342 2053 2386 ,Β
