<?xml version="1.0" encoding="UTF-8"?>
<!DOCTYPE html PUBLIC "-//W3C//DTD XHTML 1.0 Transitional//EN"
    "http://www.w3.org/TR/xhtml1/DTD/xhtml1-transitional.dtd">
<html xmlns="http://www.w3.org/1999/xhtml" xml:lang="en" lang="en">
 <head>
  <title>
</title>
<meta http-equiv="Content-Type" content="text/html;charset=utf-8" />
  <meta name='ocr-system' content='tesseract 3.04.00' />
  <meta name='ocr-capabilities' content='ocr_page ocr_carea ocr_par ocr_line ocrx_word'/>
</head>
<body>
  <div class='ocr_page' id='page_1' title='image "./deoratorelibrit00ciceuoft_0219.png"; bbox 0 0 2071 3508; ppageno 0'>
   <div class='ocr_carea' id='block_1_1' title="bbox 676 398 1601 439">
    <p class='ocr_par' dir='ltr' id='par_1_1' title="bbox 676 398 1601 439">
     <span class='ocr_line' id='line_1_1' title="bbox 676 398 1601 439; baseline -0.001 0"><span class='ocrx_word' id='word_1_1' title='bbox 676 401 843 439; x_wconf 90' lang='lat' dir='ltr'>LIBER</span> <span class='ocrx_word' id='word_1_2' title='bbox 865 398 1171 438; x_wconf 90' lang='lat' dir='ltr'>SECUNDUS.</span> <span class='ocrx_word' id='word_1_3' title='bbox 1527 402 1601 438; x_wconf 74' lang='lat'>211</span> 
     </span>
    </p>
   </div>
   <div class='ocr_carea' id='block_1_2' title="bbox 256 505 1744 3014">
    <p class='ocr_par' dir='ltr' id='par_1_2' title="bbox 256 505 1744 3014">
     <span class='ocr_line' id='line_1_2' title="bbox 271 505 1599 577; baseline -0.005 -16"><span class='ocrx_word' id='word_1_4' title='bbox 271 508 653 577; x_wconf 85' lang='lat' dir='ltr'>EpaminondaS,</span> <span class='ocrx_word' id='word_1_5' title='bbox 680 508 948 571; x_wconf 88' lang='lat' dir='ltr'>Philippus,</span> <span class='ocrx_word' id='word_1_6' title='bbox 973 505 1279 564; x_wconf 82' lang='lat' dir='ltr'>Alexander,</span> <span class='ocrx_word' id='word_1_7' title='bbox 1299 505 1477 569; x_wconf 90' lang='lat' dir='ltr'>aliique</span> <span class='ocrx_word' id='word_1_8' title='bbox 1496 506 1599 555; x_wconf 87' lang='lat' dir='ltr'>lau-</span> 
     </span>
     <span class='ocr_line' id='line_1_3' title="bbox 267 584 1594 647; baseline -0.004 -8"><span class='ocrx_word' id='word_1_9' title='bbox 267 591 460 639; x_wconf 86' lang='lat' dir='ltr'>dantur.</span> <span class='ocrx_word' id='word_1_10' title='bbox 545 586 757 634; x_wconf 86' lang='lat' dir='ltr'>Nostrae</span> <span class='ocrx_word' id='word_1_11' title='bbox 798 584 1126 643; x_wconf 84' lang='lat' dir='ltr'>laudationes,</span> <span class='ocrx_word' id='word_1_12' title='bbox 1175 584 1353 647; x_wconf 86' lang='lat' dir='ltr'>quibus</span> <span class='ocrx_word' id='word_1_13' title='bbox 1395 584 1444 630; x_wconf 89' lang='lat' dir='ltr'>in</span> <span class='ocrx_word' id='word_1_14' title='bbox 1487 585 1594 634; x_wconf 86' lang='lat' dir='ltr'>foro</span> 
     </span>
     <span class='ocr_line' id='line_1_4' title="bbox 267 663 1598 726; baseline -0.004 -11"><span class='ocrx_word' id='word_1_15' title='bbox 267 670 467 726; x_wconf 89' lang='lat' dir='ltr'>utimur,</span> <span class='ocrx_word' id='word_1_16' title='bbox 492 673 577 713; x_wconf 89' lang='lat' dir='ltr'>aut</span> <span class='ocrx_word' id='word_1_17' title='bbox 595 664 864 714; x_wconf 88' lang='lat' dir='ltr'>testimonii</span> <span class='ocrx_word' id='word_1_18' title='bbox 881 664 1177 712; x_wconf 86' lang='lat' dir='ltr'>brevitatem</span> <span class='ocrx_word' id='word_1_19' title='bbox 1203 663 1388 711; x_wconf 88' lang='lat' dir='ltr'>habent</span> <span class='ocrx_word' id='word_1_20' title='bbox 1414 663 1598 710; x_wconf 85' lang='lat' dir='ltr'>nudam</span> 
     </span>
     <span class='ocr_line' id='line_1_5' title="bbox 266 740 1600 810; baseline -0.004 -16"><span class='ocrx_word' id='word_1_21' title='bbox 266 755 412 810; x_wconf 88' lang='lat' dir='ltr'>atque</span> <span class='ocrx_word' id='word_1_22' title='bbox 453 745 748 803; x_wconf 82' lang='lat' dir='ltr'>inornatam,</span> <span class='ocrx_word' id='word_1_23' title='bbox 788 752 873 792; x_wconf 88' lang='lat' dir='ltr'>aut</span> <span class='ocrx_word' id='word_1_24' title='bbox 911 743 1192 791; x_wconf 87' lang='lat' dir='ltr'>scribuntur</span> <span class='ocrx_word' id='word_1_25' title='bbox 1234 742 1297 790; x_wconf 90' lang='lat' dir='ltr'>ad</span> <span class='ocrx_word' id='word_1_26' title='bbox 1337 740 1600 790; x_wconf 84' lang='lat' dir='ltr'>funebrem</span> 
     </span>
     <span class='ocr_line' id='line_1_6' title="bbox 266 821 1600 889; baseline -0.001 -17"><span class='ocrx_word' id='word_1_27' title='bbox 266 825 574 881; x_wconf 89' lang='lat' dir='ltr'>concionem,</span> <span class='ocrx_word' id='word_1_28' title='bbox 613 841 737 889; x_wconf 90' lang='lat' dir='ltr'>quae</span> <span class='ocrx_word' id='word_1_29' title='bbox 780 823 843 871; x_wconf 90' lang='lat' dir='ltr'>ad</span> <span class='ocrx_word' id='word_1_30' title='bbox 880 823 1114 871; x_wconf 87' lang='lat' dir='ltr'>orationis</span> <span class='ocrx_word' id='word_1_31' title='bbox 1155 821 1353 870; x_wconf 90' lang='lat' dir='ltr'>laudem</span> <span class='ocrx_word' id='word_1_32' title='bbox 1396 822 1600 871; x_wconf 84' lang='lat' dir='ltr'>minime</span> 
     </span>
     <span class='ocr_line' id='line_1_7' title="bbox 262 901 1602 965; baseline -0.001 -14"><span class='ocrx_word' id='word_1_33' title='bbox 262 903 640 951; x_wconf 87' lang='lat' dir='ltr'>accommodata</span> <span class='ocrx_word' id='word_1_34' title='bbox 665 912 753 951; x_wconf 86' lang='lat' dir='ltr'>est.</span> <span class='ocrx_word' id='word_1_35' title='bbox 826 903 923 950; x_wconf 87' lang='lat' dir='ltr'>Sed</span> <span class='ocrx_word' id='word_1_36' title='bbox 959 911 1145 960; x_wconf 85' lang='lat' dir='ltr'>tamen,</span> <span class='ocrx_word' id='word_1_37' title='bbox 1183 901 1415 965; x_wconf 88' lang='lat' dir='ltr'>quoniam</span> <span class='ocrx_word' id='word_1_38' title='bbox 1442 910 1517 949; x_wconf 90' lang='lat' dir='ltr'>est</span> <span class='ocrx_word' id='word_1_39' title='bbox 1549 918 1602 949; x_wconf 92' lang='lat' dir='ltr'>u-</span> 
     </span>
     <span class='ocr_line' id='line_1_8' title="bbox 264 981 1603 1048; baseline -0.002 -17"><span class='ocrx_word' id='word_1_40' title='bbox 264 983 472 1031; x_wconf 89' lang='lat' dir='ltr'>tendum</span> <span class='ocrx_word' id='word_1_41' title='bbox 508 982 792 1048; x_wconf 88' lang='lat' dir='ltr'>aliquando,</span> <span class='ocrx_word' id='word_1_42' title='bbox 828 999 1184 1046; x_wconf 85' lang='lat' dir='ltr'>nonnunquam</span> <span class='ocrx_word' id='word_1_43' title='bbox 1211 982 1359 1029; x_wconf 88' lang='lat' dir='ltr'>etiam</span> <span class='ocrx_word' id='word_1_44' title='bbox 1386 981 1603 1029; x_wconf 87' lang='lat' dir='ltr'>scriben-</span> 
     </span>
     <span class='ocr_line' id='line_1_9' title="bbox 264 1060 1602 1122; baseline -0.002 -11"><span class='ocrx_word' id='word_1_45' title='bbox 264 1062 404 1122; x_wconf 88' lang='lat' dir='ltr'>dum,</span> <span class='ocrx_word' id='word_1_46' title='bbox 427 1062 566 1111; x_wconf 87' lang='lat' dir='ltr'>velut</span> <span class='ocrx_word' id='word_1_47' title='bbox 603 1063 655 1110; x_wconf 92' lang='lat' dir='ltr'>P.</span> <span class='ocrx_word' id='word_1_48' title='bbox 684 1063 939 1111; x_wconf 87' lang='lat' dir='ltr'>Tuberoni</span> <span class='ocrx_word' id='word_1_49' title='bbox 979 1061 1274 1110; x_wconf 85' lang='lat' dir='ltr'>Africanum</span> <span class='ocrx_word' id='word_1_50' title='bbox 1299 1060 1602 1109; x_wconf 79' lang='lat' dir='ltr'>avunculum</span> 
     </span>
     <span class='ocr_line' id='line_1_10' title="bbox 260 1141 1598 1207; baseline -0.001 -18"><span class='ocrx_word' id='word_1_51' title='bbox 260 1141 484 1191; x_wconf 87' lang='lat' dir='ltr'>laudanti</span> <span class='ocrx_word' id='word_1_52' title='bbox 521 1143 715 1207; x_wconf 83' lang='lat' dir='ltr'>scripsit</span> <span class='ocrx_word' id='word_1_53' title='bbox 751 1143 808 1191; x_wconf 91' lang='lat' dir='ltr'>C.</span> <span class='ocrx_word' id='word_1_54' title='bbox 837 1142 1070 1201; x_wconf 81' lang='lat' dir='ltr'>Laelius3</span> <span class='ocrx_word' id='word_1_55' title='bbox 1110 1141 1188 1189; x_wconf 86' lang='lat' dir='ltr'>vel</span> <span class='ocrx_word' id='word_1_56' title='bbox 1213 1150 1269 1189; x_wconf 92' lang='lat' dir='ltr'>ut</span> <span class='ocrx_word' id='word_1_57' title='bbox 1293 1141 1598 1205; x_wconf 84' lang='lat' dir='ltr'>nosmetipsi,</span> 
     </span>
     <span class='ocr_line' id='line_1_11' title="bbox 263 1220 1600 1284; baseline -0.001 -14"><span class='ocrx_word' id='word_1_58' title='bbox 263 1222 471 1270; x_wconf 89' lang='lat' dir='ltr'>ornandi</span> <span class='ocrx_word' id='word_1_59' title='bbox 514 1239 678 1281; x_wconf 86' lang='lat' dir='ltr'>causa,</span> <span class='ocrx_word' id='word_1_60' title='bbox 718 1222 1027 1271; x_wconf 89' lang='lat' dir='ltr'>Graecorum</span> <span class='ocrx_word' id='word_1_61' title='bbox 1071 1237 1225 1279; x_wconf 88' lang='lat' dir='ltr'>more,</span> <span class='ocrx_word' id='word_1_62' title='bbox 1263 1221 1301 1268; x_wconf 87' lang='lat' dir='ltr'>si</span> <span class='ocrx_word' id='word_1_63' title='bbox 1339 1238 1459 1284; x_wconf 89' lang='lat' dir='ltr'>quos</span> <span class='ocrx_word' id='word_1_64' title='bbox 1485 1220 1600 1268; x_wconf 77' lang='lat' dir='ltr'>veli-</span> 
     </span>
     <span class='ocr_line' id='line_1_12' title="bbox 264 1301 1601 1366; baseline 0 -18"><span class='ocrx_word' id='word_1_65' title='bbox 264 1318 391 1360; x_wconf 87' lang='lat' dir='ltr'>mus,</span> <span class='ocrx_word' id='word_1_66' title='bbox 409 1301 609 1350; x_wconf 87' lang='lat' dir='ltr'>laudare</span> <span class='ocrx_word' id='word_1_67' title='bbox 634 1302 907 1366; x_wconf 87' lang='lat' dir='ltr'>possimus;</span> <span class='ocrx_word' id='word_1_68' title='bbox 948 1301 1009 1348; x_wconf 90' lang='lat' dir='ltr'>sit</span> <span class='ocrx_word' id='word_1_69' title='bbox 1035 1318 1062 1347; x_wconf 90' lang='lat' dir='ltr'>a</span> <span class='ocrx_word' id='word_1_70' title='bbox 1087 1301 1227 1348; x_wconf 84' lang='lat' dir='ltr'>nobis</span> <span class='ocrx_word' id='word_1_71' title='bbox 1253 1317 1449 1364; x_wconf 87' lang='lat' dir='ltr'>quoque</span> <span class='ocrx_word' id='word_1_72' title='bbox 1475 1309 1601 1348; x_wconf 87' lang='lat' dir='ltr'>trac-</span> 
     </span>
     <span class='ocr_line' id='line_1_13' title="bbox 260 1379 1744 1445; baseline 0 -15"><span class='ocrx_word' id='word_1_73' title='bbox 260 1390 392 1430; x_wconf 84' lang='lat' dir='ltr'>tatus</span> <span class='ocrx_word' id='word_1_74' title='bbox 416 1382 456 1428; x_wconf 90' lang='lat' dir='ltr'>is</span> <span class='ocrx_word' id='word_1_75' title='bbox 479 1381 631 1430; x_wconf 89' lang='lat' dir='ltr'>locus.</span> <span class='ocrx_word' id='word_1_76' title='bbox 705 1381 1026 1445; x_wconf 80' lang='lat' dir='ltr'>Perspicuum</span> <span class='ocrx_word' id='word_1_77' title='bbox 1064 1388 1138 1428; x_wconf 86' lang='lat' dir='ltr'>est</span> <span class='ocrx_word' id='word_1_78' title='bbox 1172 1380 1343 1443; x_wconf 81' lang='lat' dir='ltr'>igitur,</span> <span class='ocrx_word' id='word_1_79' title='bbox 1376 1379 1469 1427; x_wconf 87' lang='lat' dir='ltr'>alia</span> <span class='ocrx_word' id='word_1_80' title='bbox 1495 1397 1599 1429; x_wconf 82' lang='lat' dir='ltr'>esse</span> <span class='ocrx_word' id='word_1_81' title='bbox 1633 1391 1744 1430; x_wconf 67' lang='lat'>342.</span> 
     </span>
     <span class='ocr_line' id='line_1_14' title="bbox 260 1458 1599 1525; baseline -0.001 -18"><span class='ocrx_word' id='word_1_82' title='bbox 260 1461 312 1508; x_wconf 89' lang='lat' dir='ltr'>in</span> <span class='ocrx_word' id='word_1_83' title='bbox 338 1460 536 1508; x_wconf 87' lang='lat' dir='ltr'>homine</span> <span class='ocrx_word' id='word_1_84' title='bbox 562 1461 796 1525; x_wconf 87' lang='lat' dir='ltr'>optanda,</span> <span class='ocrx_word' id='word_1_85' title='bbox 834 1459 927 1506; x_wconf 80' lang='lat' dir='ltr'>alia</span> <span class='ocrx_word' id='word_1_86' title='bbox 950 1458 1213 1506; x_wconf 86' lang='lat' dir='ltr'>laudanda.</span> <span class='ocrx_word' id='word_1_87' title='bbox 1286 1458 1479 1517; x_wconf 86' lang='lat' dir='ltr'>Genus,</span> <span class='ocrx_word' id='word_1_88' title='bbox 1504 1458 1599 1507; x_wconf 90' lang='lat' dir='ltr'>for-</span> 
     </span>
     <span class='ocr_line' id='line_1_15' title="bbox 260 1538 1602 1603; baseline 0.001 -17"><span class='ocrx_word' id='word_1_89' title='bbox 260 1555 358 1598; x_wconf 90' lang='lat' dir='ltr'>ma,</span> <span class='ocrx_word' id='word_1_90' title='bbox 382 1540 527 1598; x_wconf 83' lang='lat' dir='ltr'>vires,</span> <span class='ocrx_word' id='word_1_91' title='bbox 553 1556 685 1603; x_wconf 90' lang='lat' dir='ltr'>opes,</span> <span class='ocrx_word' id='word_1_92' title='bbox 715 1539 930 1594; x_wconf 80' lang='lat' dir='ltr'>divitiae,</span> <span class='ocrx_word' id='word_1_93' title='bbox 961 1546 1254 1602; x_wconf 87' lang='lat' dir='ltr'>caeteraque</span> <span class='ocrx_word' id='word_1_94' title='bbox 1280 1555 1406 1602; x_wconf 89' lang='lat' dir='ltr'>quae</span> <span class='ocrx_word' id='word_1_95' title='bbox 1447 1538 1602 1587; x_wconf 85' lang='lat' dir='ltr'>fortu-</span> 
     </span>
     <span class='ocr_line' id='line_1_16' title="bbox 262 1618 1602 1682; baseline 0.001 -16"><span class='ocrx_word' id='word_1_96' title='bbox 262 1635 325 1666; x_wconf 88' lang='lat' dir='ltr'>na</span> <span class='ocrx_word' id='word_1_97' title='bbox 350 1619 450 1675; x_wconf 88' lang='lat' dir='ltr'>det,</span> <span class='ocrx_word' id='word_1_98' title='bbox 479 1627 564 1666; x_wconf 89' lang='lat' dir='ltr'>aut</span> <span class='ocrx_word' id='word_1_99' title='bbox 590 1619 912 1673; x_wconf 77' lang='lat' dir='ltr'>extrinseCUS,</span> <span class='ocrx_word' id='word_1_100' title='bbox 941 1626 1026 1665; x_wconf 91' lang='lat' dir='ltr'>aut</span> <span class='ocrx_word' id='word_1_101' title='bbox 1052 1618 1264 1682; x_wconf 88' lang='lat' dir='ltr'>corpori,</span> <span class='ocrx_word' id='word_1_102' title='bbox 1289 1634 1389 1665; x_wconf 91' lang='lat' dir='ltr'>non</span> <span class='ocrx_word' id='word_1_103' title='bbox 1414 1618 1602 1668; x_wconf 86' lang='lat' dir='ltr'>habent</span> 
     </span>
     <span class='ocr_line' id='line_1_17' title="bbox 260 1697 1597 1761; baseline 0.001 -17"><span class='ocrx_word' id='word_1_104' title='bbox 260 1697 311 1744; x_wconf 92' lang='lat' dir='ltr'>in</span> <span class='ocrx_word' id='word_1_105' title='bbox 356 1714 407 1745; x_wconf 85' lang='lat' dir='ltr'>se</span> <span class='ocrx_word' id='word_1_106' title='bbox 442 1714 608 1746; x_wconf 84' lang='lat' dir='ltr'>veram</span> <span class='ocrx_word' id='word_1_107' title='bbox 647 1697 880 1757; x_wconf 82' lang='lat' dir='ltr'>laudem3</span> <span class='ocrx_word' id='word_1_108' title='bbox 934 1715 1058 1761; x_wconf 88' lang='lat' dir='ltr'>quae</span> <span class='ocrx_word' id='word_1_109' title='bbox 1102 1697 1271 1745; x_wconf 87' lang='lat' dir='ltr'>deberi</span> <span class='ocrx_word' id='word_1_110' title='bbox 1306 1698 1478 1746; x_wconf 86' lang='lat' dir='ltr'>virtuti</span> <span class='ocrx_word' id='word_1_111' title='bbox 1515 1701 1597 1746; x_wconf 88' lang='lat' dir='ltr'>uni</span> 
     </span>
     <span class='ocr_line' id='line_1_18' title="bbox 260 1777 1596 1842; baseline -0.001 -18"><span class='ocrx_word' id='word_1_112' title='bbox 260 1784 495 1841; x_wconf 89' lang='lat' dir='ltr'>putatur:</span> <span class='ocrx_word' id='word_1_113' title='bbox 535 1777 623 1825; x_wconf 91' lang='lat' dir='ltr'>sed</span> <span class='ocrx_word' id='word_1_114' title='bbox 646 1785 834 1836; x_wconf 84' lang='lat' dir='ltr'>tamen,</span> <span class='ocrx_word' id='word_1_115' title='bbox 871 1777 1005 1841; x_wconf 88' lang='lat' dir='ltr'>quod</span> <span class='ocrx_word' id='word_1_116' title='bbox 1041 1778 1144 1842; x_wconf 90' lang='lat' dir='ltr'>ipsa</span> <span class='ocrx_word' id='word_1_117' title='bbox 1174 1777 1329 1824; x_wconf 85' lang='lat' dir='ltr'>virtus</span> <span class='ocrx_word' id='word_1_118' title='bbox 1354 1777 1405 1824; x_wconf 90' lang='lat' dir='ltr'>in</span> <span class='ocrx_word' id='word_1_119' title='bbox 1432 1795 1596 1825; x_wconf 87' lang='lat' dir='ltr'>earum</span> 
     </span>
     <span class='ocr_line' id='line_1_19' title="bbox 260 1856 1599 1916; baseline 0.001 -14"><span class='ocrx_word' id='word_1_120' title='bbox 260 1872 424 1904; x_wconf 90' lang='lat' dir='ltr'>rerum</span> <span class='ocrx_word' id='word_1_121' title='bbox 465 1873 558 1904; x_wconf 90' lang='lat' dir='ltr'>usu</span> <span class='ocrx_word' id='word_1_122' title='bbox 606 1874 662 1905; x_wconf 91' lang='lat' dir='ltr'>ac</span> <span class='ocrx_word' id='word_1_123' title='bbox 711 1856 1051 1904; x_wconf 87' lang='lat' dir='ltr'>moderatione</span> <span class='ocrx_word' id='word_1_124' title='bbox 1100 1856 1314 1904; x_wconf 77' lang='lat' dir='ltr'>maxime</span> <span class='ocrx_word' id='word_1_125' title='bbox 1363 1857 1599 1916; x_wconf 80' lang='lat' dir='ltr'>cernitur,</span> 
     </span>
     <span class='ocr_line' id='line_1_20' title="bbox 259 1935 1599 1984; baseline 0.002 -3"><span class='ocrx_word' id='word_1_126' title='bbox 259 1935 519 1983; x_wconf 87' lang='lat' dir='ltr'>tractanda</span> <span class='ocrx_word' id='word_1_127' title='bbox 561 1936 709 1984; x_wconf 90' lang='lat' dir='ltr'>etiam</span> <span class='ocrx_word' id='word_1_128' title='bbox 751 1936 801 1982; x_wconf 92' lang='lat' dir='ltr'>in</span> <span class='ocrx_word' id='word_1_129' title='bbox 838 1935 1203 1982; x_wconf 86' lang='lat' dir='ltr'>laudationibus</span> <span class='ocrx_word' id='word_1_130' title='bbox 1228 1935 1352 1983; x_wconf 86' lang='lat' dir='ltr'>haec</span> <span class='ocrx_word' id='word_1_131' title='bbox 1378 1943 1493 1984; x_wconf 89' lang='lat' dir='ltr'>sunt</span> <span class='ocrx_word' id='word_1_132' title='bbox 1517 1952 1599 1984; x_wconf 86' lang='lat' dir='ltr'>na-</span> 
     </span>
     <span class='ocr_line' id='line_1_21' title="bbox 261 2013 1598 2076; baseline 0.001 -16"><span class='ocrx_word' id='word_1_133' title='bbox 261 2021 399 2061; x_wconf 86' lang='lat' dir='ltr'>turae</span> <span class='ocrx_word' id='word_1_134' title='bbox 439 2022 491 2062; x_wconf 90' lang='lat' dir='ltr'>et</span> <span class='ocrx_word' id='word_1_135' title='bbox 531 2014 761 2062; x_wconf 88' lang='lat' dir='ltr'>fortunae</span> <span class='ocrx_word' id='word_1_136' title='bbox 800 2015 963 2061; x_wconf 83' lang='lat' dir='ltr'>bona:</span> <span class='ocrx_word' id='word_1_137' title='bbox 1016 2013 1067 2059; x_wconf 93' lang='lat' dir='ltr'>in</span> <span class='ocrx_word' id='word_1_138' title='bbox 1106 2013 1284 2076; x_wconf 87' lang='lat' dir='ltr'>quibus</span> <span class='ocrx_word' id='word_1_139' title='bbox 1310 2022 1384 2061; x_wconf 90' lang='lat' dir='ltr'>est</span> <span class='ocrx_word' id='word_1_140' title='bbox 1410 2031 1598 2063; x_wconf 89' lang='lat' dir='ltr'>summa</span> 
     </span>
     <span class='ocr_line' id='line_1_22' title="bbox 258 2091 1599 2156; baseline 0.001 -17"><span class='ocrx_word' id='word_1_141' title='bbox 258 2092 364 2140; x_wconf 88' lang='lat' dir='ltr'>laus</span> <span class='ocrx_word' id='word_1_142' title='bbox 391 2109 490 2140; x_wconf 93' lang='lat' dir='ltr'>non</span> <span class='ocrx_word' id='word_1_143' title='bbox 515 2092 749 2141; x_wconf 85' lang='lat' dir='ltr'>extulisse</span> <span class='ocrx_word' id='word_1_144' title='bbox 776 2109 826 2140; x_wconf 89' lang='lat' dir='ltr'>se</span> <span class='ocrx_word' id='word_1_145' title='bbox 851 2093 901 2139; x_wconf 91' lang='lat' dir='ltr'>in</span> <span class='ocrx_word' id='word_1_146' title='bbox 927 2101 1193 2156; x_wconf 86' lang='lat' dir='ltr'>potestate,</span> <span class='ocrx_word' id='word_1_147' title='bbox 1230 2108 1330 2139; x_wconf 92' lang='lat' dir='ltr'>non</span> <span class='ocrx_word' id='word_1_148' title='bbox 1354 2091 1504 2141; x_wconf 86' lang='lat' dir='ltr'>fuisse</span> <span class='ocrx_word' id='word_1_149' title='bbox 1529 2094 1599 2141; x_wconf 91' lang='lat' dir='ltr'>in-</span> 
     </span>
     <span class='ocr_line' id='line_1_23' title="bbox 261 2171 1599 2236; baseline 0 -16"><span class='ocrx_word' id='word_1_150' title='bbox 261 2171 502 2220; x_wconf 86' lang='lat' dir='ltr'>solentem</span> <span class='ocrx_word' id='word_1_151' title='bbox 549 2173 601 2219; x_wconf 92' lang='lat' dir='ltr'>in</span> <span class='ocrx_word' id='word_1_152' title='bbox 647 2172 879 2236; x_wconf 89' lang='lat' dir='ltr'>pecunia,</span> <span class='ocrx_word' id='word_1_153' title='bbox 922 2188 1022 2219; x_wconf 91' lang='lat' dir='ltr'>non</span> <span class='ocrx_word' id='word_1_154' title='bbox 1070 2188 1120 2219; x_wconf 86' lang='lat' dir='ltr'>se</span> <span class='ocrx_word' id='word_1_155' title='bbox 1167 2171 1457 2235; x_wconf 86' lang='lat' dir='ltr'>praetulisse</span> <span class='ocrx_word' id='word_1_156' title='bbox 1494 2173 1599 2220; x_wconf 75' lang='lat' dir='ltr'>aliis</span> 
     </span>
     <span class='ocr_line' id='line_1_24' title="bbox 258 2250 1600 2317; baseline 0.002 -18"><span class='ocrx_word' id='word_1_157' title='bbox 258 2260 460 2317; x_wconf 86' lang='lat' dir='ltr'>propter</span> <span class='ocrx_word' id='word_1_158' title='bbox 484 2251 839 2299; x_wconf 87' lang='lat' dir='ltr'>abundantiam</span> <span class='ocrx_word' id='word_1_159' title='bbox 875 2250 1139 2310; x_wconf 81' lang='lat' dir='ltr'>fortunae3</span> <span class='ocrx_word' id='word_1_160' title='bbox 1184 2260 1240 2298; x_wconf 92' lang='lat' dir='ltr'>ut</span> <span class='ocrx_word' id='word_1_161' title='bbox 1272 2267 1391 2316; x_wconf 86' lang='lat' dir='ltr'>opes</span> <span class='ocrx_word' id='word_1_162' title='bbox 1427 2260 1478 2300; x_wconf 89' lang='lat' dir='ltr'>et</span> <span class='ocrx_word' id='word_1_163' title='bbox 1519 2270 1600 2302; x_wconf 90' lang='lat' dir='ltr'>co-</span> 
     </span>
     <span class='ocr_line' id='line_1_25' title="bbox 260 2329 1598 2397; baseline 0.001 -18"><span class='ocrx_word' id='word_1_164' title='bbox 260 2331 370 2397; x_wconf 87' lang='lat' dir='ltr'>piae</span> <span class='ocrx_word' id='word_1_165' title='bbox 395 2348 495 2379; x_wconf 92' lang='lat' dir='ltr'>non</span> <span class='ocrx_word' id='word_1_166' title='bbox 521 2330 778 2395; x_wconf 86' lang='lat' dir='ltr'>superbiae</span> <span class='ocrx_word' id='word_1_167' title='bbox 803 2330 1065 2378; x_wconf 85' lang='lat' dir='ltr'>videantur</span> <span class='ocrx_word' id='word_1_168' title='bbox 1083 2347 1141 2378; x_wconf 90' lang='lat' dir='ltr'>ac</span> <span class='ocrx_word' id='word_1_169' title='bbox 1166 2329 1377 2386; x_wconf 82' lang='lat' dir='ltr'>libidini,</span> <span class='ocrx_word' id='word_1_170' title='bbox 1403 2332 1490 2380; x_wconf 87' lang='lat' dir='ltr'>sed</span> <span class='ocrx_word' id='word_1_171' title='bbox 1514 2334 1598 2381; x_wconf 92' lang='lat' dir='ltr'>bo-</span> 
     </span>
     <span class='ocr_line' id='line_1_26' title="bbox 259 2409 1598 2461; baseline 0.002 -3"><span class='ocrx_word' id='word_1_172' title='bbox 259 2411 402 2459; x_wconf 84' lang='lat' dir='ltr'>nitati</span> <span class='ocrx_word' id='word_1_173' title='bbox 427 2428 485 2460; x_wconf 90' lang='lat' dir='ltr'>ac</span> <span class='ocrx_word' id='word_1_174' title='bbox 501 2411 829 2459; x_wconf 89' lang='lat' dir='ltr'>moderationi</span> <span class='ocrx_word' id='word_1_175' title='bbox 852 2409 1144 2459; x_wconf 87' lang='lat' dir='ltr'>facultatem</span> <span class='ocrx_word' id='word_1_176' title='bbox 1164 2418 1215 2458; x_wconf 88' lang='lat' dir='ltr'>et</span> <span class='ocrx_word' id='word_1_177' title='bbox 1233 2411 1488 2459; x_wconf 86' lang='lat' dir='ltr'>materiam</span> <span class='ocrx_word' id='word_1_178' title='bbox 1515 2414 1598 2461; x_wconf 85' lang='lat' dir='ltr'>de-</span> 
     </span>
     <span class='ocr_line' id='line_1_27' title="bbox 260 2490 1743 2554; baseline 0.005 -16"><span class='ocrx_word' id='word_1_179' title='bbox 260 2490 404 2538; x_wconf 88' lang='lat' dir='ltr'>disse.</span> <span class='ocrx_word' id='word_1_180' title='bbox 474 2491 647 2539; x_wconf 89' lang='lat' dir='ltr'>Virtus</span> <span class='ocrx_word' id='word_1_181' title='bbox 685 2498 871 2548; x_wconf 89' lang='lat' dir='ltr'>autem,</span> <span class='ocrx_word' id='word_1_182' title='bbox 911 2507 1035 2554; x_wconf 85' lang='lat' dir='ltr'>quae</span> <span class='ocrx_word' id='word_1_183' title='bbox 1061 2498 1137 2538; x_wconf 89' lang='lat' dir='ltr'>est</span> <span class='ocrx_word' id='word_1_184' title='bbox 1159 2506 1249 2554; x_wconf 86' lang='lat' dir='ltr'>per</span> <span class='ocrx_word' id='word_1_185' title='bbox 1287 2507 1336 2537; x_wconf 87' lang='lat' dir='ltr'>se</span> <span class='ocrx_word' id='word_1_186' title='bbox 1367 2491 1471 2554; x_wconf 91' lang='lat' dir='ltr'>ipsa</span> <span class='ocrx_word' id='word_1_187' title='bbox 1495 2492 1597 2540; x_wconf 84' lang='lat' dir='ltr'>lau·</span> <span class='ocrx_word' id='word_1_188' title='bbox 1630 2505 1743 2547; x_wconf 69' lang='lat'>3453.</span> 
     </span>
     <span class='ocr_line' id='line_1_28' title="bbox 260 2568 1597 2634; baseline 0.003 -18"><span class='ocrx_word' id='word_1_189' title='bbox 260 2568 454 2628; x_wconf 86' lang='lat' dir='ltr'>dabilis,</span> <span class='ocrx_word' id='word_1_190' title='bbox 490 2577 541 2617; x_wconf 92' lang='lat' dir='ltr'>et</span> <span class='ocrx_word' id='word_1_191' title='bbox 578 2570 682 2617; x_wconf 89' lang='lat' dir='ltr'>sine</span> <span class='ocrx_word' id='word_1_192' title='bbox 720 2586 816 2634; x_wconf 91' lang='lat' dir='ltr'>qua</span> <span class='ocrx_word' id='word_1_193' title='bbox 850 2569 971 2615; x_wconf 89' lang='lat' dir='ltr'>nihil</span> <span class='ocrx_word' id='word_1_194' title='bbox 996 2569 1183 2616; x_wconf 88' lang='lat' dir='ltr'>laudari</span> <span class='ocrx_word' id='word_1_195' title='bbox 1207 2576 1392 2633; x_wconf 81' lang='lat' dir='ltr'>potest,</span> <span class='ocrx_word' id='word_1_196' title='bbox 1428 2581 1597 2620; x_wconf 88' lang='lat' dir='ltr'>tamen</span> 
     </span>
     <span class='ocr_line' id='line_1_29' title="bbox 259 2647 1596 2713; baseline 0.004 -18"><span class='ocrx_word' id='word_1_197' title='bbox 259 2648 407 2697; x_wconf 85' lang='lat' dir='ltr'>habet</span> <span class='ocrx_word' id='word_1_198' title='bbox 431 2647 595 2713; x_wconf 85' lang='lat' dir='ltr'>plures</span> <span class='ocrx_word' id='word_1_199' title='bbox 629 2658 812 2712; x_wconf 82' lang='lat' dir='ltr'>partes,</span> <span class='ocrx_word' id='word_1_200' title='bbox 854 2665 1060 2712; x_wconf 87' lang='lat' dir='ltr'>quarum</span> <span class='ocrx_word' id='word_1_201' title='bbox 1103 2647 1196 2696; x_wconf 84' lang='lat' dir='ltr'>alia</span> <span class='ocrx_word' id='word_1_202' title='bbox 1238 2657 1313 2695; x_wconf 85' lang='lat' dir='ltr'>est</span> <span class='ocrx_word' id='word_1_203' title='bbox 1343 2649 1406 2696; x_wconf 88' lang='lat' dir='ltr'>ad</span> <span class='ocrx_word' id='word_1_204' title='bbox 1429 2649 1596 2700; x_wconf 81' lang='lat' dir='ltr'>lauda-</span> 
     </span>
     <span class='ocr_line' id='line_1_30' title="bbox 258 2726 1594 2794; baseline 0.002 -18"><span class='ocrx_word' id='word_1_205' title='bbox 258 2728 446 2776; x_wconf 88' lang='lat' dir='ltr'>tionem</span> <span class='ocrx_word' id='word_1_206' title='bbox 489 2727 662 2791; x_wconf 86' lang='lat' dir='ltr'>aptior.</span> <span class='ocrx_word' id='word_1_207' title='bbox 736 2727 860 2775; x_wconf 85' lang='lat' dir='ltr'>Sunt</span> <span class='ocrx_word' id='word_1_208' title='bbox 902 2728 1038 2773; x_wconf 84' lang='lat' dir='ltr'>enim</span> <span class='ocrx_word' id='word_1_209' title='bbox 1070 2726 1193 2774; x_wconf 87' lang='lat' dir='ltr'>aliae</span> <span class='ocrx_word' id='word_1_210' title='bbox 1218 2727 1443 2787; x_wconf 84' lang='lat' dir='ltr'>virtutes,</span> <span class='ocrx_word' id='word_1_211' title='bbox 1469 2747 1594 2794; x_wconf 86' lang='lat' dir='ltr'>quae</span> 
     </span>
     <span class='ocr_line' id='line_1_31' title="bbox 256 2806 1594 2870; baseline 0.002 -15"><span class='ocrx_word' id='word_1_212' title='bbox 256 2807 490 2855; x_wconf 88' lang='lat' dir='ltr'>videntur</span> <span class='ocrx_word' id='word_1_213' title='bbox 531 2807 580 2854; x_wconf 92' lang='lat' dir='ltr'>in</span> <span class='ocrx_word' id='word_1_214' title='bbox 622 2807 838 2855; x_wconf 90' lang='lat' dir='ltr'>moribus</span> <span class='ocrx_word' id='word_1_215' title='bbox 876 2806 1148 2862; x_wconf 88' lang='lat' dir='ltr'>hominum,</span> <span class='ocrx_word' id='word_1_216' title='bbox 1190 2814 1240 2853; x_wconf 89' lang='lat' dir='ltr'>et</span> <span class='ocrx_word' id='word_1_217' title='bbox 1275 2807 1489 2870; x_wconf 86' lang='lat' dir='ltr'>quadam</span> <span class='ocrx_word' id='word_1_218' title='bbox 1515 2826 1594 2858; x_wconf 91' lang='lat' dir='ltr'>co-</span> 
     </span>
     <span class='ocr_line' id='line_1_32' title="bbox 259 2885 1593 2952; baseline 0.001 -15"><span class='ocrx_word' id='word_1_219' title='bbox 259 2888 431 2938; x_wconf 85' lang='lat' dir='ltr'>mitate</span> <span class='ocrx_word' id='word_1_220' title='bbox 454 2904 513 2937; x_wconf 88' lang='lat' dir='ltr'>ac</span> <span class='ocrx_word' id='word_1_221' title='bbox 531 2887 860 2938; x_wconf 85' lang='lat' dir='ltr'>beneficentia</span> <span class='ocrx_word' id='word_1_222' title='bbox 883 2887 1101 2952; x_wconf 84' lang='lat' dir='ltr'>positae:</span> <span class='ocrx_word' id='word_1_223' title='bbox 1130 2885 1273 2946; x_wconf 86' lang='lat' dir='ltr'>aliae,</span> <span class='ocrx_word' id='word_1_224' title='bbox 1297 2904 1423 2952; x_wconf 85' lang='lat' dir='ltr'>quae</span> <span class='ocrx_word' id='word_1_225' title='bbox 1450 2888 1498 2936; x_wconf 90' lang='lat' dir='ltr'>in</span> <span class='ocrx_word' id='word_1_226' title='bbox 1523 2890 1593 2938; x_wconf 86' lang='lat' dir='ltr'>in-</span> 
     </span>
     <span class='ocr_line' id='line_1_33' title="bbox 1133 2973 1218 3014; baseline -0.024 0"><span class='ocrx_word' id='word_1_227' title='bbox 1133 2982 1162 3014; x_wconf 90' lang='lat'>0</span> <span class='ocrx_word' id='word_1_228' title='bbox 1189 2973 1218 3012; x_wconf 82' lang='lat'><strong>2</strong></span> 
     </span>
    </p>
   </div>
  </div>
 </body>
</html>
