2071 3508
790 380 958 419 LIBER
989 380 1213 420 PRIMUS.
1624 386 1675 426 87

340 491 518 540 sidium
536 488 667 537 enim
683 487 1002 536 bellissimum
1023 489 1252 538 existimo
1277 505 1382 538 esse
1407 494 1673 553 senectuti,

338 570 509 619 otium.
581 565 796 631 Reliqua
818 584 936 616 vero
962 568 1153 616 etiamsi
1189 568 1444 634 adjuvant,
1480 570 1802 621 hist01·i.256.

336 665 415 696 am
440 647 571 705 dico,
597 654 649 694 et
670 645 989 710 prudentiam
1005 646 1131 712 juris
1155 648 1361 713 publici,
1387 658 1439 698 et
1462 650 1674 716 antiqui-

331 726 447 774 tatis
471 726 580 783 iter,
608 734 659 775 et
684 728 1025 794 exemplorum
1051 730 1264 794 copiam,
1284 731 1525 794 siquando
1550 748 1674 797 opus

332 805 441 861 erit,
467 822 497 854 a
520 806 626 855 viro
650 808 859 873 optimo,
897 817 948 857 et
972 808 1077 857 istis
1101 811 1248 858 rebus
1273 810 1674 873 instructissimo,

328 882 558 933 familiari
593 903 722 942 meo,
761 887 995 951 Longino
1031 890 1311 937 mutuabor.
1384 890 1563 954 Neque
1599 908 1674 940 re-

327 964 584 1028 pugnabo,
609 980 708 1028 quo
732 965 894 1014 minus
920 966 997 1030 (id
1017 967 1152 1031 quod
1170 967 1320 1019 modo
1344 968 1569 1018 hortatus
1595 970 1673 1033 es)

329 1042 495 1090 omnia
517 1042 704 1109 legant,
732 1044 899 1093 omnia
923 1045 1147 1105 audiant,
1171 1046 1223 1094 in
1249 1047 1384 1095 omni
1409 1056 1548 1097 recto
1573 1057 1674 1098 stu-

329 1119 413 1169 dio
437 1129 587 1186 atque
612 1122 921 1172 humanitate
946 1132 1235 1172 versentur:
1276 1126 1363 1175 sed
1387 1127 1674 1177 mehercule

329 1217 431 1249 non
455 1201 527 1249 ita
561 1201 772 1250 multum
799 1203 942 1267 spatii
968 1202 1088 1250 mihi
1113 1203 1329 1262 videtur,
1368 1206 1406 1252 si
1442 1207 1592 1255 modo
1618 1225 1677 1256 ea

328 1279 515 1339 facere,
557 1287 608 1328 et
647 1281 877 1346 persequi
918 1280 1103 1338 volent,
1147 1299 1273 1346 quae
1310 1300 1337 1330 a
1373 1292 1442 1343 te,
1481 1286 1682 1346 Crasse,

330 1368 599 1425 praecepta
624 1368 739 1407 sunt
760 1378 771 1407 :
812 1360 895 1424 qui
920 1359 1041 1407 mihi
1065 1377 1220 1425 prope
1246 1362 1395 1410 etiam
1415 1363 1560 1412 nimis
1587 1366 1676 1414 du-

329 1455 406 1487 ras
430 1438 567 1503 leges
592 1439 847 1503 imponere
872 1439 1005 1486 visus
1031 1456 1082 1487 es
1108 1439 1224 1488 huic
1250 1441 1402 1489 aetati
1426 1463 1440 1502 3
1480 1444 1569 1491 sed
1604 1454 1676 1493 ta-

328 1534 446 1566 men
487 1519 551 1567 ad
584 1519 655 1578 id,
692 1518 827 1583 quod
857 1519 1091 1583 cupiunt,
1117 1520 1496 1584 adipiscendum
1517 1540 1675 1590 prope

328 1598 644 1646 necessarias.
716 1598 847 1645 Nam
874 1606 925 1647 et
950 1598 1141 1647 subitae
1166 1599 1230 1647 ad
1257 1602 1534 1666 propositas
1560 1621 1674 1653 cau-
1690 1610 1801 1656 257.

329 1691 404 1725 sas
447 1676 847 1734 exercitationes,
899 1685 950 1725 et
998 1686 1261 1727 accuratae
1304 1688 1356 1728 et
1401 1682 1672 1735 meditatae

329 1756 792 1812 commentationes,
835 1772 893 1804 ac
936 1756 1076 1805 stilus
1117 1756 1201 1806 ille
1242 1766 1377 1819 tuus,
1420 1778 1569 1825 quem
1615 1772 1673 1814 tu

326 1852 441 1886 vere
467 1835 637 1884 dixisti
659 1834 993 1900 perfectorem
1018 1836 1221 1885 dicendi
1256 1855 1362 1886 esse
1401 1857 1460 1890 ac
1496 1844 1674 1908 magis-

328 1922 481 1974 trum,
528 1914 673 1963 multi
715 1914 907 1963 sudoris
950 1923 1042 1975 est,
1084 1924 1136 1964 et
1170 1916 1254 1965 illa
1288 1919 1524 1969 orationis
1555 1938 1674 1972 suae

329 2011 446 2043 cum
488 1995 683 2059 scriptis
731 1994 902 2042 alienis
946 1997 1268 2060 comparatio,
1317 2006 1369 2046 et
1405 1999 1469 2048 de
1510 2000 1674 2051 alieno

329 2074 514 2139 scripto
539 2074 702 2122 subita
725 2073 805 2122 vel
828 2073 1081 2132 laudandi,
1119 2075 1200 2124 vel
1234 2077 1569 2143 vituperandi,
1593 2081 1674 2130 vel

330 2153 709 2218 comprobandi,
755 2152 836 2201 vel
884 2153 1144 2202 refellendi
1193 2173 1340 2204 causa
1383 2157 1673 2224 disputatio,

330 2250 431 2282 non
457 2233 721 2282 mediocris
765 2234 1101 2282 contentionis
1146 2244 1238 2296 est,
1273 2237 1353 2286 vel
1389 2239 1454 2288 ad
1488 2257 1675 2295 memo..

321 2313 478 2376 priam,
502 2312 582 2361 vel
607 2313 670 2361 ad
694 2312 1009 2361 imitandum.

397 2392 533 2441 Illud
556 2409 674 2441 vero
697 2392 795 2440 fuit
818 2392 1071 2453 horribile,
1108 2395 1244 2460 quod
1277 2396 1564 2449 mehercule
1593 2399 1795 2463 νεῖ-61,

330 2488 442 2521 reor
466 2488 529 2520 ne
554 2473 791 2536 majorem
815 2472 916 2519 vim
942 2473 1006 2521 ad
1037 2473 1390 2525 deterrendum
1428 2478 1671 2538 habuerit,
1690 2496 1785 2538 258

333 2567 482 2615 quam
507 2552 570 2599 ad
596 2550 959 2600 cohortandum
983 2571 993 2600 :
1021 2553 1219 2603 voluisti
1245 2557 1376 2604 enim
1402 2558 1451 2604 in
1478 2575 1567 2606 suo
1590 2576 1676 2624 ge-

334 2646 453 2679 nere
475 2647 880 2698 unumquemque
900 2644 1124 2684 nostrum
1145 2639 1282 2702 quasi
1303 2640 1551 2704 quendam
1572 2660 1678 2694 esse

338 2708 579 2758 Roscium
600 2731 614 2771 ;
655 2711 942 2778 dixistique,
985 2730 1084 2762 non
1126 2723 1227 2764 tam
1268 2735 1341 2777 ea,
1379 2737 1505 2784 quae
1541 2734 1680 2774 recta

337 2797 522 2851 essent,
556 2792 769 2858 probari,
814 2811 961 2861 quam
998 2812 1124 2860 quae
1160 2814 1326 2862 prava,
1363 2799 1573 2852 fastidiis
1597 2805 1681 2854 ad-

1277 2897 1305 2928 F
1323 2889 1355 2927 4
