2071 3508
318 797 426 838 151.

310 1824 418 1864 153.

306 2684 411 2724 154.

457 452 535 491 ‘276
939 452 1014 491 DE
1044 451 1313 491 ORATO'RE

460 558 557 607 Sed
575 559 626 606 in
643 559 738 607 hoc
757 560 1015 607 verborum
1034 577 1215 625 genere
1231 559 1536 624 propriorum
1556 557 1778 607 delectus

460 646 534 686 est
559 638 755 701 quidam
779 638 1052 697 habendus,
1077 649 1223 703 atque
1263 640 1303 685 is
1341 637 1529 686 aurium
1566 638 1778 701 quodam

449 715 643 780 judicio
677 717 1055 781 ponderandus:
1093 718 1143 764 in
1169 734 1265 780 quo
1299 715 1605 764 consuetudo
1630 715 1779 763 etiam

457 797 583 844 bene
630 796 863 859 loquendi
911 796 1039 844 valet
1084 796 1362 859 plurimum.
1457 797 1620 844 Etiam
1665 794 1778 849 hoc,

458 875 590 938 quod
614 874 763 937 vulgo
789 875 849 922 de
874 875 1143 921 oratoribus
1169 876 1227 921 ab
1253 874 1490 936 imperitis
1515 874 1613 921 dici
1638 871 1780 929 solet,

459 955 587 1001 bonis
610 955 650 1000 is
672 954 839 1007 verbis,
867 962 951 999 aut
986 952 1153 1013 aliquis
1186 967 1279 997 non
1300 940 1447 997 'bonis
1480 952 1641 1005 utitur,
1679 964 1780 995 non

457 1040 560 1079 arte
585 1031 745 1093 aliqua
767 1030 1105 1093 perpenditur,
1131 1028 1216 1075 sed
1241 1028 1453 1091 quodam
1479 1027 1614 1091 quasi
1639 1034 1781 1073 natu-

455 1109 542 1156 rali
568 1125 711 1156 sensu
727 1107 980 1171 judicatur
1001 1125 1012 1153 :
1051 1107 1102 1152 in
1127 1123 1223 1169 quo
1247 1122 1347 1153 non
1373 1122 1550 1169 magna
1573 1104 1678 1152 laus
1703 1111 1779 1152 est

453 1189 607 1235 vitare
643 1186 835 1243 vitium,
862 1188 1164 1249 (quanquam
1205 1184 1257 1231 id
1297 1193 1371 1232 est
1405 1183 1665 1248 magnum)
1699 1199 1781 1231 ve-

454 1282 563 1313 rum
587 1265 682 1312 hoc
707 1264 842 1327 quasi
868 1263 1023 1311 solum
1043 1263 1291 1326 quoddam
1317 1271 1463 1327 atque
1487 1261 1779 1310 fundamen-

454 1351 560 1391 tum
587 1351 677 1401 est,
702 1343 962 1389 verborum
987 1358 1101 1389 usus
1128 1349 1177 1389 et
1203 1341 1343 1405 copia
1366 1343 1625 1389 bonorum.

522 1422 620 1470 Sed
644 1422 764 1485 quid
787 1422 890 1485 ipse
916 1420 1142 1469 aedificet
1171 1429 1354 1479 orator,
1391 1429 1440 1469 et
1477 1421 1528 1467 in
1565 1436 1663 1483 quo
1698 1418 1779 1467 ad-

411 1537 421 1549 .
446 1500 627 1565 jungat
651 1509 824 1558 artem,
849 1500 901 1547 id
925 1516 1029 1546 esse
1055 1517 1082 1546 a
1106 1499 1245 1547 nobis
1270 1498 1605 1562 quaerendum
1631 1505 1779 1561 atque
1799 1524 1803 1525 ⁷

455 1579 803 1643 explicandum
828 1578 1039 1625 videtur.
1098 1578 1217 1625 Tria
1240 1585 1354 1625 sunt
1377 1577 1528 1640 igitur
1551 1577 1603 1623 in
1626 1578 1778 1625 verbo

453 1657 679 1721 simplici,
705 1673 829 1720 quae
854 1665 1016 1703 orator
1041 1655 1208 1703 afferat
1246 1655 1311 1702 ad
1345 1654 1682 1702 illustrandam
1706 1662 1777 1703 at-

452 1752 547 1798 que
573 1735 903 1783 exornandam
924 1734 1193 1781 orationem
1213 1754 1224 1792 3
1254 1742 1340 1781 aut
1362 1733 1648 1780 inusitatum
1672 1751 1777 1782 ver-

449 1814 586 1871 bum,
628 1821 713 1859 aut
750 1821 1003 1869 novatum,
1041 1821 1127 1859 aut
1159 1811 1464 1859 translatum.
1496 1820 1500 1821 ’
1535 1811 1779 1877 Inusitata

450 1899 565 1939 sunt
588 1891 746 1954 prisca
770 1889 872 1937 fere
899 1906 955 1937 ac
980 1897 1191 1948 vetusta,
1229 1898 1278 1936 et
1302 1891 1361 1937 ab
1385 1906 1478 1937 usu
1503 1890 1775 1954 quotidiani

449 1969 684 2018 sermonis
699 1967 892 2032 jamdiu
915 1968 1206 2026 intermissa,
1233 1985 1356 2032 quae
1382 1976 1495 2016 sunt
1519 1973 1773 2032 poetarum

445 2049 675 2097 licentiae
700 2047 942 2105 liberiora,
968 2063 1113 2110 quam
1138 2054 1361 2094 nostrae:
1401 2047 1488 2094 sed
1510 2055 1678 2095 tamen
1701 2065 1773 2096 ra-

446 2144 500 2175 ro
546 2127 696 2174 habet
736 2125 883 2173 etiam
924 2125 974 2171 in
1016 2125 1235 2172 oratione
1275 2125 1526 2189 poeticum
1573 2125 1773 2190 aliquod

446 2207 650 2253 verbum
676 2205 982 2269 dignitatem.
1054 2204 1231 2268 Neque
1257 2205 1387 2252 enim
1412 2204 1534 2252 illud
1558 2204 1770 2270 fugerim

449 2283 633 2340 dicere,
652 2291 708 2330 ut
734 2282 945 2338 Coelius,
974 2300 1065 2345 qua
1091 2291 1352 2345 tempestate
1376 2286 1570 2332 Poenus
1591 2285 1641 2332 in
1670 2287 1772 2334 Ita-

448 2361 555 2408 liam
578 2362 736 2408 venit:
775 2377 867 2408 nec
897 2362 1097 2423 prolem,
1140 2369 1224 2408 aut
1259 2363 1472 2418 sobolem,
1511 2369 1595 2409 aut
1617 2364 1767 2424 ffzri,

447 2447 532 2486 aut
547 2440 823 2502 nuncupari,
843 2447 941 2494 aut,
968 2447 1024 2486 ut
1042 2447 1098 2486 tu
1117 2438 1259 2497 soles,
1279 2439 1474 2498 Catule,
1499 2456 1591 2487 non
1608 2442 1770 2500 rebar,

447 2526 533 2565 aut
558 2518 787 2580 opinabar
806 2539 824 2576 ;
863 2526 948 2564 aut
973 2517 1065 2565 alia
1089 2517 1262 2576 multa,
1297 2519 1472 2582 quibus
1508 2518 1619 2567 loco
1641 2520 1768 2583 posi-

444 2596 525 2654 tis,
549 2596 780 2660 grandior
815 2605 961 2659 atque
998 2596 1242 2659 antiquior
1266 2597 1420 2644 oratio
1445 2614 1588 2662 saepe
1612 2597 1768 2646 videri
1794 2618 1798 2622 ’

445 2674 583 2722 s'olet.
653 2674 912 2722 Novantur
936 2682 1100 2722 autem
1125 2675 1290 2734 verba,
1315 2692 1439 2739 quae
1474 2677 1534 2724 ab
1571 2692 1646 2732 eo,
1683 2675 1767 2739 qui

446 2752 584 2811 dicit,
609 2753 714 2816 ipso
737 2753 1009 2817 gignuntur
1033 2769 1091 2802 ac
1114 2752 1267 2802 fiunt:
1305 2754 1384 2803 vel
1408 2752 1766 2819 conjungendis

445 2830 603 2879 verbis
620 2850 634 2890 3
671 2839 727 2879 ut
751 2831 892 2891 haec,
