2071 3508
646 439 814 478 LIBER
844 438 1151 480 SECUNDUS.
1495 444 1573 479 ⁶218

250 548 359 608 viri,
383 563 506 613 quae
531 554 604 596 est
627 545 882 595 fructuosa
905 547 1029 606 aliis,
1061 546 1153 611 ipsi
1178 553 1344 594 autem
1368 546 1575 596 laborio-

248 644 319 686 sa,
354 635 438 675 aut
471 625 765 690 periculosa,
802 633 887 673 aut
920 633 1054 674 certe
1086 625 1316 688 gratuita.
1388 623 1579 688 Magna

249 706 396 754 etiam
420 704 502 752 illa
524 704 629 753 laus
655 712 706 752 et
724 704 1023 753 admirabilis
1041 704 1197 752 videri
1223 704 1365 763 solet,
1407 703 1577 752 tulisse

247 799 386 831 casus
418 784 663 854 sapienter
692 784 941 843 adversos,
976 800 1077 832 non
1106 783 1320 832 fractum
1353 800 1458 831 esse
1482 782 1579 831 for-

246 868 385 920 tuna,
404 861 664 910 retinuisse
684 861 735 908 in
754 862 899 910 rebus
920 861 1101 926 asperis
1121 860 1431 925 dignitatem.
1476 861 1577 910 Ne-

245 954 341 1002 que
370 947 537 988 tamen
566 939 649 987 illa
678 956 778 988 non
812 947 1004 997 ornant,
1042 939 1197 988 habiti
1227 939 1457 999 honores,
1494 940 1577 988 de-

244 1026 382 1066 creta
412 1019 608 1067 virtutis
636 1020 868 1084 praemia,
906 1036 983 1068 res
1007 1027 1176 1084 gestae
1193 1018 1396 1083 judiciis
1421 1019 1577 1067 homi-

243 1112 364 1145 num
397 1099 777 1163 comprobatae:
816 1098 867 1145 in
893 1099 1068 1163 quibus
1102 1098 1250 1146 etiam
1283 1097 1573 1146 felicitatem

243 1175 398 1240 ipsam
429 1178 633 1226 deorum
666 1177 1016 1226 immortalium
1043 1177 1237 1242 judicio
1268 1178 1436 1236 tribui,
1472 1177 1575 1224 lau-

244 1254 456 1305 dationis
492 1266 582 1306 est.
655 1257 933 1306 Sumendae
976 1264 1141 1305 autem
1183 1273 1260 1304 res
1302 1263 1448 1304 erunt
1488 1263 1575 1303 aut

243 1335 587 1398 magnitudine
622 1336 958 1401 praestabiles,
995 1343 1080 1383 aut
1114 1335 1333 1383 novitate
1368 1334 1571 1398 primae,

243 1418 329 1458 aut
363 1429 547 1476 genere
582 1414 688 1478 ipso
724 1413 1011 1478 singulares.
1082 1412 1262 1475 Neque
1299 1412 1430 1459 enim
1465 1428 1572 1475 par-

242 1505 351 1549 vae,
392 1508 554 1557 neque
595 1492 823 1551 usitatae,
870 1508 1032 1556 neque
1071 1490 1315 1555 vulgares,
1365 1490 1571 1538 admira·

241 1568 397 1629 tione,
433 1580 518 1619 aut
555 1572 757 1620 omnino
794 1570 940 1618 laude
981 1569 1160 1634 dignae
1198 1569 1356 1617 videri
1395 1568 1569 1618 solent.

240 1646 331 1696 Est
355 1650 503 1697 etiam
529 1667 643 1699 cum
673 1650 880 1699 caeteris
910 1649 1273 1714 praestantibus
1298 1648 1413 1696 viris
1438 1666 1570 1698 com-

238 1729 427 1791 paratio
445 1729 495 1776 in
514 1729 800 1778 laudatione
825 1728 1090 1794 praeclara.
1157 1720 1244 1776 'De
1264 1745 1362 1792 quo
1386 1744 1570 1792 genere

238 1805 434 1856 libitum
459 1817 535 1857 est
558 1809 678 1856 mihi
701 1809 849 1874 paulo
873 1807 1034 1872 plura,
1063 1824 1210 1872 quam
1236 1807 1569 1868 ostenderam,

240 1885 438 1947 dicere3
482 1905 583 1936 non
621 1896 723 1936 tam
761 1895 962 1952 propter
999 1903 1142 1934 usum
1181 1885 1447 1946 forensem,
1486 1887 1570 1950 qui

238 1973 312 2013 est
344 1983 372 2013 a
404 1983 482 2014 me
515 1967 566 2014 in
598 1966 732 2015 omni
761 1967 856 2014 hoc
882 1981 1106 2013 sermone
1131 1972 1384 2022 tractatus,
1423 1982 1569 2029 quam

238 2052 294 2092 ut
323 2045 418 2093 hoc
443 2046 707 2105 videretis3
748 2045 797 2093 Si
815 2044 1123 2092 laudationes
1149 2052 1312 2092 essent
1336 2045 1387 2091 in
1411 2053 1571 2093 orato-

238 2123 303 2170 ris
338 2123 517 2183 officio,
554 2124 687 2189 quod
722 2140 869 2173 nemo
904 2131 1073 2187 negat,
1110 2123 1291 2170 oratori
1329 2122 1570 2170 virtutum

238 2203 459 2250 omnium
498 2204 852 2268 cognitionem,
903 2203 1006 2250 sine
1049 2218 1145 2266 qua
1184 2200 1404 2248 laudatio
1443 2201 1568 2249 effici

238 2297 338 2329 non
370 2283 537 2347 possit,
574 2300 678 2331 esse
707 2282 1048 2331 necessariam.
1118 2281 1230 2330 Jam
1254 2280 1569 2344 vituperandi

236 2370 503 2426 praecepta
536 2362 792 2410 contrariis
817 2378 877 2409 ex
902 2360 1033 2409 vitiis
1066 2358 1306 2408 sumenda
1331 2376 1435 2408 esse
1460 2377 1568 2425 per-

236 2441 462 2503 spicuum
495 2450 584 2490 est.
657 2441 811 2489 Simul
843 2449 918 2489 est
950 2437 1072 2487 ilrud
1104 2447 1218 2487 ante
1251 2438 1437 2496 oculos,
1472 2457 1565 2489 nec

235 2519 421 2566 bonum
457 2521 614 2568 virum
656 2521 852 2585 proprie
889 2528 939 2568 et
980 2519 1176 2583 copiose
1212 2518 1419 2576 laudari,
1461 2518 1566 2568 sine

236 2598 495 2658 virtutum,
534 2615 627 2647 nec
685 2600 964 2663 improbum
1003 2599 1159 2645 notari
1200 2614 1258 2644 ac
1297 2597 1564 2660 vituperari

236 2677 340 2724 sine
378 2677 609 2725 vitiorum
648 2678 952 2741 cognitione,
994 2677 1108 2724 satis
1146 2675 1380 2737 insignite
1413 2684 1562 2740 atque

235 2772 402 2820 aspere
427 2773 585 2820 posse.
647 2757 816 2819 Atque
842 2755 916 2802 his
940 2754 1059 2802 locis
1085 2762 1135 2801 et
1160 2753 1391 2800 laudandi
1418 2762 1469 2802 et
1492 2756 1561 2802 vi-

233 2836 495 2900 tuperandi
528 2852 672 2901 saepe
703 2835 843 2885 nobis
868 2843 941 2883 est
967 2833 1208 2882 utendum
1242 2833 1292 2880 in
1317 2834 1450 2880 omni
1474 2850 1558 2898 ge-

230 2930 347 2964 nere
374 2932 644 2964 causarum.

1141 3008 1170 3037 o
1198 2999 1226 3037 3

1607 868 1718 913 347.

1603 1667 1718 1710 348·

1599 2298 1710 2342 849.
