2071 3508
712 403 1102 444 PARTITIONES.
1498 416 1580 452 459

241 526 369 575 quae
410 512 462 559 in
504 512 821 577 disputando,
857 514 1056 562 uberior
1098 521 1191 573 est,
1227 523 1376 579 atque
1414 516 1574 578 latior,

240 598 292 639 et
315 590 379 639 ad
403 600 566 639 motus
591 591 868 639 animorum
903 591 1140 657 vulgique
1187 609 1357 642 sensus
1382 613 1576 645 accom-

237 670 498 719 modatior.
570 669 750 719 Custos
773 687 892 720 vero
922 672 1165 720 virtutum
1207 674 1452 734 omnium,
1492 678 1575 726 de-

236 748 390 797 decus
413 748 631 814 fugiens,
666 750 966 816 laudemque
1003 752 1219 801 maxime
1245 770 1574 819 consequens,

233 830 536 878 verecundia
577 839 668 880 est.
759 831 930 897 Atque
971 835 1023 882 hi
1066 845 1182 886 sunt
1223 837 1425 902 quidem
1467 838 1573 886 fere

233 910 371 974 quasi
413 912 616 977 quidam
640 912 838 962 habitus
863 915 1033 976 animi,
1071 917 1140 966 sic
1178 917 1343 967 affecti
1380 926 1431 966 et
1455 935 1572 967 con-

233 992 414 1053 stituti,
449 1001 507 1042 ut
531 993 630 1042 sint
665 995 847 1060 singuli
889 996 1020 1046 inter
1058 1015 1109 1046 se
1150 1000 1350 1064 proprio
1374 999 1572 1050 virtutis

228 1091 415 1139 genere
442 1075 698 1136 distincti;
738 1093 766 1124 a
791 1077 967 1141 quibus
992 1087 1049 1126 ut
1074 1096 1299 1144 quaeque
1329 1097 1406 1128 res
1430 1090 1573 1145 gesta

229 1163 324 1214 est,
360 1155 431 1204 ita
455 1155 518 1204 sit
541 1155 752 1204 honesta
782 1173 985 1206 necesse
1024 1167 1116 1218 est,
1153 1177 1443 1224 summeque
1468 1160 1571 1210 lau-

229 1234 421 1283 dabilis.
494 1235 620 1284 Sunt
645 1244 812 1284 autem
838 1237 920 1285 alii
946 1239 1147 1303 quidam
1179 1240 1393 1304 perfecti
1418 1242 1570 1291 animi

226 1313 425 1363 habitus
461 1314 524 1363 ad
548 1316 784 1365 virtutem
822 1319 959 1382 quasi
1000 1320 1244 1384 praeculti
1280 1328 1332 1369 et
1366 1338 1568 1387 praepa-

226 1394 321 1444 rati
359 1395 508 1444 rectis
535 1396 709 1444 studiis
735 1405 786 1446 et
811 1398 1027 1459 artibus3
1068 1408 1143 1459 ut,
1184 1401 1237 1448 in
1278 1401 1377 1448 suis
1401 1402 1569 1464 rebus,-

227 1476 392 1523 studia
431 1475 702 1534 literarum,
741 1485 799 1525 ut
839 1493 1179 1539 numerorum,
1216 1488 1274 1528 ut
1313 1497 1566 1543 sonorum,

224 1562 283 1603 ut
305 1571 585 1615 mensurae,
621 1563 678 1604 ut
719 1556 955 1616 siderum,
990 1565 1048 1606 ut
1090 1576 1349 1623 equorum,
1392 1568 1449 1609 ut
1484 1578 1566 1611 ve-

224 1635 396 1695 nandi,
431 1643 489 1684 ut
532 1652 813 1697 armorum3
861 1637 914 1684 in
951 1641 1317 1700 communibus,
1353 1658 1565 1706 propen-

223 1716 351 1764 siora
376 1715 539 1764 studia
578 1714 631 1763 in
672 1714 838 1780 aliquo
862 1734 1048 1782 genere
1072 1719 1271 1768 virtutis
1294 1721 1565 1786 praecipue

221 1795 450 1852 colendo,
490 1803 576 1843 aut
601 1794 779 1843 divinis
815 1797 963 1844 rebus
988 1797 1334 1859 desewiendo,
1371 1808 1458 1849 aut
1480 1819 1565 1867 pa-

218 1875 459 1932 rentibus,
488 1875 673 1931 amicis,
702 1875 996 1940 hospitibus,
1021 1879 1290 1943 praecipue
1316 1888 1465 1944 atque
1490 1881 1563 1928 in-

219 1956 428 2021 signiter
453 1954 733 2019 diligendis.
807 1955 979 2020 Atque
1015 1957 1140 2006 haec
1183 1958 1385 2022 quidem
1409 1960 1562 2009 virtu-

220 2044 344 2084 tum.
416 2034 668 2082 Vitiorum
710 2042 878 2083 autem
921 2043 1036 2084 sunt
1077 2053 1264 2101 genera
1297 2040 1559 2088 contraria.

220 2116 487 2167 Cei-nenda
511 2124 679 2164 autem
705 2124 821 2164 sunt
853 2115 1134 2181 diligenter,
1180 2135 1243 2166 ne
1285 2118 1461 2168 fallant
1502 2137 1561 2169 ea

218 2216 309 2248 nos
332 2197 471 2256 vitia,
497 2213 622 2261 quae
646 2195 884 2243 virtutem
908 2196 1142 2244 videntur
1167 2197 1364 2246 imitari.
1426 2198 1557 2247 Nam

216 2287 269 2328 et
291 2276 609 2343 prudentiam
634 2275 836 2332 malitia,
876 2283 927 2324 et
968 2278 1348 2342 temperantiam
1387 2278 1558 2328 imma-

215 2358 345 2407 nitas
368 2357 418 2405 in
445 2355 783 2421 voluptatibus
808 2356 1148 2420 aspernandis,
1181 2365 1232 2405 et
1256 2358 1558 2423 magnitudi-

216 2454 332 2486 nem
370 2436 521 2485 animi
563 2435 792 2500 superbia
832 2435 884 2483 in
927 2435 1101 2483 animis
1145 2436 1463 2496 extollendis,
1506 2446 1557 2486 et

216 2516 544 2581 despicientia
579 2516 630 2562 in
664 2515 1045 2563 contemnendis
1083 2515 1366 2572 honoribus,
1413 2523 1464 2563 et
1499 2515 1556 2563 li-

214 2595 526 2645 beralitatem
552 2594 742 2653 effusio,
769 2602 820 2642 et
843 2593 1190 2643 fortitudinem
1216 2594 1425 2643 audacia
1448 2594 1554 2641 imi-

213 2684 366 2735 tatur,
403 2683 453 2723 et
476 2674 768 2739 patientiam
812 2674 994 2722 duritia
1035 2674 1277 2731 immanis,
1326 2682 1377 2722 et
1409 2673 1555 2739 justi-

212 2757 334 2806 tiam
359 2754 620 2814 acerbitas,
658 2762 709 2802 et
732 2753 1025 2818 religionem
1063 2754 1362 2819 superstitio,
1403 2761 1454 2802 et
1487 2752 1556 2801 le-

211 2836 422 2885 nitatem
447 2833 657 2882 mollitia
694 2833 864 2892 animi,
904 2841 955 2880 et
979 2834 1331 2882 verecundiam
1372 2830 1555 2880 timidi-

211 2923 306 2975 tas,
342 2922 393 2964 et
417 2913 552 2963 illam
589 2913 875 2980 disputandi
899 2913 1218 2980 prudentiam
1245 2911 1554 2963 concertatio
