2071 3508
769 372 1142 413 ORATORIBUS.
1548 381 1627 417 359

288 478 783 546 falsajudicarentur3
812 490 863 528 et
879 497 1020 543 quae,
1039 481 1216 544 quibus
1235 481 1422 545 positis,
1442 494 1624 545 essent,

287 575 512 624 quaeque
553 575 654 606 non
690 567 854 605 essent
891 561 1262 622 consequentia.
1354 560 1455 607 Hic
1493 563 1625 611 enim

287 637 455 687 attulit
495 637 623 684 hanc
665 644 820 684 artem
864 637 1084 684 omnium
1123 639 1301 686 artium
1342 639 1626 700 maximam,

286 716 424 779 quasi
459 715 641 775 lucem,
683 710 749 763 ad
775 732 847 772 ea,
888 733 1013 780 quae
1055 715 1262 766 confuse
1299 719 1360 766 ab
1397 718 1502 766 aliis
1541 727 1628 767 aut

285 793 731 858 respondebantur,
768 803 854 843 aut
878 797 1168 860 agebantur.

351 872 684 922 Dialecticam
710 875 829 921 mihi
858 875 1035 924 videris
1056 876 1242 935 dicere,
1262 876 1439 942 inquit.
1496 877 1626 927 Rec-
1655 879 1762 943 42

278 959 345 1009 te,
391 952 613 1017 inquam,
656 954 907 1019 intelligis.
981 955 1079 1004 Sed
1121 955 1348 1020 adjunxit
1390 957 1539 1005 etiam
1577 966 1628 1008 et

279 1031 534 1082 literarum
583 1035 862 1094 scientiam,
927 1043 977 1083 et
1022 1035 1260 1100 loquendi
1308 1036 1627 1101 elegantiam,

282 1129 409 1178 quae
436 1130 498 1162 ex
524 1114 718 1179 scriptis
745 1114 863 1179 erS,
900 1132 1108 1179 quorum
1135 1115 1310 1163 similia
1334 1116 1470 1165 nulla
1493 1126 1628 1179 sunt,

279 1191 515 1241 facillime
563 1194 777 1259 perspici
831 1202 1012 1258 potest.
1119 1195 1347 1259 Cumque
1401 1196 1627 1246 discendi

280 1289 429 1322 causa
470 1274 663 1322 duobus
705 1274 1012 1339 peritissimis
1054 1291 1252 1339 operam
1292 1275 1526 1333 dedisset,
1566 1276 1628 1325 L.

280 1351 478 1401 Lucilio
516 1353 690 1412 Balbo,
728 1353 785 1401 C.
827 1353 1032 1417 Aquilio
1057 1353 1241 1412 Gallo;
1282 1353 1435 1413 Galli,
1471 1354 1630 1402 homi-

278 1433 354 1480 nis
396 1433 532 1481 acuti
576 1440 626 1480 et
662 1433 940 1489 exercitati,
985 1441 1266 1498 promptam
1311 1441 1363 1481 et
1403 1442 1627 1498 paratam

276 1512 329 1559 in
354 1513 550 1576 agendo
593 1521 644 1561 et
669 1513 719 1560 in
745 1512 1094 1578 respondendo
1121 1512 1449 1572 celeritatem,
1476 1514 1628 1562 subti-

276 1592 417 1641 litate
455 1592 815 1657 diligentiaque
859 1592 1143 1656 superavit3
1203 1592 1363 1652 Balbi,
1401 1593 1539 1641 docti
1576 1601 1628 1642 et

277 1672 461 1720 eruditi
507 1673 740 1731 hominis,
799 1672 851 1719 in
898 1680 1108 1736 utraque
1157 1689 1209 1719 re
1259 1672 1624 1721 consideratam

275 1751 564 1800 tarditatem
611 1751 752 1810 vicit,
815 1750 1143 1816 expediendis
1198 1750 1622 1817 conficiendisque

273 1831 437 1880 rebus.
523 1831 603 1880 Sic
646 1839 698 1880 et
737 1831 890 1879 habet
923 1830 1059 1894 quod
1095 1838 1305 1894 uterque
1331 1848 1502 1880 eorum
1539 1832 1623 1881 ha-

273 1912 403 1970 buit,
440 1918 490 1958 et
523 1910 744 1975 explevit
767 1910 903 1974 quod
938 1910 1136 1974 utrique
1174 1909 1349 1958 defuit.
1422 1911 1621 1976 Itaque,

275 1999 334 2039 ut
358 1991 562 2039 Crassus
588 1990 709 2037 mihi
733 1990 931 2038 videtur
956 1990 1225 2054 sapientius
1249 1989 1446 2050 fecisse,
1472 2008 1622 2055 quam

278 2070 514 2119 Scaevola
535 2088 546 2118 z
587 2070 693 2134 (hic
719 2069 852 2117 enim
890 2085 1060 2117 causas
1085 2069 1305 2117 studiose
1330 2071 1621 2135 recipiebat,

274 2150 327 2198 in
353 2151 529 2215 quibus
566 2167 594 2198 a
637 2150 814 2198 Crasso
838 2151 1195 2214 superabatur:
1234 2149 1315 2197 ille
1353 2166 1403 2198 se
1431 2151 1622 2200 consuli

275 2231 497 2290 nolebat,
534 2247 596 2279 ne
622 2247 720 2295 qua
743 2230 793 2277 in
820 2246 872 2277 re
897 2228 1100 2278 inferior
1124 2238 1268 2287 esset,
1302 2247 1448 2295 quam
1476 2232 1620 2281 Scae-

273 2310 410 2372 vola)
431 2311 501 2358 sic
527 2310 724 2359 Servius
750 2309 1124 2374 sapientissime.
1181 2310 1309 2358 Cum
1331 2311 1463 2359 enim
1489 2312 1618 2362 duae

275 2390 444 2439 civiles
470 2398 599 2439 artes
623 2407 681 2438 ac
706 2389 927 2438 forenses
961 2389 1230 2454 plurimum
1266 2398 1317 2439 et
1339 2389 1499 2439 laudis
1535 2392 1619 2441 ha-

273 2472 452 2519 berent
476 2478 527 2518 et
549 2471 770 2535 gratiae3
808 2468 1040 2534 perfecit,
1078 2477 1134 2517 ut
1169 2469 1322 2517 altera
1344 2479 1620 2534 praestaret

273 2550 502 2598 omnibus
524 2568 535 2597 ε
575 2566 638 2597 ex
663 2549 817 2598 altera
841 2557 1034 2597 tantum
1060 2556 1348 2607 assumeret,
1375 2559 1617 2613 quantum

274 2638 419 2686 esset,
456 2637 509 2677 et
531 2629 596 2676 ad
619 2629 863 2676 tuendum
892 2627 975 2692 jus
1017 2626 1182 2685 civile,
1218 2635 1270 2675 et
1302 2628 1364 2675 ad
1389 2629 1615 2678 obtinen-

276 2709 390 2759 dam
416 2707 725 2758 consularem
763 2707 1078 2771 dignitatem,
1121 2706 1251 2754 satis.
1325 2706 1457 2755 Tum
1495 2709 1618 2758 Bru-

274 2797 371 2846 tus,
401 2788 480 2837 Ita
503 2803 719 2854 pr01·SUS,
744 2786 924 2851 inquit,
950 2795 1001 2834 et
1025 2793 1171 2834 antea
1197 2787 1448 2851 putabam.
1514 2790 1619 2838 Au-

275 2869 377 2919 divi
424 2869 557 2920 enim
597 2884 757 2934 nuper
804 2882 918 2916 eum
966 2866 1188 2924 studiose
1234 2874 1285 2916 et
1330 2865 1620 2933 frequenter

877 2962 903 2994 Z
940 2954 972 2994 4·
