2071 3508
749 368 1123 407 ORATORIBUS.
1524 373 1603 410 355

261 482 478 537 praestat
501 477 728 524 omnibus
752 475 1138 533 Demosthenes,
1173 475 1362 523 idcirco
1387 492 1415 522 a
1440 476 1600 527 doctis

261 563 510 603 oratorum
536 562 610 603 est
631 555 863 618 princeps
889 553 1160 617 judicatus.
1231 558 1431 613 Σχήματα
1468 557 1601 605 enim

262 648 388 696 quae
412 641 593 681 vocant
628 632 833 691 Graeci,
869 649 928 680 ea
965 633 1181 681 maxime
1223 641 1401 681 ornant
1439 643 1600 682 orato-

257 726 396 770 rem;
429 727 584 775 eaque
610 727 710 760 non
734 719 835 758 tam
860 711 911 758 in
937 712 1098 760 verbis
1122 712 1386 776 pingendis
1411 713 1598 762 habent

254 787 469 852 pondus,
506 807 653 854 quam
680 791 730 838 in
755 790 1091 839 illuminandis
1117 791 1392 840 sententiis.

317 867 418 916 Sed
455 885 570 918 cum
611 870 736 919 haec
760 887 942 935 magna
965 871 1016 918 in
1043 870 1288 930 Antonio,
1327 881 1434 920 tum
1460 872 1592 921 actio
1629 850 1732 912 38·

252 945 542 1012 singularis:
581 967 708 1014 quae
745 951 784 998 si
818 950 1080 1015 partienda
1115 960 1189 999 est
1225 952 1274 998 in
1299 964 1496 1016 gestum
1521 961 1592 1002 at-

251 1042 349 1090 que
390 1045 582 1086 vocem,
620 1039 790 1094 gestus
827 1038 933 1078 erat
968 1047 1069 1078 non
1104 1032 1255 1079 verba
1290 1032 1591 1096 exprimens,

252 1105 342 1154 sed
365 1124 480 1155 cum
518 1109 777 1157 sententiis
803 1125 1084 1174 congruens
1106 1131 1118 1170 3
1160 1126 1350 1167 manus,
1377 1110 1590 1171 humeri,

248 1183 421 1246 latera,
458 1187 707 1253 supplosio
731 1188 887 1253 pedis,
927 1196 1101 1247 status,
1137 1189 1372 1246 incessus,
1411 1191 1591 1238 omnis-

249 1282 345 1330 que
388 1275 552 1315 motus
594 1284 708 1315 cum
750 1268 929 1328 verbis,
983 1268 1340 1334 sententiisque
1383 1286 1591 1318 consen-

245 1345 406 1394 tiens:
447 1363 545 1395 vox
568 1358 879 1412 permanens,
911 1365 1083 1396 verum
1109 1350 1352 1397 subrauca
1375 1357 1585 1409 natura;

246 1426 336 1473 sed
376 1425 472 1475 hoc
513 1427 689 1475 vitium
731 1426 848 1474 huic
890 1428 976 1474 uni
1013 1428 1065 1474 in
1110 1429 1297 1475 bonum
1344 1429 1586 1477 vertebat.
1646 1415 1651 1419 ι

246 1503 484 1553 Habebat
509 1506 640 1554 enim
676 1505 839 1554 flebile
876 1506 1110 1570 quiddam
1145 1507 1197 1553 in
1222 1508 1589 1571 conquestioni-

242 1584 354 1643 bus,
389 1592 661 1649 aptumque
704 1601 819 1631 cum
855 1584 918 1631 ad
953 1584 1102 1631 fidem
1137 1583 1438 1645 faciendam,
1480 1595 1587 1635 tum

243 1664 308 1712 ad
332 1663 720 1712 misericordiam
758 1663 1200 1711 commovendam:
1242 1672 1299 1712 ut
1322 1655 1494 1714 verum
1519 1669 1589 1716 vi-

244 1744 446 1792 deretur
469 1743 520 1790 in
545 1743 642 1791 hoc
666 1742 807 1799 illud,
841 1743 975 1806 quod
1003 1742 1397 1792 Demosthenem
1422 1744 1591 1796 ferunt

244 1823 308 1883 ei,
350 1823 434 1888 qui
460 1822 782 1887 quaesivisset
806 1821 928 1886 quid
951 1822 1166 1886 primum
1192 1830 1322 1870 esset
1345 1823 1396 1871 in
1422 1825 1591 1874 dicen-

244 1903 327 1962 do,
364 1903 648 1962 actione1n3
692 1901 812 1965 quid
837 1901 1134 1959 secundum,
1171 1901 1302 1949 idem
1325 1924 1338 1962 3
1379 1911 1430 1951 et
1454 1905 1587 1953 idem

240 1982 461 2038 tertium,
500 1981 827 2046 respondisse.
899 1980 1051 2028 Nulla
1073 1997 1151 2028 res
1176 1981 1332 2045 magis
1356 1992 1587 2046 penetrat

240 2062 293 2110 in
318 2063 526 2121 animos,
563 2077 745 2125 eosque
769 2059 928 2124 fingit,
965 2059 1166 2120 format,
1207 2060 1398 2110 flectit:
1443 2064 1586 2113 tales-

242 2159 338 2206 que
381 2148 599 2190 01·atores
639 2139 797 2188 videri
837 2140 977 2197 facit,
1020 2139 1188 2203 quales
1223 2140 1315 2205 ipsi
1352 2158 1403 2190 se
1428 2143 1585 2192 videri

238 2221 428 2270 volunt.
502 2221 640 2268 Huic
667 2219 747 2267 alii
771 2236 940 2284 parem
966 2236 1072 2268 esse
1098 2219 1352 2280 dicebant,
1394 2221 1475 2270 alii
1500 2239 1584 2271 an-

236 2302 545 2367 teponebant
586 2300 645 2348 L.
691 2299 937 2348 Crassum.
1032 2299 1166 2347 Illud
1202 2300 1404 2363 quidem
1445 2310 1583 2351 certe

236 2398 409 2430 omnes
432 2381 503 2428 ita
517 2379 832 2445 judicabant,
852 2378 1103 2427 neminem
1130 2395 1250 2436 esse,
1273 2380 1375 2444 qui,
1400 2380 1578 2429 horum

235 2460 474 2510 alterutro
497 2467 724 2524 patrono,
766 2458 1055 2522 cujusquam
1080 2458 1337 2522 ingenium
1363 2460 1578 2524 require-

234 2547 326 2588 ret.
397 2537 664 2602 Equidem,
701 2552 983 2601 quanquam
1022 2536 1247 2585 Antonio
1272 2546 1467 2585 tantum
1492 2539 1577 2586 tri-

233 2620 354 2676 buo,
403 2610 645 2680 quantum
687 2632 834 2680 supra
875 2615 997 2674 dixi,
1034 2623 1203 2663 tamen
1241 2615 1417 2664 Crasso
1453 2617 1577 2666 nihil

234 2705 399 2746 statuo
439 2695 543 2743 fieri
583 2682 802 2759 potuisse
840 2692 1126 2759 perfectius.
1221 2694 1342 2743 Erat
1383 2712 1575 2745 summa

233 2776 468 2842 gravitas,
505 2783 610 2823 erat
634 2789 748 2822 cum
772 2773 1016 2838 gravitate
1048 2772 1256 2837 junctus
1279 2772 1573 2824 facetiarum

235 2864 287 2906 et
333 2854 625 2906 urbanitatis
671 2853 927 2912 oratorius,
976 2868 1076 2902 non
1124 2853 1358 2916 scurrilis,
1400 2854 1570 2921 lepos:

1158 2949 1184 2980 z
1211 2939 1241 2980 2
