2071 3508
4 3395 17 3508 Ε’π-

758 410 925 448 LIBER
955 409 1181 449 PRIMUS.
1583 415 1631 451 81

289 517 414 581 juris
438 518 792 567 incontroversi
828 519 1075 584 ignorare,
1111 534 1236 582 quae
1273 533 1385 582 pars
1410 517 1514 566 sine
1542 520 1630 568 du-

296 598 379 645 bio
403 596 557 645 multo
581 597 795 644 maxima
819 605 908 645 est.
980 597 1042 643 In
1067 613 1126 644 eo
1152 604 1318 644 autem
1335 595 1467 660 jure,
1494 600 1628 661 quod
1647 606 1759 646 242.

295 676 559 740 ambigitur
582 676 712 724 inter
728 676 1067 741 peritissimos,
1092 692 1192 724 non
1213 684 1286 724 est
1311 676 1507 724 difficile
1528 694 1631 725 ora-

292 753 406 812 tori,
442 753 546 819 ejus
585 756 755 820 partis,
791 772 1140 820 quamcunque
1166 755 1422 815 defendat,
1459 763 1630 805 aucto-

293 850 397 881 rem
439 834 652 900 aliquem
695 835 918 884 invenire
940 855 953 895 ;
993 853 1021 883 a
1062 852 1159 900 quo
1198 852 1312 883 cum
1351 843 1628 885 amentatas

293 913 455 962 hastas
497 916 766 980 acceperit,
805 917 909 980 ipse
951 933 1033 964 eas
1069 917 1275 964 oratoris
1298 916 1496 965 lacertis
1520 917 1634 965 viri-

292 993 482 1058 busque
507 996 774 1060 torquebit.
845 995 956 1043 Nisi
979 1012 1096 1043 vero
1134 996 1289 1060 (bona
1317 996 1463 1044 venia
1486 996 1633 1061 hujus

294 1073 466 1138 optimi
508 1074 597 1122 viri
636 1074 847 1122 dixerim
886 1074 1176 1136 Scaevolae)
1217 1082 1276 1123 tu
1311 1073 1508 1134 libellis,
1544 1083 1631 1124 aut

291 1154 568 1218 praeceptis
607 1154 764 1202 soceri
797 1155 889 1213 tui,
928 1170 1126 1202 causam
1168 1154 1244 1202 M.
1283 1154 1420 1202 Curii
1458 1154 1629 1203 defen-

294 1231 408 1280 disti
428 1234 437 1282 !
465 1233 648 1281 Nonne
667 1233 914 1298 arripuisti
928 1233 1261 1298 patrocinium
1278 1233 1556 1298 aequitatis,
1576 1241 1628 1282 et

296 1310 634 1361 defensionem
659 1320 1087 1370 testamentorum,
1126 1329 1184 1361 ac
1209 1312 1478 1361 voluntatis
1504 1329 1631 1360 mor-

296 1392 528 1439 tuorum?
584 1392 663 1440 Ac
700 1409 810 1440 mea
846 1392 1046 1456 quidem
1082 1391 1346 1450 sententia,
1373 1391 1630 1456 (frequens
1647 1394 1758 1434 24⁴3·

295 1470 426 1517 enim
451 1478 502 1518 te
528 1471 712 1528 audivi,
740 1480 889 1535 atque
914 1470 1054 1531 affui)
1082 1470 1240 1518 multo
1263 1469 1499 1534 majorem
1523 1489 1632 1536 par-

292 1557 394 1597 tem
419 1549 777 1597 sententiarum
802 1548 901 1597 sale
925 1556 1029 1606 tuo,
1058 1557 1109 1598 et
1123 1548 1309 1614 lepore,
1336 1557 1387 1597 et
1403 1549 1634 1614 politissi-

291 1628 382 1676 mis
406 1627 598 1676 facetiis
622 1627 905 1693 pellexisti:
945 1645 1059 1676 cum
1103 1637 1154 1677 et
1191 1628 1315 1676 illud
1351 1629 1559 1677 nimium
1584 1647 1633 1678 a-

292 1723 472 1755 cumen
496 1706 748 1767 illuderes,
784 1716 835 1756 et
871 1707 1167 1756 admirarere
1203 1708 1461 1772 ingenium
1487 1710 1632 1759 Scae-

291 1786 450 1846 volae,
498 1787 582 1851 qui
630 1787 982 1851 excogitasset,
1029 1787 1165 1835 nasci
1206 1787 1343 1851 prius·
1380 1796 1631 1852 oportere,

290 1884 437 1932 quam
463 1868 649 1928 emori3
690 1884 904 1932 cumque
929 1867 1087 1915 multa
1112 1866 1371 1931 colligeres
1398 1874 1447 1915 et
1473 1885 1535 1916 ex
1559 1868 1628 1918 le-

289 1947 453 2011 gibus,
492 1955 542 1994 et
579 1964 641 1994 ex
667 1945 1124 2004 senatusconsultis,
1162 1953 1211 1993 et
1237 1963 1300 1994 ex
1324 1946 1427 1994 vita
1450 1964 1508 1994 ac
1534 1964 1631 1995 ser-

290 2043 436 2074 mone
457 2026 729 2084 communi,
746 2042 846 2073 non
862 2024 1012 2073 modo
1037 2034 1203 2084 acute,
1229 2025 1315 2072 sed
1341 2025 1490 2073 etiam
1515 2026 1629 2074 ridi-

292 2105 403 2154 cule
429 2122 486 2153 ac
512 2103 690 2160 facete,
734 2103 820 2152 ubi
861 2103 901 2151 si
938 2105 1106 2163 verba,
1148 2120 1248 2152 non
1273 2120 1377 2151 rem
1402 2120 1630 2168 sequere-

292 2202 416 2242 mur,
445 2184 622 2233 confici
661 2183 731 2231 nil
765 2192 948 2248 posset.
1021 2183 1197 2248 Itaque
1234 2182 1493 2232 hilaritatis
1527 2184 1630 2250 ple-

290 2281 410 2313 num
427 2263 675 2328 judicium
701 2280 759 2311 ac
784 2262 1002 2311 laetitiae
1026 2262 1153 2311 fuit:
1193 2263 1244 2310 in
1270 2280 1368 2327 quo
1395 2263 1514 2328 quid
1537 2264 1629 2313 tibi

281 2342 407 2409 juris
450 2341 606 2390 civilis
642 2342 936 2390 exercitatio
959 2340 1220 2407 profuerit,
1246 2358 1346 2390 non
1370 2341 1625 2407 intelligo:

291 2421 493 2471 dicendi
516 2421 588 2469 vis
613 2421 828 2486 egregia,
867 2437 1058 2468 summa
1081 2420 1351 2470 festivitate
1377 2429 1428 2470 et
1451 2438 1627 2470 venus-

290 2508 394 2549 tate
411 2500 697 2565 conjuncta,
715 2500 918 2565 profuit.
975 2500 1088 2564 Ipse
1109 2499 1190 2548 ille
1213 2500 1415 2549 Mucius
1433 2501 1627 2565 paterni
1642 2507 1754 2548 244.

283 2579 407 2644 juris
433 2579 677 2635 defensor,
717 2588 767 2627 et
809 2579 946 2643 quasi
981 2579 1264 2642 patrimonii
1288 2587 1628 2643 propugnator

291 2658 380 2715 sui,
426 2658 546 2722 quid
586 2658 637 2704 in
677 2657 761 2704 illa
797 2674 958 2713 causa,
998 2674 1111 2704 cum
1147 2666 1319 2704 contra
1343 2666 1393 2705 tc
1419 2657 1626 2716 diceret,

291 2737 472 2793 attulit,
502 2737 636 2801 quod
672 2735 733 2785 de
761 2735 874 2800 jure
901 2735 1032 2784 civili
1066 2735 1413 2800 depromptum
1437 2736 1628 2786 videre-

290 2817 406 2865 tur?
444 2833 591 2881 quam
631 2815 797 2881 legem
837 2814 1101 2863 recitavit?
1139 2814 1259 2878 quid
1293 2813 1532 2879 patefecit
1557 2815 1628 2863 di-

291 2895 475 2956 cend0‚
511 2894 644 2962 quod
667 2893 843 2945 fuisset
866 2894 1105 2961 imperitis
1131 2893 1412 2944 occultius?
1448 2911 1627 2961 nempe

1335 2990 1364 3023 F
