2071 3508
733 351 901 390 LIBER
931 351 1183 392 TERTIUS.
1557 359 1636 399 235

300 458 499 507 Etenim
522 458 765 518 videmus,
807 476 869 507 ex
911 460 1087 507 eodem
1117 460 1254 523 quasi
1278 460 1397 510 ludo
1423 479 1635 515 summo-

300 555 407 586 rum
432 540 483 587 in
507 554 595 586 suo
620 537 857 603 cujusque
892 555 1076 604 genere
1102 539 1346 588 artificum
1384 550 1435 590 et
1461 546 1643 608 magis·

295 626 497 673 trorum,
536 617 694 665 exisse
720 617 988 682 discipulos
1031 618 1292 668 dissimiles
1318 620 1448 669 inter
1474 639 1544 681 se,
1570 632 1639 671 at-

294 705 461 746 tamen
483 695 776 756 laudandos,
813 714 927 745 cum
954 698 1017 746 ad
1043 697 1282 763 cujusque
1311 708 1539 749 naturam
1568 703 1640 750 in-

293 775 486 824 stitutio
527 775 745 825 doctoris
792 778 1273 827 accommodaretur.
1364 780 1517 845 Cujus
1565 790 1641 830 est
1672 782 1749 823 36.

292 855 372 904 vel
410 856 624 904 maxime
662 857 857 921 insigne
894 857 1018 905 illud
1059 859 1345 923 exemplum
1372 865 1454 925 (ut
1479 869 1639 911 caete-

292 951 369 984 ras
410 943 539 984 artes
587 937 898 998 omittamus)
949 937 1083 1001 quod
1127 937 1327 987 dicebat
1376 940 1636 999 Isocrates,

293 1014 470 1064 doctor
495 1015 773 1080 singularis,
811 1017 872 1064 Se
899 1016 1173 1066 calcaribus
1199 1018 1249 1065 in
1276 1019 1495 1084 Ephoro,
1524 1038 1639 1070 con-

291 1103 369 1144 tra
404 1103 571 1144 autem
608 1096 658 1143 in
696 1095 1027 1160 Theopompo
1064 1096 1217 1145 frenis
1243 1099 1315 1146 uti
1343 1100 1533 1149 solere:
1573 1101 1639 1149 al-

291 1181 453 1222 terum
481 1175 613 1223 enim
650 1175 984 1224 exsultantem
1018 1178 1282 1225 verborum
1322 1179 1530 1228 audacia
1565 1198 1638 1229 re-

292 1255 538 1318 primebat
559 1275 572 1314 ;
612 1254 822 1303 alterum
867 1264 1190 1305 cunctantem
1235 1266 1286 1306 et
1327 1259 1464 1322 quasi
1500 1275 1636 1307 vere-

293 1333 598 1383 cundantem
622 1335 880 1384 incitabat.
938 1336 1118 1400 Neque
1155 1354 1239 1385 eos
1263 1338 1445 1386 similes
1471 1338 1637 1387 effecit

291 1412 423 1462 inter
461 1430 531 1473 se,
569 1413 657 1462 sed
681 1422 876 1462 tantum
903 1414 1043 1463 alteri
1070 1415 1278 1475 affinxit,
1316 1417 1377 1465 de
1403 1416 1558 1465 altero
1581 1416 1637 1464 li-

291 1492 463 1552 mavit,
488 1501 544 1541 ut
569 1493 620 1541 id
647 1492 981 1543 conformaret
1004 1493 1057 1540 in
1089 1501 1319 1559 utroque,
1359 1496 1493 1560 quod
1517 1496 1636 1544 utri-

290 1588 446 1636 usque
472 1579 649 1620 natura
673 1580 943 1637 pateretur.

357 1651 503 1700 Haec
530 1668 589 1700 eo
614 1651 734 1700 mihi
758 1651 1094 1716 praedicenda
1118 1651 1336 1709 fuerunt,
1371 1660 1444 1713 ut,
1471 1654 1509 1702 si
1534 1671 1633 1703 non
1673 1653 1775 1714 10,

289 1732 473 1790 omnia,
513 1748 638 1796 quae
679 1739 1077 1796 proponerentur
1113 1749 1141 1779 a
1177 1749 1272 1789 me,
1311 1732 1375 1780 ad
1411 1735 1631 1782 omnium
1666 1747 1744 1792 37,

288 1820 507 1861 vestrum
533 1812 771 1870 studium,
810 1820 861 1861 et
889 1813 952 1860 ad
975 1829 1135 1876 genus
1159 1813 1229 1871 id,
1267 1813 1401 1877 quod
1426 1814 1633 1879 quisque

290 1899 506 1940 vestrum
531 1892 583 1938 in
609 1891 825 1939 dicendo
849 1892 1096 1955 probaret,
1125 1891 1557 1951 adhaerescerent,
1581 1894 1634 1941 id

289 1987 318 2017 a
363 1987 444 2019 me
484 1986 644 2035 genus
683 1969 892 2034 exprimi
941 1970 1207 2029 sentiretis,
1246 1971 1382 2034 quod
1417 1972 1631 2021 maxime

288 2048 409 2096 mihi
433 2049 525 2113 ipsi
549 2049 857 2112 probaretur.
913 2048 1047 2113 Ergo
1073 2048 1196 2097 haec
1223 2058 1273 2097 et
1298 2051 1492 2114 agenda
1517 2060 1633 2100 sunt
1676 2046 1680 2047 ⁷

289 2129 349 2177 ab
374 2136 588 2187 oratore,
605 2144 731 2193 quae
757 2127 1025 2192 explicavit
1050 2127 1318 2186 Antonius,
1341 2138 1393 2178 et
1417 2130 1632 2180 dicenda

289 2208 505 2274 quodam
544 2207 708 2256 modo.
783 2207 1000 2265 Quinam
1026 2207 1179 2272 igitur
1204 2208 1405 2257 dicendi
1430 2218 1505 2258 est
1528 2227 1630 2259 mo-

289 2289 380 2337 dus
418 2287 606 2345 melior,
648 2291 787 2352 (nam
814 2287 876 2335 de
902 2287 1098 2336 actione
1122 2296 1235 2352 post
1259 2288 1454 2350 videro)
1481 2307 1629 2355 quam

287 2376 344 2417 ut
368 2368 568 2427 Latine,
609 2376 662 2416 ut
686 2367 851 2433 plane,
893 2376 950 2416 ut
974 2376 1161 2425 ornate,
1189 2377 1245 2417 ut
1270 2369 1334 2417 ad
1365 2369 1434 2429 id,
1474 2371 1628 2434 quod-

287 2465 502 2513 cumque
527 2457 720 2513 agetur,
759 2455 873 2513 apte
907 2456 1341 2513 congruenterque
1367 2449 1588 2498 dicamus
1609 2451 1627 2499 ?

287 2527 459 2592 Atque
485 2545 656 2576 eorum
681 2527 901 2592 quidem,
938 2544 1065 2591 quae
1092 2528 1191 2576 duo
1214 2528 1372 2593 prima
1397 2528 1515 2585 dixi,
1553 2546 1625 2577 ra·
1658 2539 1740 2578 38.

288 2607 476 2655 tionem
500 2623 602 2654 non
627 2607 835 2654 arbitror
860 2607 1138 2671 exspectari
1175 2624 1202 2654 a
1238 2623 1335 2665 me,
1365 2608 1475 2671 puri
1501 2607 1624 2656 dilu-

289 2685 486 2750 cidique
512 2685 780 2734 sermonis:
821 2702 983 2750 neque
1022 2685 1155 2733 enim
1181 2701 1419 2733 conamur
1443 2686 1626 2736 docere

288 2781 403 2812 eum
429 2764 615 2824 dicere,
654 2765 738 2829 qui
761 2764 896 2829 loqui
921 2764 1142 2823 nesciat3
1181 2780 1275 2813 nec
1302 2781 1515 2830 sperare,
1540 2768 1624 2831 qui

288 2844 467 2893 Latine
492 2860 593 2894 non
617 2844 789 2910 possit,
830 2844 964 2894 hunc
1002 2851 1174 2893 ornate
1204 2861 1309 2894 esse
1335 2844 1624 2908 dicturum3
