2071 3508
735 382 952 430 ΤΟΡΠΞΑ.1
1431 389 1510 434 497

171 496 575 546 commemoratio
601 496 945 560 exemplorum
964 495 1139 555 valuit,
1165 512 1320 560 eaque
1345 515 1431 546 vos
1455 500 1507 547 in

171 577 518 641 respondendo
555 575 628 622 uti
668 574 883 622 multum
926 574 1108 622 soletis.
1181 575 1322 623 Ficta
1358 578 1508 625 etiam

170 655 398 720 exempla
421 653 756 702 similitudinis
792 652 983 701 habent
1006 654 1137 702 vim:
1178 654 1266 702 sed
1307 671 1366 702 ea
1402 673 1510 704 ora-

169 733 295 782 toria
331 732 486 797 magis
525 740 660 790 sunt,
699 747 847 795 quam
882 739 1076 780 vestra:
1116 749 1398 797 quanquam
1434 735 1510 782 uti

169 812 318 860 etiam
341 828 429 859 vos
452 806 640 870 soletis,
679 810 768 859 sed
791 811 888 860 hoc
913 811 1093 860 modo:
1132 812 1290 877 Finge
1321 814 1508 862 manci-

165 890 250 954 pio
273 889 487 955 aliquem
521 890 717 940 dedisse
742 890 813 950 id,
840 891 975 955 quod
998 891 1248 956 mancipio
1274 892 1380 940 dari
1404 909 1507 940 non

164 976 360 1034 potest:
398 964 520 1019 num
543 971 735 1020 idcirco
759 970 811 1019 id
840 970 944 1036 ejus
979 969 1169 1019 factum
1196 979 1285 1029 est,
1318 973 1401 1037 qui
1428 990 1509 1022 ac-

166 1049 335 1114 cepit?
384 1058 471 1099 aut
493 1068 615 1100 num
639 1051 695 1108 is,
723 1051 807 1116 qui
832 1051 1082 1115 mancipio
1103 1051 1257 1109 dedit,
1299 1053 1362 1100 ob
1396 1070 1507 1102 eam

164 1143 270 1176 rem
295 1146 347 1178 se
376 1129 477 1178 ulla
511 1147 565 1179 re
601 1130 875 1195 obligavit?
929 1130 991 1178 In
1014 1130 1111 1179 hoc
1135 1147 1320 1196 genere
1345 1140 1507 1180 orato-

165 1207 300 1257 ribus
343 1218 394 1258 et
435 1210 744 1276 philosophis
790 1226 1083 1259 concessum
1125 1219 1218 1269 est,
1270 1218 1328 1258 ut
1368 1220 1509 1259 muta

165 1287 316 1336 etiam
350 1289 636 1354 loquantur,
671 1298 729 1338 ut
753 1290 937 1338 mortui
975 1291 1036 1338 ab
1074 1289 1246 1338 inferis
1278 1291 1506 1338 exciten-

163 1373 263 1426 tur,
299 1376 386 1416 aut
423 1367 625 1432 aliquid,
673 1369 808 1432 quod
847 1368 953 1415 fieri
995 1368 1132 1416 nullo
1157 1368 1306 1417 modo
1329 1370 1502 1432 possit,

163 1447 424 1512 augendae
473 1447 546 1495 rei
592 1447 753 1512 gratia
791 1446 1006 1505 dicatur,
1056 1456 1141 1494 aut
1183 1447 1501 1503 minuendae,

163 1543 290 1591 quae
326 1528 584 1591 hyperbole
609 1527 807 1584 dicitur,
847 1536 898 1575 et
931 1527 1090 1576 multa
1124 1527 1367 1576 mirabilia
1392 1527 1501 1575 alia.

163 1605 263 1654 Sed
285 1605 431 1653 latior
470 1614 546 1653 est
584 1622 788 1670 campus
819 1605 1032 1654 illorum.
1104 1605 1308 1653 Eisdem
1333 1614 1502 1653 tamen

162 1701 224 1734 ex
248 1685 372 1734 locis
408 1689 490 1751 (ut
514 1693 630 1734 ante
657 1685 786 1747 dixi>
825 1694 875 1734 et
898 1686 950 1733 in
975 1686 1222 1745 maximis,
1260 1694 1314 1734 et
1337 1686 1389 1732 in
1413 1686 1504 1732 mi-

161 1764 307 1813 nimis
331 1765 706 1830 quaestionibus
730 1772 1026 1830 argumenta
1051 1765 1320 1814 ducuntur.

228 1845 461 1909 Sequitur
486 1845 861 1893 similitudinem
902 1845 1181 1893 differentia
1216 1845 1302 1900 rei,
1346 1845 1500 1893 maxi·
1542 1838 1642 1899 11,

160 1941 241 1973 me
266 1924 514 1973 contraria
543 1924 813 1989 superiori:
853 1924 941 1972 sed
983 1931 1058 1972 est
1100 1923 1321 1989 ejusdem
1362 1924 1499 1972 dissi-

161 2003 278 2053 mile
303 2011 355 2053 et
379 2004 535 2052 simile
559 2004 800 2052 invenire.
852 2003 971 2068 Ejus
989 2004 1186 2068 generis
1205 2003 1329 2052 haec
1349 2011 1496 2052 sunt:

161 2083 280 2132 Non
304 2084 726 2149 quemadmodum
752 2083 887 2149 quod
911 2083 1107 2132 mulieri
1133 2083 1334 2143 debeas,
1359 2093 1500 2132 recte

160 2164 254 2230 ipsi
272 2164 486 2224 mulieri,
512 2165 615 2213 sine
634 2172 800 2212 tutore
820 2172 1045 2224 auctore,
1063 2163 1251 2212 solvas:
1278 2165 1349 2212 ita
1364 2164 1501 2229 quod

161 2252 248 2294 aut
269 2245 507 2311 pupillae,
533 2253 619 2293 aut
634 2244 842 2310 pupillo,
863 2245 1065 2305 debeas,
1085 2252 1223 2294 recte
1241 2245 1397 2310 possis
1412 2261 1499 2293 ›eo-

160 2325 276 2374 dem
300 2323 451 2372 modo
487 2323 692 2372 solvere.
764 2323 1020 2389 Deinceps
1054 2323 1194 2372 locus
1231 2332 1324 2384 est,
1360 2325 1445 2390 qui
1470 2341 1523 2378 a,

161 2404 410 2454 contrario
435 2403 634 2452 dicitur.
706 2403 1081 2452 Contrariorum
1118 2412 1286 2453 autem
1310 2420 1498 2469 genera

161 2492 277 2533 sunt
299 2482 456 2549 plura.
527 2483 699 2531 Unum
725 2499 915 2542 eorum,
954 2500 1080 2548 quae
1119 2484 1170 2530 in
1210 2483 1387 2532 eodem
1408 2500 1498 2548 ge-

162 2579 281 2612 nere
322 2562 590 2627 plurimum
616 2562 870 2622 differunt,
912 2571 969 2610 ut
1005 2563 1246 2628 sapientia
1287 2572 1338 2611 et
1378 2562 1498 2610 stul-

161 2642 286 2691 titia.
358 2642 551 2691 Eodem
588 2651 754 2691 autem
793 2658 979 2708 genere
1022 2644 1277 2702 dicuntur,
1319 2643 1497 2707 quibus

158 2721 423 2788 propositis
465 2730 736 2770 occurrunt
777 2730 1014 2786 tanquam
1051 2740 1077 2770 e
1113 2721 1318 2787 regione
1351 2738 1498 2786 quae-

162 2801 277 2850 dam
303 2801 566 2860 contraria‚
602 2809 660 2849 ut
685 2800 928 2850 celeritati
969 2802 1195 2861 tarditas,
1235 2817 1336 2849 non
1362 2799 1498 2849 debi-

159 2879 289 2932 litas.
358 2881 437 2931 Ex
463 2881 641 2948 quibus
665 2879 925 2933 contrariis
948 2890 1246 2948 argumenta
1273 2880 1393 2930 talia
1417 2896 1500 2928 ex-

1108 2977 1128 3009 1
1150 2978 1168 3008 1
