2071 3508
322 1863 401 1903 38.

431 427 505 464 104
901 428 977 468 DE
1008 427 1275 467 ORATORE

430 535 611 586 datur?
645 537 776 585 Nam
801 538 839 585 si
865 553 962 601 qua
986 546 1060 586 est
1083 556 1158 586 ars
1183 537 1294 596 alia,
1333 552 1458 600 quae
1489 537 1749 585 verborum

430 622 516 663 aut
560 614 901 663 faciendorum
948 624 1033 663 aut
1074 614 1448 678 deligendorum
1496 614 1751 662 scientiam

429 693 746 758 profiteatur3
775 692 813 739 si
834 692 1087 755 quisquam
1115 692 1313 750 dicitur,
1338 692 1430 738 nisi
1455 701 1634 751 orator,
1657 691 1753 738 for-

428 788 561 819 mare
586 771 876 828 orationem,
913 785 1118 832 eamque
1141 769 1346 828 variare,
1376 778 1426 817 et
1451 771 1754 834 distinguere

430 849 567 913 quasi
592 847 882 912 quibusdam
905 847 1167 894 verborum
1192 847 1644 911 sententiarumque
1681 848 1754 894 in-

429 927 681 991 signibus3
721 934 806 974 aut
846 926 883 973 si
920 925 1000 972 via
1039 924 1157 983 ulla,
1192 924 1284 972 nisi
1308 926 1367 973 ab
1392 925 1485 973 hac
1509 942 1607 973 una
1631 932 1754 983 arte,

428 1006 656 1064 traditur,
693 1013 778 1052 aut
810 1011 1231 1068 argumentorum,
1269 1012 1355 1052 aut
1379 1003 1753 1061 sententiarum,

429 1093 516 1132 aut
540 1084 752 1148 denique
779 1083 1138 1147 descriptionis,
1169 1091 1316 1147 atque
1348 1083 1564 1131 ordinis:
1603 1079 1754 1128 fatea-

427 1178 538 1208 mur
562 1170 646 1209 aut
670 1162 784 1220 hoc,
811 1161 943 1225 quod
966 1160 1089 1209 haec
1109 1178 1184 1208 ars
1207 1161 1515 1226 profiteatur,
1540 1160 1754 1208 alienum

428 1255 550 1297 esse,
592 1246 677 1286 aut
719 1256 831 1286 cum
868 1239 1031 1302 aliqua
1066 1238 1158 1286 alia
1193 1247 1297 1287 arte
1334 1256 1437 1286 esse
1475 1244 1753 1287 commune.

387 1342 397 1352 ·
429 1316 526 1364 Sed
563 1317 602 1365 si
637 1317 688 1364 in
723 1316 816 1369 hac
852 1315 949 1364 unzi⁴
986 1324 1060 1363 est
1091 1333 1148 1364 ea
1171 1317 1296 1363 ratio
1321 1324 1467 1379 atque
1494 1316 1753 1376 doctrina3

426 1412 546 1453 non,
585 1395 623 1441 si
661 1395 745 1457 qui
781 1395 983 1440 aliarum
1009 1394 1187 1440 artium
1210 1394 1339 1445 bene
1362 1393 1517 1442 locuti
1541 1401 1672 1452 sunt,
1697 1411 1757 1442 eo

427 1473 589 1519 minus
614 1472 666 1517 id
690 1479 764 1517 est
785 1468 930 1532 hujus
962 1469 1104 1515 unius
1141 1470 1392 1532 proprium
1414 1488 1425 1517 ε
1465 1471 1551 1518 sed
1574 1479 1631 1519 ut
1654 1489 1757 1520 ora-

427 1558 506 1598 tor
547 1549 608 1596 de
646 1548 703 1595 iis
740 1548 904 1605 rebus,
941 1563 1065 1610 quae
1092 1554 1395 1594 caeterarum
1421 1549 1597 1596 artium
1619 1559 1755 1610 sunt,

428 1629 467 1676 si
491 1627 639 1675 modo
665 1643 744 1675 eas
770 1625 1014 1690 cognorit,
1051 1628 1131 1689 (ut
1165 1625 1270 1674 heri
1307 1626 1507 1674 Crassus
1533 1627 1754 1691 dicebat)

431 1708 615 1772 optime
639 1713 803 1771 potest
828 1705 992 1753 dicere
1014 1723 1025 1752 :
1053 1705 1122 1752 sic
1148 1712 1451 1752 caeterarum
1476 1707 1653 1754 artium
1672 1707 1756 1757 ho-

432 1787 588 1834 mines
612 1785 829 1834 ornatius
863 1783 946 1830 illa
981 1800 1066 1830 sua
1101 1783 1292 1842 dicunt,
1333 1784 1371 1831 si
1413 1784 1532 1848 quid
1566 1786 1625 1834 ab
1663 1786 1757 1835 hac

435 1873 538 1915 arte
565 1864 859 1913 didicerunt.
931 1862 1108 1926 Neque
1135 1862 1285 1921 enim,
1316 1862 1354 1909 si
1380 1863 1441 1910 de
1466 1865 1659 1912 rusticis
1683 1881 1756 1913 re-

432 1947 524 1994 bus
549 1942 763 2007 agricola
788 1941 1045 2007 quispiam,
1070 1948 1155 1987 aut
1180 1942 1327 1988 etiam
1360 1941 1455 2005 (id,
1479 1943 1612 2006 quod
1635 1943 1757 1991 mul-

432 2023 496 2084 ti)
521 2022 742 2070 medicus
782 2021 843 2069 de
880 2020 1079 2078 morbis,
1115 2028 1200 2066 aut
1235 2019 1296 2067 de
1320 2019 1574 2084 pingendo
1597 2022 1759 2085 pictor

433 2102 607 2164 aliquis
632 2100 811 2148 diserte
837 2098 1017 2147 dixerit
1041 2105 1125 2144 aut
1148 2096 1413 2162 scripserit,
1449 2098 1637 2148 idcirco
1668 2100 1758 2149 illi-

433 2197 490 2227 us
516 2179 631 2226 artis
654 2177 874 2242 putanda
909 2177 968 2224 sit
1003 2176 1283 2239 eloquentia
1304 2194 1315 2223 :
1353 2176 1404 2222 in
1430 2193 1525 2240 qua
1549 2178 1662 2242 quia
1684 2180 1758 2228 vis

434 2274 613 2321 magna
638 2264 711 2304 est
734 2257 785 2302 in
809 2254 1062 2301 hominum
1087 2252 1312 2317 ingeniis,
1341 2270 1399 2301 eo
1423 2254 1583 2313 multi,
1609 2258 1757 2306 etiam

435 2335 538 2382 sine
577 2334 819 2392 doctrina,
858 2331 1042 2396 aliquid
1080 2331 1298 2378 omnium
1333 2348 1572 2394 generum
1608 2342 1756 2399 atque

435 2411 613 2459 artium
662 2418 1029 2474 consequuntur
1050 2427 1061 2456 ε
1114 2407 1201 2455 sed
1247 2408 1366 2471 quid
1413 2408 1648 2475 cujusque
1696 2413 1758 2462 sit

436 2489 707 2554 proprium,
743 2489 833 2536 etsi
871 2504 932 2537 ex
969 2503 1028 2538 eo
1044 2484 1256 2549 judicari
1280 2492 1462 2548 potest,
1487 2502 1600 2534 cum
1624 2489 1758 2539 vide-

434 2567 498 2614 ris
540 2566 660 2630 quid
699 2580 922 2629 quaeque
964 2564 1210 2621 doceant3
1247 2570 1413 2610 tamen
1448 2563 1543 2612 hoc
1577 2567 1757 2616 certius

434 2644 555 2692 nihil
597 2660 700 2692 esse
734 2650 916 2706 potest,
953 2658 1097 2705 quam
1134 2640 1266 2704 quod
1290 2657 1459 2694 omnes
1483 2651 1611 2691 artes
1635 2644 1756 2696 aliae

436 2723 538 2771 siue
565 2721 845 2786 eloquentia
886 2736 1028 2767 suum
1065 2735 1243 2773 munus
1265 2727 1511 2782 praestare
1534 2732 1756 2784 possunt,

436 2809 596 2848 orator
621 2802 724 2848 sine
751 2817 808 2848 ea
832 2814 1014 2846 nomen
1038 2812 1179 2845 suum
1198 2797 1420 2844 obtinere
1439 2813 1537 2845 non
1560 2806 1754 2863 potest:

436 2887 489 2924 ut
518 2879 718 2935 caeteri,
743 2877 782 2929 si
807 2875 976 2925 diserti
1012 2874 1126 2941 sint,
1164 2872 1349 2935 aliquid
1385 2874 1444 2932 ab
1480 2875 1574 2934 hoc
1609 2875 1754 2926 habe-
