2071 3508
428 456 510 492 4⁴30
728 452 806 490 DE
835 451 1039 491 CLARIS
1069 450 1446 506 ORATORIBUS.

425 562 616 619 studiis,
655 569 707 610 et
731 561 870 611 effice
894 563 966 622 id,
1003 561 1137 627 quod
1152 560 1257 626 jam
1281 560 1662 626 propemodum,
1685 561 1766 610 vel

425 640 570 706 plane
594 641 760 705 potius
780 641 1032 700 effeceras,
1068 649 1125 689 ut
1148 649 1201 689 te
1227 641 1403 705 eripias
1429 657 1491 688 ex
1517 657 1593 699 ea,
1619 657 1766 704 quam

425 737 521 785 ego
546 720 772 786 congessi
796 720 848 768 in
872 720 1007 769 hunc
1033 737 1326 776 sermonem,
1365 721 1511 768 turba
1533 727 1767 784 patrono-

424 816 550 848 rum.
621 801 731 849 Nec
774 800 906 848 enim
946 800 1094 848 decet
1133 808 1204 860 te,
1243 807 1471 849 ornatum
1507 799 1767 848 uberrimis

424 879 630 939 artibus,
668 896 788 945 quas
814 896 929 928 cum
955 879 1103 928 domo
1138 879 1334 928 haurire
1359 896 1460 927 non
1483 896 1667 944 posses,
1695 895 1768 927 ar·

425 959 663 1006 cessivisti
707 975 770 1006 ex
811 960 933 1007 urbe
976 976 1049 1016 ea,
1089 976 1214 1024 quae
1253 959 1428 1007 domus
1465 967 1541 1007 est
1575 975 1769 1024 semper

424 1035 593 1085 habita
631 1037 909 1097 doctrinae,
961 1039 1209 1087 numerari
1251 1039 1303 1086 in
1344 1038 1496 1103 vulgo
1536 1046 1768 1103 patrono-

424 1133 550 1164 rum.
644 1117 775 1164 Nam
815 1115 936 1181 quid
972 1124 1024 1165 te
1063 1118 1290 1166 exercuit
1337 1118 1649 1176 Pammenes,
1694 1116 1769 1165 vir

424 1196 573 1261 longe
599 1195 1034 1261 eloquentissimus
1059 1196 1339 1245 Graeciae?
1366 1196 1486 1260 quid
1517 1196 1601 1245 illa
1624 1205 1771 1245 vetus

426 1275 724 1335 Academia,
767 1284 916 1341 atque
943 1276 1047 1341 ejus
1071 1277 1215 1324 heres
1243 1275 1460 1335 Aristus,
1496 1275 1675 1341 hospes
1717 1282 1770 1324 et

425 1354 676 1403 familiaris
702 1373 860 1415 meus,
897 1356 936 1404 si
962 1357 1163 1420 quidem
1190 1355 1371 1403 similes
1397 1355 1592 1420 majoris
1616 1355 1769 1421 partis

427 1442 678 1483 oratorum
704 1434 860 1483 futuri
897 1436 1106 1483 sumus?
1155 1436 1338 1486 Nonne
1381 1435 1649 1497 cernimus,
1683 1435 1769 1483 vix

427 1513 633 1579 singulis
675 1514 918 1562 aetatibus
943 1514 1085 1563 binos
1110 1522 1328 1563 oratores
1352 1514 1627 1564 laudabiles
1653 1531 1769 1563 con-

427 1594 607 1642 stitisse
630 1595 645 1642 ?
695 1593 858 1642 Galba
881 1593 978 1641 fuit
997 1594 1126 1642 inter
1150 1602 1226 1642 tot
1261 1594 1489 1659 aequales
1531 1610 1660 1642 unus
1684 1610 1769 1643 ex-

429 1673 637 1733 cellens3
667 1674 747 1721 cui
769 1674 1213 1738 (quemadmodum
1231 1673 1540 1738 accepimus)
1566 1682 1617 1723 et
1641 1674 1769 1723 Cato

430 1753 641 1801 cedebat
680 1753 860 1811 senior,
911 1762 961 1801 et
1003 1753 1086 1817 qui
1126 1753 1432 1818 temporibus
1473 1752 1566 1801 illis
1605 1761 1769 1802 aetate

427 1830 685 1879 inferiores
709 1831 932 1889 fuerunt,
972 1831 1193 1896 Lepidus
1216 1839 1408 1895 postea,
1445 1831 1626 1879 deinde
1653 1832 1769 1880 Car-

427 1907 525 1960 bo:
565 1928 677 1958 nam
722 1911 942 1959 Gracchi
983 1911 1034 1958 in
1072 1911 1396 1959 concionibus
1432 1910 1589 1958 multo
1613 1909 1769 1960 facili-

428 2008 511 2039 ore
554 2000 605 2039 et
628 1990 856 2039 liberiore
879 2007 1066 2055 genere
1092 1990 1324 2050 dicendi;
1365 2007 1573 2055 quorum
1598 1998 1767 2039 tamen

426 2071 643 2135 ipsorum
685 2071 749 2118 ad
789 2079 1004 2118 aetatem
1045 2069 1151 2118 laus
1187 2069 1500 2135 eloquentiae
1541 2069 1767 2135 perfecta

424 2150 648 2198 nondum
688 2149 816 2198 fuit:
864 2149 1134 2209 Antonius,
1182 2150 1404 2209 Crassus,
1441 2158 1554 2215 post
1595 2149 1762 2208 Cotta,

429 2229 690 2292 Sulpicius,
722 2229 1020 2278 Hortensius
1043 2247 1054 2277 ε
1095 2229 1217 2276 nihil
1241 2229 1355 2278 dico
1380 2229 1622 2294 amplius:
1661 2237 1768 2278 tan-

428 2317 537 2355 tum
576 2308 707 2367 dico,
743 2309 782 2356 si
826 2309 946 2356 mihi
988 2309 1265 2366 accidisset,
1304 2317 1360 2357 ut
1396 2326 1682 2358 numerarer
1715 2310 1769 2358 in

429 2387 598 2436 multis
616 2394 713 2416 *Η
737 2388 776 2436 si
801 2405 1007 2453 operosa
1042 2396 1117 2437 est
1151 2389 1467 2439 concursatio
1502 2389 1658 2456 magis
1683 2405 1769 2454 op-

430 2475 755 2531 portunorum
775 2474 796 2496 2*
814 2474 834 2495 ³*
851 2474 872 2497 '⁵
