2071 3508
744 394 906 435 TOPIC
913 396 966 435 A.
1446 404 1526 441 509

188 502 376 567 pariete
413 503 722 568 interposito,
775 504 952 567 quibus
991 502 1271 566 patefactis,
1311 505 1362 551 in
1389 506 1522 569 judi-

190 583 423 650 ciumque
461 582 680 647 prolatis,
726 581 798 628 rei
847 580 1070 645 capitalis
1107 580 1221 644 jure
1263 583 1523 634 damnatus

188 670 279 710 est.
386 662 522 709 Huic
563 659 719 708 simile
761 658 996 724 quiddam
1045 659 1108 708 de
1154 660 1524 714 Lacedemonio

190 741 431 789 Pausania
466 739 765 803 accepimus.
837 738 1111 788 Concursio
1149 748 1316 789 autem
1350 740 1524 790 fortui-

187 828 350 868 torum
376 818 486 866 talis
516 826 608 878 est,
627 826 702 877 ut,
721 819 760 866 si
785 819 1122 867 interventum
1147 828 1222 868 est
1247 837 1382 880 casu,
1408 839 1522 871 cum

186 905 273 946 aut
319 905 550 963 ageretur
596 898 800 962 aliquid,
849 899 985 962 quod
1025 898 1378 964 proferendum
1421 917 1522 951 non

185 985 333 1037 esset,
372 986 458 1026 aut
483 977 747 1026 diceretur.
820 979 881 1026 In
905 978 1001 1026 hoc
1035 994 1220 1043 genere
1256 980 1404 1028 etiam
1439 982 1523 1031 illa

183 1066 260 1106 est
282 1057 334 1105 in
376 1058 691 1106 Palamedem
717 1057 945 1123 conjecta
983 1059 1317 1123 suspicionum
1357 1062 1521 1126 prodi-

182 1138 332 1188 tionis
357 1139 655 1207 multitudo:
687 1139 820 1204 quod
845 1157 1002 1205 genus
1028 1140 1243 1189 refutare
1267 1142 1520 1190 interdum

181 1219 363 1266 veritas
404 1219 488 1266 vix
524 1226 704 1282 potest,
811 1218 976 1283 Hujus
1017 1220 1167 1267 etiam
1202 1222 1399 1285 generis
1445 1230 1521 1270 est

181 1294 315 1345 fama
336 1297 492 1361 vulgi,
528 1297 779 1362 quoddam
804 1297 1136 1346 multitudinis
1160 1300 1516 1349 testimonium.

185 1376 329 1433 Quae
371 1385 537 1425 autem
577 1377 761 1426 virtute
786 1377 934 1424 fidem
958 1377 1164 1435 faciunt,
1206 1395 1264 1426 ea
1285 1380 1520 1444 bipartita

184 1464 332 1504 sunt:
394 1472 457 1504 ex
505 1456 681 1519 quibus
729 1455 938 1503 alterum
990 1465 1168 1504 natura
1210 1457 1357 1515 valet,
1401 1460 1521 1508 alte-

180 1550 291 1581 rum
326 1534 582 1582 industria.
653 1534 877 1582 Deorum
905 1534 1036 1582 enim
1056 1535 1210 1583 virtus
1234 1545 1411 1585 natura
1435 1555 1518 1587 ex-

182 1612 340 1661 cellit:
368 1613 624 1660 hominum
644 1620 830 1672 autem,
855 1613 1111 1661 industria.
1184 1614 1370 1664 Divina
1392 1617 1517 1666 haec

178 1691 284 1740 fere
309 1699 424 1740 sunt
447 1692 746 1740 testimonia.
833 1691 1052 1740 Primum
1091 1694 1358 1743 orationis:
1415 1714 1518 1745 ora-

180 1770 293 1829 cula
316 1771 449 1818 enim
475 1787 537 1819 ex
580 1787 640 1818 eo
672 1771 778 1835 ipso
816 1770 1063 1836 appellata
1102 1780 1235 1832 sunt,
1271 1774 1405 1838 quod
1444 1776 1517 1823 in-

178 1857 255 1898 est
294 1849 346 1897 in
382 1849 456 1896 his
495 1849 700 1896 deorum
743 1849 916 1897 oratio.
1010 1850 1209 1899 Deinde
1246 1869 1430 1913 rerum,
1464 1855 1516 1903 in

179 1929 357 1993 quibus
381 1928 551 1976 insunt
575 1928 712 1992 quasi
736 1945 887 1992 opera
911 1928 1078 1977 divina
1101 1930 1344 1994 quaedam
1365 1949 1377 1979 :
1419 1934 1516 1997 pri-

179 2025 316 2056 mum
341 2008 445 2072 ipse
471 2007 704 2066 mundus,
729 2006 932 2073 ejusque
951 2009 1110 2057 omnis
1135 2010 1274 2069 ordo,
1301 2018 1351 2059 et
1375 2028 1516 2060 orna-

177 2095 292 2135 tus:
331 2086 566 2150 deinceps
605 2086 734 2133 aerei
775 2086 967 2135 volatus
1009 2088 1190 2147 avium,
1225 2097 1374 2154 atque
1401 2108 1514 2139 can-

177 2175 292 2214 tus:
331 2165 512 2213 deinde
551 2165 772 2229 ejusdem
814 2167 937 2214 aeris
978 2167 1166 2215 sonitus
1208 2176 1259 2216 et
1296 2169 1514 2232 ardores,

176 2246 543 2308 multarumque
581 2261 745 2292 rerum
787 2245 839 2292 in
878 2253 1010 2293 terra
1049 2254 1312 2310 portenta:
1363 2256 1513 2314 atque

177 2325 327 2374 etiam
366 2340 457 2389 per
493 2331 627 2383 exta,
662 2323 865 2372 inventa
887 2325 1184 2389 praesensio.
1258 2326 1307 2374 A
1331 2326 1511 2376 dormi-

177 2405 374 2454 entibus
416 2421 612 2468 quoque
648 2403 805 2452 multa
841 2403 1113 2468 significata
1144 2406 1288 2466 visis3
1335 2408 1514 2471 quibus

177 2500 240 2532 ex
278 2483 400 2531 locis
441 2483 567 2530 sumi
608 2482 859 2530 interdum
884 2483 1044 2531 solent
1068 2484 1131 2531 ad
1154 2484 1302 2533 fidem
1326 2485 1512 2535 facien-

176 2563 290 2611 dam
332 2561 615 2610 testimonia
651 2561 873 2610 deorum.
978 2562 1039 2609 In
1076 2563 1275 2612 homine
1318 2565 1513 2622 virtutis

175 2642 343 2707 opinio
368 2641 500 2690 valet
522 2641 804 2706 plurimum.
876 2642 1063 2707 Opinio
1087 2651 1252 2692 autem
1279 2652 1372 2703 est,
1410 2662 1511 2701 non

175 2722 324 2770 modo
349 2737 433 2769 eos
456 2721 690 2769 virtutem
715 2721 915 2781 habere,
939 2722 1023 2786 qui
1047 2722 1280 2783 habeant,
1315 2724 1403 2772 sed
1428 2740 1516 2773 eos·

176 2802 345 2861 etiam,
379 2801 465 2866 qui
497 2800 678 2850 habere
713 2801 989 2851 videantur.
1062 2801 1257 2867 Itaque,
1293 2819 1415 2868 quos
1439 2804 1512 2851 in-

173 2881 338 2945 geni0,
377 2896 500 2946 quos
536 2881 715 2941 studi0‚
760 2897 882 2949 quos
906 2880 1133 2930 doctrina
1167 2883 1416 2949 praeditos
1438 2883 1508 2931 vi-
