2071 3508
402 1385 461 1443 ,Οἵ

396 2665 470 2704 18.

492 438 572 474 228
984 438 1060 477 DE
1090 437 1356 476 ORATORE

495 551 758 608 utrumque
784 551 1025 592 oratorem
1063 562 1463 610 cognoveramus,
1502 546 1712 610 idipsum
1743 563 1819 593 su-

494 638 602 669 mus
626 621 677 668 in
702 639 870 670 eorum
890 639 1111 671 sermone
1131 623 1419 672 adumbrare
1440 625 1618 672 conati.
1669 624 1819 680 Quod

497 698 535 746 si
561 699 666 762 quis
692 699 803 757 erit,
839 699 921 762 qui
948 700 1125 747 ductus
1162 700 1390 763 opinione
1415 701 1566 765 vulgi,
1605 710 1689 749 aut
1715 701 1819 748 An-

495 777 687 824 tonium
704 775 1016 840 jejuniorem,
1049 786 1134 825 aut
1159 778 1387 824 Crassum
1411 779 1680 842 pleniorem
1704 779 1820 826 fuis-

499 871 548 902 se
572 862 734 919 putet,
764 871 907 918 quam
934 855 1179 917 quomodo
1204 872 1231 901 a
1255 856 1394 902 nobis
1419 864 1625 920 uterque
1649 857 1820 904 induc-

497 940 576 980 tus
619 941 691 981 est
712 953 725 992 3
780 933 819 979 is
858 932 950 979 erit
988 949 1047 979 ex
1089 932 1165 990 iis,
1202 932 1284 994 qui
1322 940 1406 980 aut
1429 932 1536 980 illos
1564 950 1664 980 non
1688 934 1821 981 audi-

498 1012 644 1070 erint,
677 1018 761 1058 aut
776 1011 1001 1074 judicare
1026 1027 1125 1056 non
1148 1010 1350 1074 possint,
1421 1011 1550 1068 Nam
1573 1009 1669 1066 fuit
1692 1018 1822 1068 uter-

499 1106 594 1153 que
611 1093 689 1153 (ut
711 1089 912 1152 exposui
929 1087 1096 1148 antea)
1111 1105 1222 1136 cum
1241 1089 1421 1147 studio,
1436 1096 1582 1152 atque
1602 1089 1821 1152 ingenio,

498 1176 549 1216 et
569 1168 810 1226 doctrina,
824 1175 1073 1230 praestans
1089 1168 1332 1225 omnibus,
1347 1175 1453 1214 tum
1469 1168 1519 1214 in
1536 1184 1623 1215 suo
1638 1184 1821 1231 genere

498 1246 747 1311 perfectus
770 1266 782 1304 3
827 1254 883 1293 ut
912 1262 1072 1309 neque
1098 1246 1148 1292 in
1176 1246 1397 1294 Antonio
1424 1246 1616 1294 deesset
1641 1247 1720 1294 hic
1746 1264 1818 1295 or·-

499 1334 642 1373 natus
666 1325 912 1381 orationis,
934 1341 1094 1388 neque
1119 1325 1168 1371 in
1196 1325 1368 1372 Crasso
1393 1324 1707 1374 redundaret.

565 1405 636 1452 Ut
660 1403 810 1467 igitur
835 1411 947 1450 ante
984 1403 1239 1451 meridiem
1273 1403 1618 1462 discesserunt,
1653 1403 1822 1468 paulu-

455 1505 466 1518 θ
498 1483 698 1548 {umque
739 1484 1042 1547 requierunt,
1082 1483 1132 1529 in
1172 1483 1338 1546 primis
1379 1482 1474 1530 hoc
1516 1499 1544 1530 a
1584 1484 1634 1530 Se
1674 1483 1822 1531 Cotta

498 1561 891 1610 animadversum
933 1578 1035 1608 esse
1079 1560 1293 1618 dicebat,
1346 1577 1491 1608 omne
1532 1560 1655 1609 illud
1700 1570 1821 1615 tem÷

496 1657 587 1705 pus
612 1640 934 1687 meridianum
979 1639 1206 1686 Crassum
1247 1639 1297 1685 in
1323 1639 1558 1686 acerrima
1582 1648 1728 1703 atque
1753 1649 1822 1692 at÷

498 1719 772 1770 tentissima
814 1717 1113 1781 cogitatione
1160 1717 1410 1780 posuisse3
1473 1735 1692 1782 seseque,
1740 1719 1822 1783 qui

498 1797 689 1845 vultum
716 1796 833 1860 ejus,
872 1812 985 1843 cum
1024 1796 1068 1843 ei
1102 1795 1366 1843 dicendum
1394 1804 1537 1855 esset,
1574 1798 1823 1844 obtutum-

501 1892 597 1939 que
622 1874 876 1922 oculorum
901 1874 951 1920 in
991 1873 1256 1937 cogitando
1280 1875 1432 1936 probe
1456 1882 1640 1933 nosset,
1675 1884 1822 1938 atque

498 1955 549 2002 in
574 1952 798 2001 maximis
824 1951 981 1999 causis
1017 1968 1160 2015 saepe
1185 1951 1404 2010 vidisset,
1439 1961 1546 2000 tum
1583 1953 1751 2001 dedita
1774 1972 1823 2003 o-

498 2051 630 2099 pera,
670 2031 1033 2096 quiescentibus
1071 2031 1190 2087 aliis,
1228 2031 1279 2082 in
1305 2048 1412 2079 eam
1454 2032 1719 2081 exhedram
1743 2051 1823 2086 ve:³

499 2112 647 2170 nisse,
681 2111 732 2157 in
758 2127 853 2174 qua
878 2109 1078 2157 Crassus
1102 2109 1286 2159 lectulo
1309 2110 1469 2173 posito
1488 2113 1823 2175 recubuisset;

503 2206 714 2252 cumque
741 2205 853 2236 eum
877 2188 928 2234 in
961 2187 1261 2251 cogitatione
1287 2188 1501 2236 defixum
1527 2207 1630 2238 esse
1656 2193 1827 2241 sensis-

502 2275 595 2326 set,
631 2267 795 2328 statim
833 2267 1117 2318 recessisse:
1157 2274 1304 2329 atque
1328 2267 1378 2313 in
1404 2284 1463 2320 eo
1488 2268 1680 2316 silentio
1706 2271 1825 2319 duas

500 2345 642 2394 horas
665 2344 768 2393 fere
794 2361 896 2392 esse
927 2351 1255 2407 consumptas
1325 2344 1524 2397 Deinde
1549 2363 1699 2408 quum
1724 2364 1825 2395 om-

501 2441 606 2483 nes,
631 2422 865 2472 inclinato
900 2421 1002 2485 jam
1022 2422 1072 2468 in
1091 2422 1481 2486 pomeridianum
1506 2431 1700 2488 tempus
1726 2426 1824 2486 die,

500 2503 750 2553 venissent
786 2501 850 2549 ad
891 2501 1138 2558 Crassum,
1175 2500 1293 2564 quid
1334 2509 1408 2548 est
1442 2501 1630 2558 Crasse,
1667 2504 1828 2567 inquit

501 2582 698 2634 Julius?
738 2582 929 2633 imusne
972 2580 1191 2627 sessum?
1235 2580 1325 2627 etsi
1365 2579 1670 2636 admonitum
1694 2583 1826 2630 veni-

503 2678 610 2710 mus
647 2668 718 2719 te,
758 2676 855 2709 non
889 2659 1179 2722 flagitatum.
1250 2658 1381 2705 Tum
1407 2658 1626 2717 Crassus,
1661 2676 1722 2707 an
1747 2677 1825 2709 me

502 2747 603 2786 tam
644 2738 984 2802 impudentem
1023 2753 1125 2788 esse
1152 2736 1456 2794 existimatiS,
1492 2745 1548 2784 ut
1570 2737 1707 2785 vobis
1729 2737 1824 2787 hoc

503 2817 788 2881 praesertim
826 2832 1003 2863 munus
1039 2822 1211 2880 putem
1237 2815 1419 2862 diutius
1448 2831 1587 2879 posse
1613 2815 1825 2872 debere?

505 2895 720 2952 Quinam
762 2895 926 2959 igitur,
964 2894 1124 2960 inquit
1147 2893 1248 2954 ille,
1282 2892 1456 2943 locus?
1492 2910 1554 2942 an
1589 2894 1641 2941 in
1664 2894 1826 2958 media
