2071 3508
495 453 573 489 324
1006 449 1082 488 DE
1104 448 1304 489 CLARIS

494 559 704 624 pulerit3
745 559 1091 623 civitatemque
1132 568 1373 624 perpetuo
1415 557 1667 606 dominatu
1699 557 1818 608 libe-

497 646 651 686 ratam
677 638 1038 701 magistratibus
1064 638 1252 694 annuis,
1284 637 1492 700 legibUS,
1519 634 1818 700 judiciisque

500 716 810 775 devinxerit3
851 716 932 779 qui
959 715 1176 778 collegae
1214 732 1301 763 suo
1336 714 1594 778 imperium
1618 715 1821 778 abroga-

500 795 644 852 verit,
680 802 736 841 ut
776 811 802 841 e
842 794 1039 841 civitate
1079 793 1254 857 regalis
1291 792 1500 840 nominis
1536 792 1820 839 memoriam

502 871 726 919 tolleret:
779 872 910 935 quod
952 880 1085 919 certe
1127 871 1252 919 effici
1289 887 1387 918 non
1434 870 1686 933 potuisset,
1730 870 1824 918 nisi

503 958 632 997 esset
655 950 873 997 oratione
892 966 1190 1013 persuasum.
1260 949 1500 996 Videmus
1516 949 1634 995 item
1653 948 1824 1012 paucis

504 1028 642 1075 annis
682 1035 793 1091 post
832 1044 972 1090 reges
998 1036 1214 1086 exactos,
1251 1044 1363 1074 cum
1398 1027 1565 1090 plebes
1588 1043 1740 1090 prope
1764 1026 1826 1072 ri-

504 1121 616 1168 pam
645 1103 851 1151 Anienis
876 1103 938 1150 ad
962 1105 1161 1151 tertium
1197 1104 1473 1151 milliarium
1507 1103 1827 1162 consedisset,

507 1204 717 1250 eumque
755 1196 992 1246 montem,
1030 1188 1111 1250 qui
1154 1188 1300 1234 Sacer
1324 1186 1594 1250 appellatus
1619 1195 1709 1245 est,
1745 1203 1828 1234 oc-

508 1266 798 1329 cupavisset,
850 1265 924 1312 M.
973 1265 1225 1313 Valerium
1275 1265 1565 1311 dictatorem
1614 1264 1827 1311 dicendo

507 1344 749 1391 sedavisse
775 1344 1056 1400 discordias,
1096 1344 1237 1407 eique
1276 1344 1337 1390 ob
1363 1359 1469 1390 eam
1493 1359 1595 1389 rem
1621 1341 1830 1389 honores

506 1421 826 1485 amplissimos
861 1422 1070 1480 habitos,
1124 1430 1173 1469 et
1214 1438 1325 1469 eum
1365 1421 1577 1485 primum
1618 1421 1680 1467 ob
1722 1435 1831 1468 eam

506 1500 660 1564 ipsam
688 1517 881 1548 causam
926 1501 1202 1547 Maximum
1240 1516 1342 1547 esse
1368 1498 1680 1563 appellatum.
1751 1498 1831 1545 Ne

507 1578 566 1625 L.
595 1579 846 1627 Valerium
885 1580 1082 1643 quidem
1121 1579 1337 1626 Potitum
1378 1578 1584 1625 arbitror
1625 1593 1723 1624 non
1748 1575 1832 1623 ali-

509 1658 628 1720 quid
668 1659 883 1721 potuisse
923 1658 1152 1715 dicendo,
1195 1658 1277 1721 qui
1311 1665 1423 1720 post
1455 1655 1832 1703 decemviralem

509 1735 762 1793 invidiam,
808 1735 1003 1799 plebem
1045 1736 1095 1781 in
1136 1743 1299 1798 patres
1344 1734 1598 1780 incitatam
1639 1732 1830 1796 legibus

511 1820 562 1859 et
587 1813 906 1860 concionibus
931 1814 1027 1860 suis
1052 1812 1363 1876 mitigaverit.
1442 1811 1702 1858 Possumus
1730 1810 1833 1874 Ap-

509 1891 646 1955 pium
667 1890 929 1938 Claudium
950 1889 1182 1953 suspicari
1203 1890 1453 1944 disertum,
1473 1889 1586 1953 quia
1609 1897 1834 1937 senatum

502 1968 605 2032 jam
622 1967 727 2031 jam
751 1969 1061 2026 inclinatum,
1097 1985 1125 2015 a
1162 1967 1331 2032 Pyrrhi
1367 1984 1488 2031 pace
1514 1968 1832 2017 revocaverit.

511 2054 775 2101 Possumus
816 2053 871 2100 C.
913 2054 1209 2111 Fabricium,
1252 2054 1364 2116 quia
1407 2055 1468 2102 sit
1493 2055 1554 2102 ad
1594 2055 1833 2120 Pyrrhum

513 2132 574 2178 de
601 2132 804 2195 captivis
829 2132 1176 2195 recuperandis
1212 2132 1384 2180 missus
1409 2141 1603 2180 orator:
1642 2132 1702 2179 T.
1741 2132 1835 2180 Co-

512 2209 823 2266 runcanium,
874 2208 1006 2270 quod
1044 2225 1105 2255 ex
1143 2208 1432 2271 pontificum
1474 2208 1864 2258 commentariis

513 2286 661 2348 longe
686 2285 949 2348 plurimum
988 2287 1188 2349 ingenio
1212 2286 1417 2334 valuisse
1440 2288 1665 2336 videatur
1685 2306 1697 2335 ε
1739 2288 1834 2336 Μ’.

517 2363 741 2420 Curium,
778 2363 909 2425 quod
933 2363 972 2409 is
996 2364 1220 2410 tribunus
1254 2364 1423 2427 plebis,
1461 2365 1707 2428 interrege
1733 2364 1836 2429 Ap-

515 2442 599 2505 pio
625 2442 806 2499 CaeCO,
832 2441 1014 2489 diserto
1039 2442 1254 2501 homine,
1287 2443 1486 2490 comitia
1510 2451 1681 2491 contra
1703 2443 1838 2508 leges

518 2519 751 2576 habente,
768 2535 880 2565 cum
907 2520 967 2567 de
992 2520 1134 2583 plebe
1155 2520 1404 2568 consulem
1424 2537 1522 2568 non
1547 2521 1840 2585 accipiebat,

518 2605 681 2659 patres
723 2604 836 2643 ante
880 2606 1103 2645 auctores
1138 2597 1241 2644 fieri
1283 2599 1533 2661 coegerim
1574 2599 1706 2662 quod
1743 2598 1839 2647 fuit

518 2690 861 2737 permagnum,
897 2676 1116 2722 nondum
1140 2675 1252 2739 lege
1279 2675 1480 2724 Maenia
1501 2676 1615 2724 lata.
1695 2677 1840 2726 Licet
1877 2674 1879 2676 ’

521 2750 706 2813 aliquid
746 2752 892 2798 etiam
936 2753 996 2800 de
1037 2753 1112 2801 Μ.
1154 2754 1333 2817 Popilii
1355 2754 1555 2818 ingenio
1590 2755 1840 2819 suspicari,

522 2827 605 2888 qui
631 2844 743 2874 cum
769 2829 938 2876 consul
975 2839 1120 2889 esset,
1157 2831 1433 2895 eodemque
1454 2840 1674 2896 tempore
1699 2832 1842 2880 sacri-

522 2902 686 2950 ficium
723 2905 974 2968 publicum
1019 2923 1131 2954 cum
1171 2906 1313 2957 laena
1343 2910 1546 2968 faceret,
1582 2910 1715 2973 quod
1739 2917 1843 2960 erat
