2071 3508
324 994 437 1036 234.

325 1691 429 1752 58.

324 1864 437 1906 235.

469 412 545 451 174
944 409 1020 448 DE
1051 409 1319 449 ORATORE

465 517 544 567 leo
569 534 713 583 saepe
739 517 902 566 mirari
927 535 1097 566 eorum
1126 519 1504 584 impudentiam,
1532 518 1614 582 qui
1640 526 1796 583 agunt

466 598 517 645 in
556 614 704 646 scena
742 605 957 661 gestum,
994 596 1250 662 spectante
1278 598 1492 646 Roscio:
1533 598 1639 662 quis
1664 598 1795 646 enim

467 693 572 726 sese
614 692 924 725 commovere
961 683 1141 739 potest,
1183 676 1321 740 cujus
1356 676 1438 725 ille
1461 676 1581 724 vitia
1604 693 1705 724 non
1728 675 1797 723 vi-

466 756 608 805 deat?
634 757 714 805 Sic
734 773 827 819 ego
841 771 990 811 nunc,
1018 755 1193 803 Crasso
1212 756 1460 811 audiente,
1487 756 1702 820 primum
1726 755 1798 803 lo-

467 851 587 899 quar
611 835 673 883 de
697 834 908 890 facetiis,
947 841 997 881 et
1022 833 1212 880 docebo
1238 851 1316 881 sus
1343 837 1423 898 (ut
1448 833 1611 895 aiunt)
1637 841 1797 882 orato-

467 930 571 961 rem
610 930 743 972 eum,
785 929 931 976 quem
975 928 1089 959 cum
1132 911 1337 959 Catulus
1373 928 1530 975 nuper
1566 912 1796 970 audisset,

467 992 670 1041 foenum
709 991 845 1050 alios,
882 991 1060 1048 aiebat,
1098 1007 1201 1038 esse
1227 997 1469 1055 oportere.
1541 990 1674 1037 Tum
1698 990 1800 1050 ille,

468 1071 757 1127 Jocabatur,
781 1069 960 1132 inquit,
998 1068 1220 1127 Catulus,
1256 1068 1543 1133 praesertim
1580 1085 1693 1116 cum
1729 1069 1800 1118 ita

470 1149 604 1197 dicat
641 1149 763 1212 ipse,
804 1154 861 1194 ut
898 1147 1139 1194 ambrosia
1178 1146 1383 1194 alendus
1419 1164 1524 1195 esse
1555 1147 1797 1196 videatur.

467 1226 658 1275 Verum
681 1233 732 1273 te
759 1226 956 1282 Caesar,
981 1225 1254 1283 audiamus,
1290 1233 1346 1272 ut
1370 1225 1433 1273 ad
1459 1225 1669 1273 Antonii
1693 1226 1802 1274 reli-

467 1322 564 1370 qua
587 1304 861 1353 redeamus.
933 1303 999 1350 Et
1025 1302 1295 1362 Antonius,
1322 1304 1575 1367 Parpauca
1599 1304 1799 1367 quidem

466 1384 588 1433 mihi
628 1390 833 1441 restant,
872 1382 1062 1446 inquit:
1102 1382 1189 1430 sed
1229 1389 1416 1441 tamen,
1453 1382 1672 1431 defessus
1694 1382 1799 1447 jam

466 1462 633 1511 labore
659 1469 806 1525 atque
831 1461 1006 1509 itinere
1032 1460 1396 1525 disputationis,
1420 1461 1724 1526 requiescam
1748 1463 1800 1510 in

469 1541 691 1590 Caesaris
715 1558 959 1600 sermone,
995 1542 1132 1605 quasi
1156 1541 1208 1588 in
1233 1541 1396 1606 aliquo
1429 1550 1799 1607 peropportuno

467 1621 749 1669 diversorio.

535 1700 712 1763 Atqui,
736 1700 897 1764 inquit
920 1699 1099 1757 Julius,
1125 1715 1225 1747 non
1249 1699 1393 1746 nimis
1410 1698 1798 1764 libe1·alQhospi-

468 1779 592 1826 tium
634 1795 801 1826 meum
840 1778 1007 1826 dices:
1046 1794 1160 1825 nam
1201 1785 1251 1825 te
1292 1778 1343 1824 in
1384 1777 1532 1836 viam,
1571 1777 1714 1825 simul
1739 1795 1797 1826 ac

467 1857 809 1922 perpaululum
833 1857 1062 1921 gustaris‚
1088 1856 1368 1915 extrudam,
1385 1864 1436 1904 et
1451 1855 1659 1920 ejiciam.
1698 1855 1798 1915 Ac,

467 1953 530 1984 ne
573 1936 757 1983 diutius
794 1952 880 1983 vos
922 1935 1166 1993 demorer,
1209 1935 1270 1983 de
1307 1935 1440 1983 omni
1476 1936 1570 1984 isto
1594 1951 1797 1999 genere,

467 2016 587 2080 quid
634 2016 861 2073 sentiam,
901 2015 1208 2079 perbreviter
1250 2030 1509 2078 exponam.
1581 2015 1662 2062 De
1698 2015 1799 2062 risu

468 2095 684 2158 quinque
712 2102 844 2152 sunt,
864 2111 988 2157 quae
1009 2101 1307 2157 quaerantur
1328 2110 1339 2140 ε
1366 2109 1540 2152 unum,
1565 2093 1686 2158 quid
1709 2094 1794 2143 sit:

468 2172 692 2228 alterum,
720 2172 854 2220 unde
880 2173 974 2231 sit3
1014 2172 1235 2230 tertium,
1267 2172 1392 2220 sitne
1430 2172 1634 2220 oratoris
1671 2171 1799 2221 velle

466 2251 618 2298 risum
657 2267 888 2298 movere:
928 2258 1175 2313 quartum,
1215 2257 1489 2313 quatenus:
1550 2251 1798 2315 quintum,

468 2346 592 2393 quae
620 2329 716 2376 sint
739 2346 924 2393 genera
947 2328 1158 2376 ridiculi.
1231 2328 1401 2391 Atque
1420 2328 1543 2376 illud
1565 2329 1797 2392 primum,

466 2408 585 2472 quid
610 2407 672 2455 sit
695 2408 798 2471 ipse
824 2407 965 2465 risus,
1001 2423 1098 2470 quo
1122 2414 1269 2470 pacto
1295 2406 1592 2466 concitetur,
1607 2407 1694 2455 ubi
1718 2408 1799 2467 sit,

465 2487 713 2550 quomodo
739 2486 958 2544 exsistat,
983 2492 1132 2549 atque
1156 2485 1226 2532 ita
1248 2492 1452 2549 repente
1479 2493 1723 2549 erumpat,
1741 2494 1798 2534 ut

465 2582 578 2613 eum
618 2566 873 2630 cupientes
913 2572 1085 2612 tenere
1127 2580 1447 2628 nequeanmS,
1473 2571 1523 2612 et
1547 2565 1796 2628 quomodo

464 2643 608 2692 simul
631 2644 804 2702 latera,
833 2660 901 2699 os,
929 2659 1096 2701 venas,
1131 2642 1343 2702 vultum,
1367 2642 1537 2691 oculos
1562 2652 1794 2709 occupet,

462 2723 642 2771 viderit
666 2722 1017 2770 Democritus:
1056 2738 1217 2786 neque
1256 2722 1388 2770 enim
1426 2722 1489 2770 ad
1529 2722 1662 2771 hunc
1700 2739 1796 2771 ser-

464 2817 660 2849 monem
700 2801 796 2850 hoc
831 2800 1078 2866 pertinet3
1119 2808 1186 2860 ct,
1225 2801 1264 2848 si
1292 2801 1580 2865 pertineret,
1604 2801 1794 2849 nescire

463 2895 542 2927 me
567 2888 734 2929 tamen
757 2881 810 2931 id
834 2897 934 2929 non
957 2881 1186 2946 puderet,
1228 2880 1363 2943 quod
1387 2896 1450 2929 ne
1475 2880 1565 2945 ipsi
1590 2879 1792 2944 quidem
