2071 3508
802 385 1178 424 ORATORIBUS.
1577 389 1653 423 3353

314 501 554 557 quentem
577 493 735 551 aiunt,
751 492 899 551 illius,
926 492 1009 555 qui
1026 509 1163 539 sacra
1188 492 1456 555 acceperit,
1481 494 1651 543 filium.

314 574 510 622 Bleunt
535 572 683 620 etiam
709 570 768 618 L.
797 570 1086 626 Lentulum,
1126 570 1211 633 qui
1248 587 1361 617 cum
1389 571 1446 618 C.
1475 572 1651 635 Figulo

313 650 486 700 consul
509 649 636 709 fuit3
684 649 747 706 Q.
775 649 1106 708 Nobiliorem,
1146 648 1221 696 M.
1247 648 1421 708 filium,
1438 648 1542 714 jam
1568 667 1652 714 pa-

312 731 408 778 trio
433 729 662 777 instituto
688 729 915 777 deditum
953 729 1117 776 studio
1141 728 1411 785 literarum,
1451 729 1534 793 qui
1561 730 1650 778 eti-

310 825 389 856 am
417 809 480 864 Q.
507 808 742 865 Ennium,
772 809 857 873 qui
900 825 1014 856 cum
1050 816 1190 872 patre
1228 807 1331 873 ejus
1356 809 1407 856 in
1446 808 1649 858 Aetolia

306 886 624 946 militaverat,
650 887 852 936 civitate
878 887 1100 948 donavit,
1127 905 1241 936 cum
1266 887 1493 938 triumvir
1518 888 1649 937 colo-

304 966 437 1014 niam
465 967 755 1015 deduxisset
771 988 785 1028 3
815 975 866 1016 et
892 967 953 1015 T.
983 967 1207 1015 Annium
1234 967 1476 1026 Luscum,
1501 967 1647 1032 hujus

307 1044 372 1102 Q.
394 1045 554 1093 Fulvii
575 1045 838 1110 collegam,
854 1063 956 1095 non
975 1047 1270 1095 indisertum
1287 1046 1463 1095 dicunt
1478 1044 1644 1095 fuisse.

305 1123 477 1190 Atque
495 1126 645 1174 etiam
662 1126 722 1175 L.
742 1126 941 1186 Paulus,
963 1126 1190 1175 Africani
1207 1134 1365 1190 pater,
1383 1143 1646 1191 personam

302 1205 541 1270 principis
568 1206 687 1254 civis
712 1206 860 1255 facile
898 1207 1113 1255 dicendo
1138 1208 1373 1254 tuebatur
1393 1227 1407 1266 3
1453 1214 1504 1255 et
1527 1223 1646 1255 vero

305 1283 455 1331 etiam
480 1292 589 1332 tum
627 1285 819 1333 Catone
855 1286 984 1341 vivo,
1025 1285 1108 1348 qui
1145 1301 1299 1332 annos
1337 1285 1556 1348 quinque
1594 1293 1646 1333 et

302 1363 562 1427 octoginta
586 1372 732 1411 natus
758 1363 972 1411 excessit
997 1379 1023 1411 e
1060 1363 1176 1418 vita,
1217 1379 1330 1410 cum
1357 1363 1557 1425 quidem
1584 1381 1645 1411 eo

302 1442 410 1507 ipso
436 1459 567 1490 anno
593 1450 767 1491 contra
793 1443 894 1490 Ser.
923 1441 1135 1490 Galbam
1161 1441 1225 1488 ad
1248 1441 1489 1505 populum
1515 1461 1644 1490 sum-

302 1538 384 1569 ma
409 1521 732 1570 contentione
753 1520 957 1571 dixisset
979 1538 990 1567 :
1019 1536 1166 1584 quam
1193 1520 1341 1572 etiam
1368 1522 1644 1572 orationem

302 1602 536 1667 scriptam
563 1600 779 1666 reliquit.

369 1681 468 1729 Sed
492 1682 606 1730 vivo
633 1681 825 1730 Catone
846 1681 1060 1731 minores
1085 1691 1205 1731 natu
1226 1683 1369 1732 multi
1394 1700 1495 1732 uno
1519 1692 1643 1732 tem·
1675 1678 1783 1738 Ql.

298 1776 419 1826 pore
445 1769 661 1810 oratores
686 1761 975 1811 floruerunt.
1046 1762 1178 1810 Nam
1214 1770 1266 1811 et
1302 1762 1368 1810 A.
1408 1762 1644 1824 Albinus,

298 1840 359 1899 is,
384 1841 469 1905 qui
488 1840 685 1889 Graece
705 1841 901 1906 scripsit
925 1841 1194 1898 historiam,
1216 1843 1300 1906 qui
1325 1843 1499 1890 consul
1525 1860 1641 1891 cum

300 1918 362 1968 L.
389 1919 604 1968 Lucullo
628 1919 743 1980 fuit,
781 1929 832 1969 et
855 1920 1080 1969 literatus
1106 1929 1157 1969 et
1183 1921 1393 1969 disertus
1417 1921 1543 1970 fuit:
1589 1932 1641 1970 et

299 1999 466 2048 tenuit
490 2016 605 2048 cum
629 1999 726 2048 hoc
750 1999 917 2047 locum
943 1999 1195 2064 quendam
1221 2001 1370 2048 etiam
1397 2000 1499 2049 Ser.
1527 2001 1641 2050 Ful-

298 2079 427 2139 vius,
453 2087 504 2129 et
527 2097 627 2128 una
652 2080 754 2128 Ser.
782 2079 962 2128 Fabius
988 2080 1171 2135 Pictor,
1199 2087 1250 2128 et
1273 2079 1414 2145 juris,
1455 2088 1507 2129 et
1529 2081 1639 2129 lite-

296 2175 482 2218 rarum,
508 2167 559 2207 et
583 2157 890 2223 antiquitatis
914 2159 1042 2207 bene
1061 2159 1265 2222 peritus.
1319 2159 1638 2225 Quintusque

299 2237 481 2286 Fabius
505 2237 676 2286 Labeo
700 2236 797 2285 fuit
832 2245 1034 2285 ornatus
1064 2237 1237 2285 iisdem
1262 2236 1367 2286 fere
1390 2237 1636 2288 laudibus.

297 2317 431 2366 Nam
457 2317 521 2374 Q.
550 2317 808 2378 Metellus,
844 2319 902 2378 is,
939 2317 1078 2383 cujus
1115 2328 1326 2382 quatuor
1350 2319 1435 2366 filii
1461 2336 1637 2368 consu-

295 2397 422 2452 lassses
457 2396 676 2456 fuerunt,
715 2399 767 2445 in
803 2399 972 2463 primis
1009 2406 1084 2447 est
1125 2398 1321 2446 habitus
1363 2390 1661 2464 eloquenss

297 2477 382 2542 qui
422 2493 513 2541 pro
555 2476 615 2525 L.
660 2477 811 2526 Cotta
846 2478 992 2537 dixit,
1045 2486 1312 2526 accusante
1350 2477 1633 2528 Africano:

296 2555 438 2621 cujus
481 2564 532 2604 et
571 2556 695 2605 aliae
737 2565 852 2605 sunt
897 2557 1166 2616 orationes,
1217 2564 1266 2606 et
1309 2565 1481 2606 contra
1517 2558 1634 2608 Tib.

297 2636 588 2686 Gracchum
624 2637 849 2702 exposita
884 2644 958 2685 est
982 2637 1033 2683 in
1071 2638 1129 2686 C.
1157 2637 1332 2684 Fannii
1357 2637 1632 2687 annalibus·

298 2717 432 2765 Tum
470 2717 574 2781 ipse
616 2715 676 2764 L.
721 2716 872 2764 Cotta
911 2724 1160 2764 veterator
1194 2716 1409 2775 habitus,
1448 2717 1535 2766 sed
1572 2717 1630 2767 C.

297 2795 498 2845 Laelius
534 2802 585 2844 et
621 2795 676 2843 P.
711 2793 981 2843 Africanus
1016 2794 1066 2841 in
1097 2794 1267 2858 primis
1307 2794 1629 2859 eloquentes:

299 2891 509 2943 quorum
535 2881 732 2926 exstant
770 2873 1035 2935 01·ationeS‚
1072 2889 1135 2923 ex
1161 2872 1339 2938 quibus
1363 2873 1632 2928 existimari
