2071 3508
753 369 920 409 LIBER
948 368 1174 409 PRIMUS.
1580 374 1632 412 23

302 481 436 530 fecto
455 479 650 537 efficiet,
669 487 725 526 ut
744 495 1090 543 quamcunque
1114 494 1218 526 rem
1243 494 1271 525 a
1296 494 1490 541 quoque
1517 496 1631 543 cog-

302 559 512 617 noverit,
528 558 589 606 de
606 574 664 605 ea
678 556 834 605 multo
851 557 984 605 dicat
999 557 1235 615 ornatius,
1252 573 1397 620 quam
1414 556 1495 605 ille
1509 557 1630 621 ipse,

301 637 432 684 unde
452 636 694 699 cognorit.
749 635 846 683 Sed
865 636 903 683 si
923 652 1001 684 me
1021 635 1250 694 audierit,
1276 636 1507 699 quoniam
1526 638 1630 700 phi·
1664 642 1742 683 68.

298 701 519 780 losophia
559 714 610 761 in
648 722 747 763 tres
783 722 946 778 partes
989 722 1064 762 est
1098 715 1300 773 tributa,
1338 714 1390 761 in
1426 723 1631 764 naturae

297 794 668 853 obscuritatem,
702 794 755 841 in
790 793 1060 842 disserendi
1096 793 1436 853 subtilitatem,
1478 794 1529 841 in
1564 796 1634 843 vi-

297 879 398 920 tam
431 882 579 938 atque
603 889 797 932 mores3
843 873 942 921 duo
979 872 1061 920 illa
1093 872 1444 937 relinquamus,
1483 882 1632 938 atque

295 946 561 1016 largiamur
585 952 791 1000 inertiae
815 959 1011 1000 nostrae
1033 969 1044 999 :
1085 952 1287 999 tertium
1319 969 1455 1011 vero,
1499 953 1633 1016 quod

297 1046 489 1095 semper
513 1032 717 1079 oratoris
751 1030 865 1090 fuit,
906 1031 999 1078 nisi
1033 1031 1330 1088 tenebimus,
1369 1030 1491 1078 nihil
1527 1048 1633 1079 ora-

296 1109 409 1168 tori,
446 1110 498 1156 in
534 1127 632 1174 quo
668 1126 875 1174 magnus
923 1126 1027 1158 esse
1062 1110 1234 1173 possit,
1278 1108 1628 1173 relinquemus.

298 1188 465 1245 Quare
515 1189 597 1237 hic
654 1189 793 1236 locus
851 1188 913 1236 de
965 1188 1067 1236 vita
1118 1197 1170 1236 et
1228 1188 1444 1236 moribus
1496 1196 1631 1237 totus
1663 1187 1741 1228 69·

297 1275 371 1315 est
393 1268 575 1316 oratori
598 1267 952 1332 perdiscendus
979 1284 991 1313 t
1031 1274 1227 1314 caetera
1251 1266 1290 1313 si
1315 1283 1417 1314 non
1443 1267 1629 1317 didice-

296 1345 379 1404 rit,
420 1357 586 1394 tamen
622 1346 822 1410 poterit,
862 1345 900 1393 si
937 1345 1134 1409 quando
1159 1362 1282 1409 opus
1307 1346 1417 1404 erit,
1455 1363 1629 1396 ornare

299 1424 531 1484 dicendo,
563 1426 601 1473 si
625 1425 774 1472 modo
799 1432 943 1472 erunt
967 1424 1030 1471 ad
1054 1439 1168 1471 eum
1194 1422 1375 1482 delata,
1407 1432 1457 1472 et
1481 1425 1630 1473 tradi-

295 1512 361 1551 ta.
432 1503 631 1551 Etenim
673 1503 712 1550 si
754 1510 949 1551 constat
983 1503 1112 1550 inter
1148 1502 1341 1561 doctos,
1376 1503 1629 1553 hominem
1653 1488 1752 1548 16·

292 1582 520 1645 ignarum
545 1581 857 1646 astrologiae,
883 1581 1116 1641 Aratum,
1141 1582 1461 1631 ornatissimis
1481 1592 1630 1649 atque

295 1660 492 1725 optimis
539 1662 776 1720 versibus,
819 1661 882 1709 de
933 1660 1072 1709 coelo
1109 1661 1358 1726 stellisque
1412 1663 1630 1726 dixisse3

294 1739 352 1798 si,
379 1739 440 1787 de
465 1741 611 1787 rebus
634 1740 849 1800 rusticis,
868 1740 1119 1789 hominem
1145 1742 1204 1789 ab
1224 1758 1343 1805 agro
1369 1743 1632 1791 remotissi-

293 1835 446 1878 mum,
466 1819 776 1868 Nicandrum
796 1819 1179 1885 Colophonium,
1197 1821 1396 1885 poetica
1419 1823 1631 1886 quadam

291 1895 549 1958 facultate,
574 1916 675 1947 non
699 1899 901 1959 rustica,
927 1900 1174 1964 scripsisse
1198 1900 1480 1964 praeclare3
1511 1902 1631 1965 quid

292 1985 383 2036 est,
410 1995 497 2026 cur
521 1995 622 2026 non
646 1987 810 2027 orator
848 1979 910 2027 de
948 1980 1093 2027 rebus
1134 1979 1191 2026 iis
1228 1979 1630 2043 eloquentissime

292 2057 444 2116 dicat,
486 2074 604 2122 quas
629 2057 692 2105 ad
719 2066 904 2106 certam
937 2074 1134 2106 causam
1175 2066 1470 2123 tempusque
1512 2076 1629 2124 cog-

293 2136 423 2183 norit
444 2136 459 2183 ?
510 2136 597 2184 Est
617 2137 749 2185 enim
773 2137 1007 2185 finitimus
1024 2138 1204 2186 oratori
1228 2141 1392 2202 poeta,
1409 2140 1626 2188 numeris
1658 2149 1736 2194 70.

291 2215 573 2263 adstrictior
613 2215 779 2280 paulo,
804 2218 1065 2264 verborum
1091 2223 1257 2263 autem
1282 2217 1485 2266 licentia
1508 2217 1627 2268 libe-

289 2294 406 2353 rior,
447 2294 614 2342 multis
650 2311 767 2342 vero
806 2295 1014 2343 ornandi
1048 2296 1314 2360 generibus
1350 2297 1529 2357 socius,
1568 2315 1627 2346 ac

287 2389 418 2438 pene
458 2390 579 2439 par3
634 2374 686 2421 in
726 2373 822 2422 hoc
864 2374 1064 2438 quidem
1104 2383 1239 2423 certe
1279 2392 1433 2440 prope
1474 2377 1628 2437 idem,

289 2453 437 2501 nullis
461 2462 517 2501 ut
541 2454 762 2501 terminis
789 2454 1161 2503 circumscribat
1199 2463 1284 2502 aut
1309 2454 1511 2503 definiat
1543 2455 1627 2520 jus

291 2549 451 2592 suum,
488 2549 586 2596 quo
624 2533 786 2580 minus
811 2534 857 2580 ei
880 2532 1030 2582 liceat
1055 2534 1228 2582 eadem
1263 2534 1346 2582 illa
1386 2534 1625 2583 facultate

291 2621 341 2661 et
366 2611 509 2675 copia
531 2612 717 2675 vagari,
736 2629 832 2676 qua
848 2612 985 2661 velit.
1055 2613 1284 2678 Namque
1309 2613 1431 2661 illud
1455 2631 1624 2678 quare,
1656 2621 1734 2667 71.

292 2690 546 2750 Scaevola,
582 2691 773 2756 negasti
799 2700 849 2740 te
874 2691 1024 2740 fuisse
1048 2692 1282 2752 laturum,
1318 2694 1409 2741 nisi
1436 2693 1485 2740 in
1511 2710 1624 2742 meo

291 2787 446 2836 regno
471 2787 618 2831 esses,
643 2771 777 2835 quod
812 2771 865 2818 in
902 2772 1037 2820 omni
1070 2788 1254 2837 genere
1280 2773 1534 2831 sermonis,
1573 2774 1623 2822 in

291 2850 426 2898 omni
459 2858 600 2917 parte
633 2849 954 2902 humanitatis
989 2852 1197 2900 dixerim
1239 2860 1482 2902 oratorem
1517 2869 1625 2915 per-

1222 2946 1251 2978 B
1278 2940 1310 2979 4
