2071 3508
444 448 522 484 238
930 446 1007 485 DE
1037 447 1304 486 ORATORE

326 551 425 611 12,
513 554 694 611 Quare,
740 570 851 601 cum
896 555 958 602 sit
999 556 1240 619 quaedam
1277 564 1412 604 certa
1435 573 1531 603 vox
1560 557 1772 605 Romani

332 647 412 687 44.
443 634 639 698 generis
679 636 909 698 urbisque
948 637 1161 699 propria,
1198 636 1248 682 in
1286 653 1382 699 qua
1417 635 1537 683 nihil
1574 635 1774 694 offendi,

330 956 410 996 45.

333 1917 412 1958 46.

336 2532 416 2577 47.

443 713 564 760 nihil
606 713 884 778 displicere,
925 714 1046 760 nihil
1088 714 1411 766 animadverti
1443 715 1614 778 possit,
1650 714 1772 761 nihil

444 808 615 840 Sonare
657 800 744 840 aut
783 792 914 840 olere
951 793 1283 856 peregrinum,
1322 793 1450 841 hanc
1475 809 1771 857 sequamur3

443 887 604 935 neque
647 871 803 919 solum
848 871 1079 918 rusticam
1118 872 1449 935 asperitatem,
1501 872 1587 920 sed
1626 872 1774 919 etiam

442 949 754 1014 peregrinam
781 949 1090 997 insolentiam
1116 949 1289 1013 fugere
1316 949 1576 996 discamus.
1627 949 1778 1013 Equi-

444 1028 557 1075 dem
595 1044 708 1075 cum
744 1028 892 1074 audio
922 1043 1117 1074 socrum
1142 1043 1301 1073 meam
1328 1025 1548 1073 Laeliam
1685 1027 1777 1090 (fa-

444 1106 583 1153 cilius
621 1106 750 1153 enim
795 1104 1021 1152 mulieres
1060 1105 1394 1168 incorruptam
1430 1104 1776 1168 antiquitatem

444 1191 755 1242 conservant,
798 1183 932 1247 quod
973 1182 1240 1231 multorum
1268 1183 1506 1230 sermonis
1531 1191 1775 1248 expertes,

444 1280 501 1312 ea
542 1271 716 1311 tenent
758 1279 964 1327 semper,
1001 1279 1125 1326 quae
1164 1263 1322 1326 prima
1347 1262 1653 1324 didicerunt)
1690 1263 1784 1311 sed·

445 1360 552 1391 eam
579 1343 648 1390 sic
679 1341 845 1400 audio,
883 1350 940 1389 ut
977 1341 1207 1389 Plautum
1244 1341 1383 1399 mihi,
1419 1348 1505 1388 aut
1529 1341 1777 1389 Naevium

443 1422 613 1469 videar
638 1421 823 1469 audire.
896 1421 1026 1468 Sono
1051 1420 1156 1484 ipso
1181 1421 1316 1468 vocis
1341 1420 1409 1468 ita
1432 1428 1572 1468 recto
1592 1428 1643 1468 et
1667 1421 1777 1468 sim-

443 1500 562 1565 plici
600 1509 688 1558 est,
732 1508 788 1548 ut
829 1500 949 1547 nihil
985 1499 1346 1558 ostentationis,
1383 1507 1469 1547 aut
1491 1499 1777 1547 imitationis

445 1580 616 1627 afferre
641 1579 900 1627 videatur:
940 1595 1002 1626 ex
1029 1595 1125 1642 quo
1164 1578 1233 1625 sic
1271 1577 1493 1625 locutum
1531 1594 1635 1626 esse
1673 1577 1777 1642 ejus

442 1667 634 1723 patrem
662 1657 852 1721 judico,
898 1657 966 1704 sic
1005 1656 1211 1720 majores
1238 1677 1250 1716 ;
1304 1673 1403 1704 non
1459 1673 1647 1721 aspere,
1695 1659 1777 1721 (ut

442 1737 540 1793 ille,
563 1754 709 1802 quem
735 1736 862 1797 dixi)
888 1753 986 1784 non
1030 1744 1183 1794 vaste,
1220 1752 1320 1783 non
1354 1736 1552 1791 rustice,
1580 1753 1680 1784 non
1704 1736 1776 1784 hi-

443 1817 555 1864 ulce
575 1837 587 1875 ;
627 1815 713 1863 sed
737 1831 920 1879 presse,
945 1822 996 1861 et
1020 1813 1358 1877 aequabiliter,
1385 1822 1436 1861 et
1460 1813 1652 1862 leniter.

514 1895 681 1952 Quare
708 1894 858 1942 Cotta
881 1902 1064 1952 noster,
1091 1892 1228 1956 cujus
1252 1902 1308 1940 tu
1333 1893 1414 1940 illa
1438 1892 1554 1951 lata,
1572 1893 1776 1958 Sulpici,

444 1990 799 2037 nonnunquam
824 1973 1045 2030 imitaris,
1080 1981 1137 2019 ut
1163 1973 1288 2020 IorA
1312 1972 1503 2020 literam
1529 1972 1688 2031 tollas,
1726 1980 1777 2021 et

446 2072 475 2102 E
500 2053 836 2118 plenissimum
854 2052 1006 2110 dicas,
1023 2068 1120 2098 non
1142 2051 1261 2098 mihi
1287 2059 1504 2099 oratores
1530 2053 1775 2116 antiquos,

446 2134 533 2181 sed
557 2148 794 2180 messores
817 2131 1014 2178 videtur
1039 2131 1233 2178 imitari.
1283 2131 1382 2179 Hic
1401 2147 1514 2178 curn
1541 2131 1777 2179 arrisisset

445 2213 549 2276 ipse
575 2211 838 2274 Sulpicius,
876 2210 954 2257 Sic
980 2226 1123 2273 agam
1148 2210 1422 2268 vobiscum,
1450 2211 1610 2274 inquit
1636 2210 1776 2259 Cras-

447 2306 545 2348 sus,
570 2298 627 2337 ut
651 2288 907 2353 (quoniam
947 2304 1025 2334 me
1060 2287 1195 2350 loqui
1232 2287 1476 2348 voluistis)
1503 2287 1688 2352 aliquid
1713 2289 1776 2337 de

446 2369 619 2416 vestris
654 2367 784 2414 vitiis
823 2366 1048 2413 audiatis.
1120 2366 1323 2413 Utinam
1351 2366 1577 2428 quidem!
1615 2367 1776 2430 inquit

447 2448 560 2496 ille:
597 2447 650 2494 id
685 2446 816 2493 enim
852 2445 1012 2508 ipsum
1048 2444 1304 2502 volumus;
1343 2443 1492 2507 idque
1518 2444 1556 2491 si
1580 2444 1773 2502 feceris,

448 2526 604 2574 multa
628 2528 710 2589 (ut
733 2523 964 2583 arbitror)
983 2522 1064 2570 hic
1082 2521 1230 2569 hodie
1256 2522 1373 2569 vitia
1395 2538 1651 2585 ponemus.
1704 2522 1778 2571 At

449 2606 580 2654 enim
605 2619 706 2651 non
730 2602 834 2650 sine
859 2618 969 2649 meo
988 2600 1222 2665 periculo,
1246 2600 1448 2647 Crassus
1466 2601 1641 2665 inquit,
1668 2617 1776 2665 pos-

449 2701 576 2743 sum,
602 2681 802 2746 Sulpici,
840 2688 890 2728 te
926 2679 1317 2744 reprehendere3
1357 2679 1590 2743 quoniam
1617 2680 1775 2728 Anto-

449 2765 558 2811 nius
583 2761 702 2810 mihi
727 2768 777 2809 te
803 2759 1102 2808 simillimum
1129 2759 1254 2806 dixit
1285 2759 1376 2806 sibi
1399 2758 1571 2806 videri.
1643 2758 1775 2806 Tum

448 2843 546 2898 ille,
574 2842 706 2888 Tum
731 2839 865 2904 quod
889 2839 1081 2887 monuit
1104 2839 1255 2897 idem,
1280 2847 1334 2886 ut
1354 2855 1427 2897 ea,
1453 2854 1572 2901 quae
1591 2838 1640 2886 in
1663 2853 1775 2900 quo-

450 2937 540 2989 que
578 2921 780 2970 maxima
811 2927 975 2979 essent,
1013 2919 1303 2968 imitaremur
1323 2939 1337 2966 :
1376 2933 1438 2966 ex
1463 2933 1561 2982 quo
1583 2931 1774 2975 vereor,
