2071 3508
765 382 931 421 LIBER
962 382 1184 423 PRIMUS.
1584 393 1638 431 35

299 492 566 557 negligere,
607 491 860 549 Scaevola,
889 490 962 540 fas
987 491 1107 539 mihi
1134 508 1236 540 esse
1263 509 1361 541 non
1387 496 1533 558 puto)
1559 514 1632 546 re.

299 570 532 636 spondeo,
580 569 951 643 Mihiflicendi
989 578 1075 618 aut
1111 571 1296 619 nullam
1334 583 1505 629 artem,
1545 584 1632 624 aut

293 658 584 712 pertenuem
603 648 776 708 videri,
797 649 883 697 sed
908 666 1106 698 omnem
1127 667 1230 699 esse
1256 652 1632 702 contentionem

293 727 422 775 inter
446 727 668 775 homines
695 727 868 777 doctos
893 729 944 776 in
968 730 1105 778 verbi
1131 731 1465 780 controversia
1502 732 1630 797 posi-

292 812 409 853 tam.
466 806 594 854 Nam
622 807 659 853 si
684 824 759 854 ars
785 807 854 856 ita
878 808 1128 868 definitur,
1154 817 1208 857 ut
1233 810 1380 874 paulo
1406 818 1520 860 ante
1547 828 1629 860 ex-
1650 815 1758 855 108·

289 885 455 948 posuit
498 885 768 945 Antonius,
811 904 872 936 ex
911 890 1056 937 rebus
1102 890 1299 953 penitus
1341 892 1628 955 perspectis,

289 963 533 1028 planeque
561 965 791 1028 cognitis,
808 974 956 1030 atque
982 969 1042 1015 ab
1063 968 1307 1031 opinionis
1332 970 1534 1018 arbitrio
1559 988 1631 1019 se-

280 1041 487 1107 junctis,
516 1044 821 1109 scientiaque
848 1046 1215 1109 comprehensis
1239 1069 1250 1106 ;
1292 1066 1389 1096 non
1417 1049 1537 1095 mihi
1562 1050 1629 1096 vi-

290 1122 436 1170 detur
460 1139 536 1170 ars
561 1123 766 1171 oratoris
793 1141 896 1172 esse
918 1124 1030 1172 ulla.
1104 1127 1227 1173 Sunt
1255 1127 1384 1174 enim
1411 1128 1563 1186 varia,
1581 1138 1630 1177 et

288 1201 352 1249 ad
392 1201 647 1266 vulgarem
693 1202 1081 1267 popularemque
1118 1220 1315 1252 sensum
1352 1222 1630 1255 accommo-

290 1280 406 1329 data
441 1284 607 1330 omnia
640 1300 826 1347 genera
861 1283 1005 1348 hujus
1031 1284 1238 1332 forensis
1264 1294 1458 1334 nostrae
1486 1287 1627 1336 dicti-

289 1360 410 1407 onis.
484 1361 568 1409 Sin
593 1372 758 1410 autem
786 1380 861 1421 ea,
889 1380 1012 1427 quae
1039 1364 1296 1411 observata
1320 1373 1435 1412 sunt
1460 1366 1510 1411 in
1536 1384 1628 1415 usu
1649 1370 1754 1412 109.

287 1454 344 1486 ac
370 1440 559 1488 ratione
585 1440 804 1500 dicendi,
828 1442 951 1489 haec
971 1443 1031 1489 ab
1056 1441 1338 1490 hominibus
1364 1442 1552 1493 callidis
1569 1463 1626 1495 ac

286 1517 456 1580 peritis
481 1519 820 1567 animadversa
845 1537 902 1568 ac
927 1527 1113 1576 notata,
1152 1521 1313 1568 verbis
1350 1522 1627 1587 designata,

283 1597 549 1659 generibus
573 1597 832 1657 illustrata,
870 1598 1091 1662 partibus
1123 1599 1386 1648 distributa
1410 1611 1524 1650 sunt
1550 1604 1626 1669 (id

287 1675 422 1738 quod
462 1675 565 1724 fieri
606 1677 825 1741 potuisse
851 1676 1023 1738 video)
1061 1694 1161 1725 non
1186 1678 1428 1743 intelligo,
1457 1699 1624 1745 quam-

285 1754 454 1807 obrem
497 1772 612 1812 non,
657 1756 696 1804 si
733 1756 895 1804 minus
930 1756 1013 1804 ina
1050 1757 1216 1805 subtili
1243 1757 1549 1821 definitione,
1575 1772 1626 1811 at

284 1830 377 1880 hac
402 1834 592 1899 vulgari
612 1835 859 1900 opinione,
882 1852 957 1883 ars
977 1852 1082 1884 esse
1107 1836 1350 1885 videatur.
1407 1840 1504 1887 Sed
1525 1841 1625 1890 sive

285 1920 361 1960 est
396 1931 491 1973 ars,
530 1915 631 1963 sive
668 1915 784 1962 artis
821 1914 1063 1979 quaedam
1088 1915 1378 1976 similitudo,
1415 1934 1514 1966 non
1553 1929 1624 1969 est

285 1992 486 2053 quidem
506 2011 564 2042 ea
588 1993 920 2057 negligenda;
948 2010 1120 2042 verum
1146 1994 1529 2059 intelligendum
1551 2006 1627 2050 est

282 2068 377 2118 alia
401 2072 643 2135 quaedam
663 2073 726 2120 ad
746 2072 1145 2143 consequendam
1166 2073 1499 2139 eloquentiam
1520 2093 1625 2126 esse

285 2166 483 2214 majora.

350 2229 483 2279 Tum
504 2229 756 2278 Antonius
772 2229 1094 2282 vehementer
1119 2247 1170 2279 se
1189 2233 1428 2281 assentire
1447 2233 1621 2283 Crasso
1638 2225 1745 2284 524⁴.

281 2307 430 2368 dixit,
455 2309 589 2373 quod
614 2325 774 2374 neque
799 2309 868 2357 ita
892 2309 1278 2374 amplecteretur
1301 2321 1473 2369 artem,
1507 2322 1564 2362 ut
1588 2314 1621 2361 ii
1642 2320 1734 2358 llo

281 2387 512 2444 solerent,
557 2389 639 2454 qui
679 2405 876 2437 omnem
912 2389 1012 2437 vim
1039 2389 1239 2438 dicendi
1264 2391 1314 2438 in
1340 2400 1445 2440 arte
1469 2409 1621 2457 pone-

281 2475 407 2524 rent,
453 2484 614 2532 neque
650 2484 842 2515 rursum
884 2485 992 2516 eam
1030 2477 1203 2526 totam,
1243 2469 1372 2518 sicut
1396 2470 1619 2536 plerique

278 2534 556 2617 philosophi
595 2546 833 2604 facerent,
872 2548 1170 2612 repudiaret,
1242 2548 1339 2598 Sed
1371 2541 1615 2608 existimo,

276 2626 455 2691 inquit,
480 2634 678 2690 gratum
718 2635 769 2675 te
810 2627 904 2686 his,
943 2628 1132 2684 Crasse,
1166 2627 1435 2689 facturum,
1461 2630 1499 2678 si
1524 2630 1618 2680 ista

280 2706 580 2770 exposueris,
608 2723 733 2770 quae
757 2714 902 2770 putas
926 2706 990 2754 ad
1014 2706 1283 2756 dicendum
1308 2707 1435 2772 plus,
1467 2726 1614 2775 quam

278 2786 433 2850 ipsam
470 2793 645 2845 artem,
668 2802 811 2850 posse
834 2785 1083 2850 prodesse.
1155 2786 1337 2836 Dicam
1362 2789 1609 2853 equidem,
1630 2795 1681 2836 11
1702 2797 1742 2838 l.

279 2864 511 2930 quoniam
546 2865 756 2925 institui,
795 2874 1062 2931 petamque
1087 2882 1116 2914 a
1138 2866 1291 2924 vobis,
1333 2867 1510 2932 inquit,
1548 2885 1613 2919 ne

1210 2961 1237 2995 C
1260 2953 1290 2992 2
