2071 3508
344 821 451 862 182.

334 1680 443 1722 183.

487 394 540 430 58
963 391 1039 430 DE
1068 390 1337 432 ORATORE

489 496 724 557 Rutilius,
742 497 815 546 M.
833 498 977 558 filius,
997 500 1220 548 tribunus
1239 499 1411 564 plebis,
1432 500 1494 549 de
1519 507 1692 549 senatu
1707 499 1810 564 jus-

485 575 548 624 sit
589 576 751 635 educi,
793 577 925 641 quod
963 594 1074 624 eum
1112 577 1270 625 civem
1296 586 1500 640 negaret
1524 595 1658 638 esse3
1697 578 1813 642 quia

484 655 718 702 memoria
761 655 829 702 sic
868 663 994 702 esset
1025 655 1294 718 proditum,
1337 657 1484 709 Quem
1511 665 1655 721 pater
1682 671 1808 713 suus,

483 734 786 796 ctutpopzilzcs
809 735 1105 791 vendidisset,
1143 741 1228 780 aut
1251 741 1394 796 pater
1422 741 1647 797 patratus
1683 734 1812 783 dedi-

483 812 638 867 disset,
659 812 703 859 ei
721 813 895 859 millum
924 828 1020 859 esse
1037 812 1385 874 postliminium.
1458 812 1620 868 Quam
1643 828 1811 876 possu-

481 905 589 936 mus
614 890 825 955 reperire
845 907 906 938 ex
931 889 1156 937 omnibus
1181 889 1324 937 rebus
1345 888 1568 937 civilibus
1593 905 1810 948 causam,

479 968 948 1031 contentionemque
974 967 1224 1030 majorem,
1261 984 1406 1031 quam
1432 967 1493 1014 de
1519 966 1710 1025 ordine,
1747 966 1811 1015 de

478 1043 697 1102 civitate,
724 1045 784 1092 de
810 1045 1054 1103 libertate,
1079 1045 1140 1092 de
1166 1046 1327 1109 capite
1352 1045 1563 1092 hominis
1589 1044 1811 1093 consula-

478 1120 576 1179 ris,
614 1123 900 1184 praesertim
943 1140 1055 1171 cum
1098 1123 1220 1171 haec
1261 1139 1361 1170 non
1396 1122 1447 1169 in
1484 1123 1688 1170 crimine
1726 1121 1809 1170 ali-

476 1214 593 1261 quo,
637 1200 769 1262 quod
803 1199 885 1247 ille
908 1208 1074 1263 posset
1098 1200 1320 1258 inficiari,
1358 1201 1445 1248 sed
1469 1201 1520 1247 in
1547 1200 1678 1249 civili
1693 1200 1809 1264 jure

476 1276 805 1324 consisteret?
844 1277 1094 1340 Similique
1136 1278 1186 1325 in
1222 1295 1425 1341 genere,
1466 1278 1698 1326 inferiore
1734 1294 1809 1326 or-

475 1354 609 1413 dine,
646 1355 794 1418 siquis
819 1355 950 1419 apud
974 1372 1061 1402 nos
1087 1355 1313 1404 servisset
1349 1372 1410 1403 ex
1434 1356 1618 1420 populo
1641 1355 1810 1405 foede-

474 1440 599 1490 rato,
625 1449 827 1497 seseque
852 1432 1121 1492 liberasset,
1157 1451 1214 1481 ac
1250 1441 1422 1497 postea
1447 1434 1648 1481 domum
1672 1451 1807 1483 reve-

474 1509 659 1569 nisset3
721 1512 995 1573 quaesitum
1044 1520 1118 1559 est
1165 1512 1297 1576 apud
1344 1511 1550 1576 majores
1596 1521 1808 1572 nostros,

473 1603 592 1634 num
616 1588 655 1635 is
679 1588 744 1636 ad
768 1605 878 1635 suos
902 1578 1203 1652 postliminio
1228 1589 1471 1647 rediisset,
1492 1597 1542 1636 et
1565 1589 1806 1640 amisisset

473 1665 600 1713 hanc
627 1666 892 1713 civitatem.
966 1666 1102 1722 Quid
1137 1666 1198 1714 de
1236 1667 1481 1725 libertate,
1511 1684 1608 1730 quo
1623 1665 1804 1730 judici-

471 1761 555 1790 um
589 1744 785 1807 gravius
827 1761 931 1792 esse
967 1744 1156 1792 nullum
1180 1745 1381 1809 potest?
1419 1760 1584 1792 nonne
1610 1761 1672 1793 ex
1687 1744 1802 1809 jure

470 1821 601 1869 civili
642 1831 806 1886 potest
844 1839 947 1870 esse
990 1823 1263 1881 contentio,
1301 1839 1413 1870 cum
1439 1823 1707 1886 quaeritur,
1743 1822 1802 1882 is,

469 1899 553 1961 qui
580 1898 764 1946 domini
788 1900 1042 1950 voluntate
1068 1917 1242 1949 census
1268 1900 1346 1959 sit,
1378 1902 1699 1959 continuone,
1738 1917 1802 1949 an

469 1977 553 2024 ubi
594 1977 801 2025 lustrum
840 1980 1114 2038 conditum,
1151 1979 1275 2028 liber
1313 1978 1411 2027 sit?
1473 1979 1628 2037 Quid,
1667 1978 1802 2043 quod

467 2071 578 2114 usu,
619 2056 854 2104 memoria
890 2065 1104 2120 patrum,
1145 2058 1300 2115 venit,
1341 2064 1398 2105 ut
1432 2055 1800 2121 paterfamilias,

468 2134 552 2198 qui
578 2150 637 2180 ex
668 2134 908 2197 Hispania
935 2134 1146 2181 Romam
1176 2135 1408 2194 venisset,
1445 2151 1556 2182 cum
1593 2151 1801 2184 uxorem

466 2220 822 2276 praegnantem
846 2212 895 2257 in
921 2211 1173 2274 provincia
1196 2211 1488 2275 reliquisset,
1509 2212 1799 2275 Romaeque

466 2289 669 2348 alteram
709 2289 946 2347 duxisset,
982 2305 1142 2352 neque
1167 2289 1395 2336 nuntium
1418 2289 1567 2353 priori
1591 2289 1799 2337 remisis-

467 2375 559 2425 set,
602 2375 921 2431 mortuusque
963 2375 1089 2414 esset
1124 2368 1375 2426 intestatO,
1412 2374 1463 2415 et
1498 2382 1560 2414 ex
1588 2373 1797 2429 utraque

467 2445 592 2493 filius
617 2453 760 2492 natus
785 2452 912 2491 esset
933 2464 946 2503 3
985 2444 1311 2492 mediocrisne
1342 2461 1417 2492 res
1441 2445 1492 2490 in
1517 2451 1798 2492 controver-

466 2522 586 2570 siam
623 2522 839 2570 adducta
877 2523 987 2570 est?
1025 2539 1138 2570 cum
1175 2530 1491 2586 quaereretur
1516 2522 1577 2570 de
1603 2521 1794 2570 duobus

467 2601 649 2649 civium
675 2601 933 2666 capitibUS,
967 2609 1017 2648 et
1042 2600 1103 2647 de
1121 2617 1294 2665 puero,
1332 2600 1414 2664 qui
1440 2616 1502 2648 ex
1523 2600 1796 2665 posteriore

467 2687 609 2727 natus
634 2687 756 2738 erat,
793 2688 843 2727 et
867 2680 929 2727 de
955 2678 1057 2743 ejus
1082 2687 1237 2727 matre
1258 2699 1272 2739 ;
1313 2695 1456 2742 quae,
1491 2679 1530 2726 si
1545 2677 1794 2742 judicare-

466 2762 546 2803 tur
571 2759 715 2805 certis
754 2758 1045 2822 quibusdam
1080 2758 1258 2817 verbis,
1294 2773 1393 2805 non
1428 2757 1567 2805 novis
1590 2755 1790 2821 nuptiis,

466 2831 569 2884 fieri
594 2852 706 2884 cum
730 2836 978 2902 superiore
1003 2836 1285 2896 divortium,
1318 2835 1371 2884 in
1395 2835 1700 2885 concubinae
1721 2832 1791 2883 lo-
