2071 3508
485 376 535 414 32
959 370 1046 417 DE,
1065 368 1330 410 ORATORE

482 497 560 529 sus
596 496 749 530 essem
774 480 935 528 studio
957 478 1209 543 utriusque
1232 485 1466 535 vestrum,
1502 473 1660 524 Crassi
1683 489 1800 521 vero

424 576 432 632 ρ
482 560 630 608 etiam
654 576 835 617 amore,
877 575 987 606 cum
1023 559 1082 605 ab
1109 574 1167 605 eo
1202 572 1440 619 nusquam
1478 554 1799 608 discederem,

480 640 682 687 verbum
708 655 770 686 ex
795 655 852 685 eo
871 651 1121 700 nunquam
1141 634 1317 682 elicere
1332 633 1470 697 potui
1491 632 1551 679 de
1574 631 1622 679 vi
1648 647 1704 677 ac
1728 645 1800 676 ra-

478 717 613 765 tione
639 717 854 776 dicendi,
891 732 1002 764 cum
1028 722 1078 761 et
1100 730 1186 778 per
1209 711 1549 774 memetipsum
1575 709 1801 773 egissem,

481 804 532 844 et
554 813 642 860 per
666 798 884 845 Drusum
909 810 1052 858 saepe
1070 800 1366 840 tentassem:
1407 804 1503 851 quo
1526 788 1577 834 in
1601 802 1802 850 genere,

480 880 536 921 tu
575 874 783 933 Antoni,
825 877 962 937 (vere
1003 868 1196 933 loquar)
1243 881 1496 929 nunquam
1537 864 1656 911 mihi
1694 879 1803 927 per-

482 952 755 1011 cunctanti,
780 959 864 999 aut
889 947 1140 1014 quaerenti
1165 944 1365 1008 aliquid,
1383 941 1600 1000 defuisti,
1625 948 1675 989 et
1696 956 1805 1004 per-

482 1046 625 1094 saepe
667 1046 764 1088 me,
806 1046 928 1092 quae
970 1029 1146 1077 soleres
1187 1029 1237 1075 in
1279 1027 1491 1075 dicendo
1529 1027 1804 1083 observare,

373 1107 450 1148 98-
484 1108 708 1155 docuisti.
769 1108 937 1165 Nunc,
963 1107 1192 1170 quoniam
1210 1114 1417 1169 uterque
1436 1111 1651 1151 vestrum
1669 1110 1805 1167 pate-

482 1185 603 1232 fecit
629 1201 794 1232 earum
818 1200 980 1231 rerum
1004 1185 1215 1248 ipsarum
1236 1184 1441 1240 aditum,
1477 1198 1594 1245 quas
1619 1181 1806 1244 quaeri-

483 1279 610 1321 mus,
640 1270 690 1310 et
714 1261 943 1326 quoniam
967 1262 1196 1325 princeps
1222 1262 1420 1308 Crassus
1446 1259 1547 1323 ejus
1573 1259 1807 1306 sermonis

484 1341 708 1390 ordiendi
732 1339 844 1398 fuit,
864 1340 978 1387 date
994 1339 1132 1387 nobis
1147 1339 1274 1386 hanc
1290 1337 1501 1395 veniam,
1517 1345 1572 1384 ut
1591 1354 1666 1394 ea,
1682 1352 1806 1399 quae

484 1419 672 1467 sentitis
697 1418 758 1465 de
784 1418 916 1464 omni
939 1433 1120 1480 genere
1147 1416 1364 1474 dicendi,
1390 1414 1629 1462 subtiliter
1646 1430 1806 1478 perse-

485 1496 716 1561 quamini.
787 1495 936 1550 Quod
962 1494 1159 1558 quidem
1185 1493 1223 1540 si
1256 1493 1348 1540 erit
1371 1510 1398 1539 a
1421 1493 1556 1539 vobis
1580 1493 1806 1556 impetra-

482 1582 608 1633 tum,
644 1588 870 1637 magnam
905 1572 1114 1630 habebo,
1157 1571 1345 1627 Crasse,
1382 1569 1496 1616 huic
1519 1569 1807 1633 palaestrae,

486 1660 536 1700 et
561 1650 842 1699 Tusculano
876 1657 963 1697 tuo
997 1649 1223 1713 gratiam,
1260 1656 1310 1695 et
1331 1647 1478 1710 longe
1505 1647 1807 1695 Academiae

485 1729 556 1777 illi
580 1746 637 1776 ac
661 1729 830 1793 Lyceo
854 1736 995 1774 tuum
1019 1727 1115 1774 hoc
1150 1726 1479 1774 suburbanum
1497 1725 1806 1790 gymnasium

488 1816 798 1872 anteponam.

363 1889 469 1950 22,
569 1887 699 1934 Tum
730 1886 830 1944 ille,
864 1885 1022 1932 Immo
1058 1901 1193 1943 vero,
1218 1883 1394 1948 inquit,
1432 1882 1633 1947 Sulpici,
1668 1899 1806 1947 roge-

378 1981 456 2023 99,
489 1981 595 2012 mus
623 1963 915 2020 Antonium,
941 1963 1022 2026 qui
1049 1970 1098 2010 et
1120 1970 1282 2026 potest
1305 1961 1487 2019 facere,
1511 1961 1563 2008 id
1581 1962 1713 2025 quod
1735 1977 1808 2009 re-

489 2043 655 2108 quiris,
689 2050 738 2090 et
773 2042 1046 2099 consuevit,
1082 2050 1138 2088 ut
1172 2050 1221 2088 te
1247 2040 1392 2088 audio
1429 2040 1608 2087 dicere.
1678 2040 1808 2087 Nam

488 2138 567 2169 me
606 2121 822 2185 quidem,
863 2120 1039 2179 fateor,
1071 2137 1261 2184 semper
1296 2137 1324 2167 a
1357 2136 1539 2184 genere
1572 2118 1668 2166 hoc
1703 2126 1812 2166 toto

490 2198 723 2246 sermonis
761 2196 1016 2260 refugisse,
1069 2205 1120 2244 et
1159 2197 1247 2244 tibi
1296 2198 1515 2261 cupienti
1552 2205 1698 2259 atque
1739 2197 1810 2243 in-

493 2276 640 2324 stanti
686 2276 961 2343 saepissime
1003 2291 1224 2338 negasse,
1265 2284 1320 2323 ut
1365 2283 1471 2323 tute
1509 2275 1654 2339 paulo
1695 2282 1809 2321 ante

493 2354 673 2401 dixisti.
746 2353 894 2409 Quod
930 2369 1024 2417 ego
1061 2369 1160 2400 non
1199 2353 1440 2417 superbia,
1476 2370 1635 2417 neque
1670 2352 1810 2399 inhu-

492 2432 726 2479 manitate
749 2429 1007 2489 faciebam,
1043 2447 1202 2495 neque
1228 2449 1324 2495 quo
1348 2439 1434 2479 tuo
1459 2432 1621 2479 studio
1645 2431 1810 2478 rectis-

493 2511 614 2558 simo
638 2517 783 2573 atque
809 2509 994 2573 optimo
1019 2526 1119 2557 non
1144 2510 1345 2573 obsequi
1369 2509 1562 2567 vellem,
1596 2525 1810 2574 praeser-

491 2588 581 2636 tim
629 2604 741 2636 cum
782 2594 831 2635 te
869 2603 1021 2635 unum
1069 2604 1131 2635 ex
1177 2587 1400 2637 omnibus
1442 2588 1504 2635 ad
1545 2588 1809 2636 dicendum

493 2667 704 2715 maxime
729 2673 915 2725 natum,
957 2673 1221 2730 aptumque
1246 2682 1563 2730 cognossem3
1603 2667 1690 2714 sed
1712 2683 1811 2714 me-

494 2742 694 2792 hercule
719 2745 856 2792 istius
882 2744 1221 2809 disputationis
1252 2744 1529 2802 insolentia,
1564 2752 1709 2808 atque
1733 2760 1810 2792 ea-

496 2837 604 2870 rum
644 2839 822 2883 rerum,
862 2840 986 2888 quae
1028 2823 1163 2888 quasi
1203 2823 1255 2871 in
1294 2831 1398 2873 arte
1434 2822 1707 2890 traduntur)
1737 2821 1808 2868 in-
