2071 3508
693 379 860 417 LIBER
891 378 1196 417 SECUNDUS.
1541 383 1614 420 151

286 488 415 536 enim
447 486 668 537 tabulas:
708 487 771 534 de
812 503 910 550 quo
947 503 1131 550 genere
1173 494 1280 533 toto
1314 485 1462 549 paulo
1500 496 1616 537 ante

285 565 401 613 dixi.
474 566 634 623 Haec,
667 572 722 612 ut
745 563 1029 612 brevissime
1055 563 1153 611 dici
1179 571 1468 628 potuerunt,
1493 565 1562 612 ita
1586 583 1616 613 a

280 659 360 691 me
385 643 517 691 dicta
542 652 671 691 sunt.

344 720 414 768 Ut
439 722 569 768 enim
596 722 634 768 si
658 739 831 770 aurum
859 723 954 779 cui,
983 722 1117 787 quod
1141 730 1269 770 esset
1293 721 1611 770 multifariam

275 795 542 857 defossum,
568 807 953 846 commonstrare
978 799 1171 854 vellem,
1199 799 1314 847 satis
1335 816 1438 847 esse
1464 799 1611 847 debe-

274 883 366 932 ret,
404 877 443 924 si
480 877 619 942 signa
655 886 705 925 et
734 886 875 925 notas
901 877 1212 925 ostenderem
1238 878 1479 937 locorum,
1506 878 1610 942 qui-

272 954 364 1002 bus
406 956 619 1020 cognitis
660 955 742 1004 ille
781 956 871 1004 sibi
913 956 1017 1020 ipse
1053 955 1262 1014 foderet,
1292 964 1342 1005 et
1366 957 1436 1016 id,
1472 956 1610 1020 quod

271 1033 435 1090 vellet,
454 1033 658 1099 parvulo
681 1034 866 1094 labore,
884 1034 1020 1083 n-ullo
1040 1052 1221 1094 errore,
1242 1035 1508 1083 inveniret:
1537 1035 1606 1084 sic

270 1110 356 1160 has
382 1128 476 1176 ego
501 1120 905 1176 argumentorum
931 1112 1045 1161 novi
1071 1121 1229 1171 notas,
1262 1130 1386 1177 quae
1411 1113 1493 1160 illa
1518 1113 1606 1160 mi-

271 1189 322 1237 hi
347 1191 601 1255 quaerenti
628 1191 982 1246 demonstrant,
1006 1191 1089 1238 ubi
1116 1191 1234 1250 sint3
1274 1191 1461 1255 reliqua
1487 1209 1605 1240 cura

272 1276 322 1318 et
345 1269 648 1333 cogitatione
676 1276 928 1316 eruuntur.
982 1268 1131 1324 Quod
1151 1277 1317 1316 autem
1343 1286 1602 1333 argumen-

269 1355 431 1395 torum
471 1364 630 1412 genus
673 1347 851 1411 cuique
889 1363 1143 1394 causarum
1179 1348 1352 1410 generi
1388 1350 1602 1398 maxime

269 1426 550 1484 conveniat,
575 1442 674 1473 non
701 1433 773 1472 est
798 1426 914 1472 artis
940 1425 1212 1488 exquisitae
1247 1426 1602 1488 praescribere,

266 1503 355 1551 sed
379 1511 453 1551 est
477 1503 738 1551 mediocris
762 1504 950 1567 ingenii
965 1502 1209 1567 judicare.
1270 1504 1448 1568 Neque
1469 1504 1601 1552 enim

265 1598 398 1629 nunc
439 1582 492 1629 id
532 1581 741 1645 agimus,
779 1589 834 1628 ut
870 1589 1025 1629 artem
1051 1580 1264 1644 aliquam
1291 1583 1491 1631 dicendi
1517 1600 1600 1632 0112Ξ

262 1659 522 1724 plicemus,
576 1659 663 1707 sed
709 1668 765 1707 ut
813 1660 1107 1707 doctissimis
1156 1660 1436 1709 hominibus
1483 1679 1601 1710 usus

261 1739 415 1786 nostri
463 1738 599 1801 quasi
647 1737 890 1800 quaedam
938 1738 1125 1786 monita
1164 1739 1430 1788 tradamus.
1504 1741 1600 1789 His

259 1818 411 1882 igitur
434 1816 556 1864 locis
581 1817 631 1863 iu
657 1824 824 1864 mente
851 1824 901 1864 et
926 1817 1229 1880 cogitatione
1256 1818 1447 1878 defixis,
1473 1828 1524 1868 et
1547 1821 1599 1868 in

259 1897 395 1945 omni
419 1912 471 1943 re
497 1895 560 1942 ad
585 1894 853 1959 dicendum
879 1895 1039 1958 posita
1065 1897 1312 1955 excitatis,
1338 1898 1459 1945 nihil
1485 1899 1597 1959 erit,

259 1975 394 2041 quod
418 1982 662 2022 oratorem
690 1972 907 2036 effugere
931 1973 1103 2036 possit,
1140 1990 1238 2021 non
1274 1975 1424 2023 modo
1449 1976 1500 2023 in
1523 1976 1596 2028 fo-

259 2058 480 2106 rensibus
527 2054 988 2119 disceptationibuS,
1031 2056 1118 2102 sed
1157 2057 1358 2105 omnino
1400 2058 1447 2105 in
1492 2059 1594 2108 ullo

255 2153 439 2202 genere
466 2134 681 2183 dicendi.
755 2134 803 2181 Si
839 2151 955 2181 vero
981 2144 1285 2198 assequetur,
1311 2145 1367 2184 ut
1392 2136 1501 2185 talis
1525 2140 1593 2186 vi-

256 2216 448 2272 deatur,
474 2212 668 2278 qualem
702 2228 752 2259 se
777 2211 933 2259 videri
957 2211 1095 2271 velit,
1133 2222 1183 2260 et
1207 2213 1395 2262 animos
1420 2232 1591 2265 eorum

254 2294 323 2342 ita
347 2292 546 2350 afficiat,
588 2290 721 2355 apud
748 2307 869 2355 quos
893 2299 1024 2354 aget,
1070 2299 1126 2338 ut
1152 2308 1249 2347 eos,
1289 2309 1590 2359 quocunque

253 2371 390 2431 velit,
431 2370 510 2419 vel
533 2370 747 2429 trahere,
788 2369 868 2417 vel
905 2387 1076 2434 rapere
1101 2371 1284 2435 possit,
1323 2371 1445 2419 nihil
1480 2391 1591 2438 pro-

251 2449 385 2499 fecto
408 2457 664 2514 praeterea
688 2449 752 2496 ad
777 2448 1045 2498 dicendum
1081 2450 1314 2513 requiret.
1384 2451 1496 2500 Jam
1535 2452 1590 2499 il-

251 2527 337 2575 lud
385 2528 627 2586 videmus,
676 2544 987 2592 nequaquam
1036 2528 1151 2575 satis
1200 2545 1323 2586 esse,
1370 2531 1586 2593 reperire

250 2605 370 2671 quid
412 2605 565 2664 dicas,
612 2606 704 2652 nisi
750 2606 803 2653 id
854 2606 1112 2653 inventum
1154 2613 1366 2653 tractare
1413 2607 1583 2670 possis.

250 2684 507 2733 Tractatio
546 2692 711 2731 autem
751 2684 884 2731 varia
922 2700 1025 2730 esse
1063 2683 1230 2741 debet,
1267 2699 1329 2731 ne
1360 2694 1445 2732 aut
1470 2702 1584 2751 cog-

249 2772 423 2812 noscat
449 2772 603 2811 artem
641 2763 725 2827 qui
761 2761 947 2820 audiat,
983 2769 1068 2808 aut
1094 2760 1397 2825 defatigetur
1421 2764 1585 2812 simili-

249 2843 435 2893 tudinis
460 2842 704 2892 satietate.
768 2839 986 2906 Proponi
1011 2848 1222 2906 oportet,
1251 2841 1371 2904 quid
1395 2842 1582 2905 afferas,

1167 2934 1201 2966 K
1217 2927 1248 2966 4

1644 710 1751 771 41.

1648 804 1755 848 174.

1640 1284 1750 1329 175.

1630 2150 1736 2195 176.
