<?xml version="1.0" encoding="UTF-8"?>
<!DOCTYPE html PUBLIC "-//W3C//DTD XHTML 1.0 Transitional//EN"
    "http://www.w3.org/TR/xhtml1/DTD/xhtml1-transitional.dtd">
<html xmlns="http://www.w3.org/1999/xhtml" xml:lang="en" lang="en">
 <head>
  <title>
</title>
<meta http-equiv="Content-Type" content="text/html;charset=utf-8" />
  <meta name='ocr-system' content='tesseract 3.04.00' />
  <meta name='ocr-capabilities' content='ocr_page ocr_carea ocr_par ocr_line ocrx_word'/>
</head>
<body>
  <div class='ocr_page' id='page_1' title='image "./deoratorelibrit00ciceuoft_0104.png"; bbox 0 0 2071 3508; ppageno 0'>
   <div class='ocr_carea' id='block_1_1' title="bbox 360 1326 433 1365">
    <p class='ocr_par' dir='ltr' id='par_1_1' title="bbox 360 1326 433 1365">
     <span class='ocr_line' id='line_1_1' title="bbox 360 1326 433 1365; baseline 0 -1"><span class='ocrx_word' id='word_1_1' title='bbox 360 1326 433 1365; x_wconf 81' lang='lat'>14.</span> 
     </span>
    </p>
   </div>
   <div class='ocr_carea' id='block_1_2' title="bbox 367 2102 429 2161">
    <p class='ocr_par' dir='ltr' id='par_1_2' title="bbox 367 2102 429 2161">
     <span class='ocr_line' id='line_1_2' title="bbox 367 2102 429 2161; baseline 0 0"><span class='ocrx_word' id='word_1_2' title='bbox 367 2102 429 2161; x_wconf 72' lang='lat'>4.</span> 
     </span>
    </p>
   </div>
   <div class='ocr_carea' id='block_1_3' title="bbox 358 2202 432 2240">
    <p class='ocr_par' dir='ltr' id='par_1_3' title="bbox 358 2202 432 2240">
     <span class='ocr_line' id='line_1_3' title="bbox 358 2202 432 2240; baseline 0.014 -1"><span class='ocrx_word' id='word_1_3' title='bbox 358 2202 432 2240; x_wconf 88' lang='lat'>15.</span> 
     </span>
    </p>
   </div>
   <div class='ocr_carea' id='block_1_4' title="bbox 447 431 1294 471">
    <p class='ocr_par' dir='ltr' id='par_1_4' title="bbox 447 431 1294 471">
     <span class='ocr_line' id='line_1_4' title="bbox 447 431 1294 471; baseline -0.002 0"><span class='ocrx_word' id='word_1_4' title='bbox 447 435 498 471; x_wconf 74' lang='lat'>96</span> <span class='ocrx_word' id='word_1_5' title='bbox 920 432 996 470; x_wconf 90' lang='lat' dir='ltr'>DE</span> <span class='ocrx_word' id='word_1_6' title='bbox 1026 431 1294 471; x_wconf 81' lang='lat' dir='ltr'><strong>ORATORE</strong></span> 
     </span>
    </p>
   </div>
   <div class='ocr_carea' id='block_1_5' title="bbox 444 538 1829 2957">
    <p class='ocr_par' dir='ltr' id='par_1_5' title="bbox 446 538 1829 2092">
     <span class='ocr_line' id='line_1_5' title="bbox 446 538 1769 604; baseline 0.002 -18"><span class='ocrx_word' id='word_1_7' title='bbox 446 539 516 587; x_wconf 84' lang='lat' dir='ltr'>hil</span> <span class='ocrx_word' id='word_1_8' title='bbox 552 556 685 598; x_wconf 86' lang='lat' dir='ltr'>sane,</span> <span class='ocrx_word' id='word_1_9' title='bbox 720 540 880 604; x_wconf 90' lang='lat' dir='ltr'>inquit</span> <span class='ocrx_word' id='word_1_10' title='bbox 917 540 1149 589; x_wconf 79' lang='lat' dir='ltr'>Catulus:</span> <span class='ocrx_word' id='word_1_11' title='bbox 1189 539 1372 587; x_wconf 81' lang='lat' dir='ltr'>etenim</span> <span class='ocrx_word' id='word_1_12' title='bbox 1407 538 1543 587; x_wconf 90' lang='lat' dir='ltr'>vides</span> <span class='ocrx_word' id='word_1_13' title='bbox 1569 556 1672 588; x_wconf 87' lang='lat' dir='ltr'>esse</span> <span class='ocrx_word' id='word_1_14' title='bbox 1696 540 1769 588; x_wconf 84' lang='lat' dir='ltr'>lu-</span> 
     </span>
     <span class='ocr_line' id='line_1_6' title="bbox 447 617 1770 683; baseline -0.001 -17"><span class='ocrx_word' id='word_1_15' title='bbox 447 619 567 667; x_wconf 85' lang='lat' dir='ltr'>dos:</span> <span class='ocrx_word' id='word_1_16' title='bbox 608 619 693 666; x_wconf 91' lang='lat' dir='ltr'>sed</span> <span class='ocrx_word' id='word_1_17' title='bbox 729 618 832 683; x_wconf 82' lang='lat' dir='ltr'>(vel</span> <span class='ocrx_word' id='word_1_18' title='bbox 866 626 922 666; x_wconf 86' lang='lat' dir='ltr'>tu</span> <span class='ocrx_word' id='word_1_19' title='bbox 957 635 1044 666; x_wconf 92' lang='lat' dir='ltr'>nos</span> <span class='ocrx_word' id='word_1_20' title='bbox 1080 619 1273 682; x_wconf 87' lang='lat' dir='ltr'>ineptos</span> <span class='ocrx_word' id='word_1_21' title='bbox 1307 617 1441 674; x_wconf 86' lang='lat' dir='ltr'>licet,</span> <span class='ocrx_word' id='word_1_22' title='bbox 1478 618 1652 682; x_wconf 88' lang='lat' dir='ltr'>inquit,</span> <span class='ocrx_word' id='word_1_23' title='bbox 1690 618 1770 667; x_wconf 89' lang='lat' dir='ltr'>vel</span> 
     </span>
     <span class='ocr_line' id='line_1_7' title="bbox 447 696 1769 761; baseline 0 -17"><span class='ocrx_word' id='word_1_24' title='bbox 447 698 678 746; x_wconf 89' lang='lat' dir='ltr'>molestos</span> <span class='ocrx_word' id='word_1_25' title='bbox 722 697 890 761; x_wconf 83' lang='lat' dir='ltr'>putes)</span> <span class='ocrx_word' id='word_1_26' title='bbox 952 714 1064 745; x_wconf 89' lang='lat' dir='ltr'>cum</span> <span class='ocrx_word' id='word_1_27' title='bbox 1114 697 1176 744; x_wconf 91' lang='lat' dir='ltr'>ad</span> <span class='ocrx_word' id='word_1_28' title='bbox 1222 712 1302 743; x_wconf 89' lang='lat' dir='ltr'>me</span> <span class='ocrx_word' id='word_1_29' title='bbox 1338 696 1390 743; x_wconf 90' lang='lat' dir='ltr'>in</span> <span class='ocrx_word' id='word_1_30' title='bbox 1430 696 1769 745; x_wconf 87' lang='lat' dir='ltr'>Tusculanum</span> 
     </span>
     <span class='ocr_line' id='line_1_8' title="bbox 447 777 1829 850; baseline -0.002 -24"><span class='ocrx_word' id='word_1_31' title='bbox 447 777 552 827; x_wconf 89' lang='lat' dir='ltr'>heri</span> <span class='ocrx_word' id='word_1_32' title='bbox 575 779 765 843; x_wconf 89' lang='lat' dir='ltr'>vesperi</span> <span class='ocrx_word' id='word_1_33' title='bbox 800 778 1014 827; x_wconf 88' lang='lat' dir='ltr'>venisset</span> <span class='ocrx_word' id='word_1_34' title='bbox 1051 778 1228 826; x_wconf 87' lang='lat' dir='ltr'>Caesar</span> <span class='ocrx_word' id='word_1_35' title='bbox 1254 777 1315 825; x_wconf 89' lang='lat' dir='ltr'>de</span> <span class='ocrx_word' id='word_1_36' title='bbox 1357 777 1640 825; x_wconf 91' lang='lat' dir='ltr'>Tusculano</span> <span class='ocrx_word' id='word_1_37' title='bbox 1665 792 1769 831; x_wconf 89' lang='lat' dir='ltr'>suo,</span> <span class='ocrx_word' id='word_1_38' title='bbox 1818 837 1829 850; x_wconf 32' lang='grc' dir='ltr'><strong><em>ι</em></strong></span> 
     </span>
     <span class='ocr_line' id='line_1_9' title="bbox 448 857 1773 905; baseline -0.004 0"><span class='ocrx_word' id='word_1_39' title='bbox 448 858 574 905; x_wconf 82' lang='lat' dir='ltr'>dixit</span> <span class='ocrx_word' id='word_1_40' title='bbox 598 858 717 904; x_wconf 88' lang='lat' dir='ltr'>mihi</span> <span class='ocrx_word' id='word_1_41' title='bbox 741 874 769 904; x_wconf 91' lang='lat' dir='ltr'>a</span> <span class='ocrx_word' id='word_1_42' title='bbox 793 874 843 905; x_wconf 86' lang='lat' dir='ltr'>se</span> <span class='ocrx_word' id='word_1_43' title='bbox 864 857 1148 905; x_wconf 87' lang='lat' dir='ltr'>Scaevolam</span> <span class='ocrx_word' id='word_1_44' title='bbox 1167 857 1283 904; x_wconf 90' lang='lat' dir='ltr'>hinc</span> <span class='ocrx_word' id='word_1_45' title='bbox 1309 864 1509 904; x_wconf 89' lang='lat' dir='ltr'>euntem</span> <span class='ocrx_word' id='word_1_46' title='bbox 1529 871 1632 903; x_wconf 89' lang='lat' dir='ltr'>esse</span> <span class='ocrx_word' id='word_1_47' title='bbox 1658 870 1773 902; x_wconf 88' lang='lat' dir='ltr'>con-</span> 
     </span>
     <span class='ocr_line' id='line_1_10' title="bbox 447 933 1775 1000; baseline -0.001 -18"><span class='ocrx_word' id='word_1_48' title='bbox 447 944 651 985; x_wconf 91' lang='lat' dir='ltr'>ventum</span> <span class='ocrx_word' id='word_1_49' title='bbox 672 957 685 996; x_wconf 81' lang='lat'>3</span> <span class='ocrx_word' id='word_1_50' title='bbox 725 953 787 983; x_wconf 81' lang='lat' dir='ltr'>ex</span> <span class='ocrx_word' id='word_1_51' title='bbox 814 953 910 1000; x_wconf 91' lang='lat' dir='ltr'>quo</span> <span class='ocrx_word' id='word_1_52' title='bbox 935 937 1056 983; x_wconf 89' lang='lat' dir='ltr'>mira</span> <span class='ocrx_word' id='word_1_53' title='bbox 1081 935 1320 1000; x_wconf 82' lang='lat' dir='ltr'>quaedam</span> <span class='ocrx_word' id='word_1_54' title='bbox 1346 952 1396 983; x_wconf 91' lang='lat' dir='ltr'>se</span> <span class='ocrx_word' id='word_1_55' title='bbox 1428 934 1620 982; x_wconf 84' lang='lat' dir='ltr'>audisse</span> <span class='ocrx_word' id='word_1_56' title='bbox 1645 933 1775 981; x_wconf 87' lang='lat' dir='ltr'>dice-</span> 
     </span>
     <span class='ocr_line' id='line_1_11' title="bbox 446 1013 1775 1079; baseline -0.004 -16"><span class='ocrx_word' id='word_1_57' title='bbox 446 1016 565 1075; x_wconf 70' lang='lat' dir='ltr'>bat,</span> <span class='ocrx_word' id='word_1_58' title='bbox 605 1015 696 1071; x_wconf 93' lang='lat' dir='ltr'>Te,</span> <span class='ocrx_word' id='word_1_59' title='bbox 725 1032 871 1078; x_wconf 90' lang='lat' dir='ltr'>quem</span> <span class='ocrx_word' id='word_1_60' title='bbox 899 1032 992 1079; x_wconf 84' lang='lat' dir='ltr'>ego</span> <span class='ocrx_word' id='word_1_61' title='bbox 1017 1014 1163 1062; x_wconf 88' lang='lat' dir='ltr'>toties</span> <span class='ocrx_word' id='word_1_62' title='bbox 1188 1014 1322 1062; x_wconf 87' lang='lat' dir='ltr'>omni</span> <span class='ocrx_word' id='word_1_63' title='bbox 1357 1013 1546 1060; x_wconf 87' lang='lat' dir='ltr'>ratione</span> <span class='ocrx_word' id='word_1_64' title='bbox 1578 1020 1775 1060; x_wconf 89' lang='lat' dir='ltr'>tentans</span> 
     </span>
     <span class='ocr_line' id='line_1_12' title="bbox 448 1089 1777 1156; baseline -0.003 -16"><span class='ocrx_word' id='word_1_65' title='bbox 448 1094 511 1140; x_wconf 90' lang='lat' dir='ltr'>ad</span> <span class='ocrx_word' id='word_1_66' title='bbox 536 1092 885 1155; x_wconf 83' lang='lat' dir='ltr'>disputandum</span> <span class='ocrx_word' id='word_1_67' title='bbox 913 1092 1090 1140; x_wconf 85' lang='lat' dir='ltr'>elicere</span> <span class='ocrx_word' id='word_1_68' title='bbox 1122 1109 1221 1139; x_wconf 88' lang='lat' dir='ltr'>non</span> <span class='ocrx_word' id='word_1_69' title='bbox 1245 1091 1528 1156; x_wconf 90' lang='lat' dir='ltr'>potuissem,</span> <span class='ocrx_word' id='word_1_70' title='bbox 1565 1089 1777 1154; x_wconf 89' lang='lat' dir='ltr'>permul-</span> 
     </span>
     <span class='ocr_line' id='line_1_13' title="bbox 447 1169 1776 1231; baseline -0.001 -14"><span class='ocrx_word' id='word_1_71' title='bbox 447 1178 499 1217; x_wconf 88' lang='lat' dir='ltr'>ta</span> <span class='ocrx_word' id='word_1_72' title='bbox 541 1170 601 1216; x_wconf 89' lang='lat' dir='ltr'>de</span> <span class='ocrx_word' id='word_1_73' title='bbox 627 1169 909 1231; x_wconf 85' lang='lat' dir='ltr'>eloquentia</span> <span class='ocrx_word' id='word_1_74' title='bbox 951 1186 1064 1216; x_wconf 90' lang='lat' dir='ltr'>cum</span> <span class='ocrx_word' id='word_1_75' title='bbox 1106 1170 1330 1216; x_wconf 86' lang='lat' dir='ltr'>Antonio</span> <span class='ocrx_word' id='word_1_76' title='bbox 1373 1169 1673 1228; x_wconf 85' lang='lat' dir='ltr'>disseruisse,</span> <span class='ocrx_word' id='word_1_77' title='bbox 1726 1177 1776 1216; x_wconf 89' lang='lat' dir='ltr'>et</span> 
     </span>
     <span class='ocr_line' id='line_1_14' title="bbox 448 1245 1775 1311; baseline 0 -16"><span class='ocrx_word' id='word_1_78' title='bbox 448 1256 682 1311; x_wconf 80' lang='lat' dir='ltr'>tanquam</span> <span class='ocrx_word' id='word_1_79' title='bbox 708 1247 759 1292; x_wconf 90' lang='lat' dir='ltr'>in</span> <span class='ocrx_word' id='word_1_80' title='bbox 785 1245 951 1293; x_wconf 89' lang='lat' dir='ltr'>schola</span> <span class='ocrx_word' id='word_1_81' title='bbox 974 1262 1127 1309; x_wconf 87' lang='lat' dir='ltr'>prope</span> <span class='ocrx_word' id='word_1_82' title='bbox 1152 1246 1215 1293; x_wconf 91' lang='lat' dir='ltr'>ad</span> <span class='ocrx_word' id='word_1_83' title='bbox 1239 1246 1546 1295; x_wconf 86' lang='lat' dir='ltr'>Graecorum</span> <span class='ocrx_word' id='word_1_84' title='bbox 1573 1265 1775 1296; x_wconf 90' lang='lat' dir='ltr'>consue-</span> 
     </span>
     <span class='ocr_line' id='line_1_15' title="bbox 450 1323 1774 1388; baseline -0.001 -13"><span class='ocrx_word' id='word_1_85' title='bbox 450 1326 672 1375; x_wconf 89' lang='lat' dir='ltr'>tudinem</span> <span class='ocrx_word' id='word_1_86' title='bbox 699 1324 987 1388; x_wconf 86' lang='lat' dir='ltr'>disputasse.</span> <span class='ocrx_word' id='word_1_87' title='bbox 1054 1324 1229 1388; x_wconf 90' lang='lat' dir='ltr'>Itaque</span> <span class='ocrx_word' id='word_1_88' title='bbox 1254 1323 1405 1372; x_wconf 86' lang='lat' dir='ltr'>frater</span> <span class='ocrx_word' id='word_1_89' title='bbox 1431 1326 1651 1374; x_wconf 86' lang='lat' dir='ltr'>exoravit</span> <span class='ocrx_word' id='word_1_90' title='bbox 1675 1343 1774 1386; x_wconf 91' lang='lat' dir='ltr'>me,</span> 
     </span>
     <span class='ocr_line' id='line_1_16' title="bbox 449 1403 1777 1470; baseline 0.002 -18"><span class='ocrx_word' id='word_1_91' title='bbox 449 1407 609 1470; x_wconf 88' lang='lat' dir='ltr'>ipsum</span> <span class='ocrx_word' id='word_1_92' title='bbox 653 1404 851 1468; x_wconf 89' lang='lat' dir='ltr'>quidem</span> <span class='ocrx_word' id='word_1_93' title='bbox 888 1421 916 1451; x_wconf 90' lang='lat' dir='ltr'>a</span> <span class='ocrx_word' id='word_1_94' title='bbox 951 1403 1113 1451; x_wconf 90' lang='lat' dir='ltr'>studio</span> <span class='ocrx_word' id='word_1_95' title='bbox 1145 1403 1378 1451; x_wconf 88' lang='lat' dir='ltr'>audiendi</span> <span class='ocrx_word' id='word_1_96' title='bbox 1402 1421 1502 1451; x_wconf 90' lang='lat' dir='ltr'>non</span> <span class='ocrx_word' id='word_1_97' title='bbox 1528 1405 1670 1452; x_wconf 88' lang='lat' dir='ltr'>nimis</span> <span class='ocrx_word' id='word_1_98' title='bbox 1695 1407 1777 1454; x_wconf 87' lang='lat' dir='ltr'>ab·</span> 
     </span>
     <span class='ocr_line' id='line_1_17' title="bbox 449 1481 1776 1540; baseline 0.001 -9"><span class='ocrx_word' id='word_1_99' title='bbox 449 1485 747 1539; x_wconf 84' lang='lat' dir='ltr'>horrentem,</span> <span class='ocrx_word' id='word_1_100' title='bbox 787 1482 873 1530; x_wconf 91' lang='lat' dir='ltr'>sed</span> <span class='ocrx_word' id='word_1_101' title='bbox 910 1481 1190 1530; x_wconf 87' lang='lat' dir='ltr'>mehercule</span> <span class='ocrx_word' id='word_1_102' title='bbox 1213 1490 1467 1530; x_wconf 84' lang='lat' dir='ltr'>verentem</span> <span class='ocrx_word' id='word_1_103' title='bbox 1490 1490 1673 1540; x_wconf 88' lang='lat' dir='ltr'>tamen,</span> <span class='ocrx_word' id='word_1_104' title='bbox 1714 1500 1776 1532; x_wconf 87' lang='lat' dir='ltr'>ne</span> 
     </span>
     <span class='ocr_line' id='line_1_18' title="bbox 450 1560 1776 1619; baseline 0.001 -9"><span class='ocrx_word' id='word_1_105' title='bbox 450 1562 642 1610; x_wconf 87' lang='lat' dir='ltr'>molesti</span> <span class='ocrx_word' id='word_1_106' title='bbox 667 1561 804 1609; x_wconf 79' lang='lat' dir='ltr'>vobis</span> <span class='ocrx_word' id='word_1_107' title='bbox 828 1561 1253 1619; x_wconf 79' lang='lat' dir='ltr'>interveniremus,</span> <span class='ocrx_word' id='word_1_108' title='bbox 1294 1568 1351 1608; x_wconf 86' lang='lat' dir='ltr'>ut</span> <span class='ocrx_word' id='word_1_109' title='bbox 1373 1560 1472 1608; x_wconf 84' lang='lat' dir='ltr'>huc</span> <span class='ocrx_word' id='word_1_110' title='bbox 1505 1578 1672 1609; x_wconf 91' lang='lat' dir='ltr'>secum</span> <span class='ocrx_word' id='word_1_111' title='bbox 1695 1579 1776 1611; x_wconf 91' lang='lat' dir='ltr'>ve-</span> 
     </span>
     <span class='ocr_line' id='line_1_19' title="bbox 449 1639 1777 1699; baseline 0.002 -11"><span class='ocrx_word' id='word_1_112' title='bbox 449 1642 620 1689; x_wconf 91' lang='lat' dir='ltr'>nirem.</span> <span class='ocrx_word' id='word_1_113' title='bbox 693 1640 975 1689; x_wconf 85' lang='lat' dir='ltr'>Scaevolam</span> <span class='ocrx_word' id='word_1_114' title='bbox 1019 1641 1149 1688; x_wconf 90' lang='lat' dir='ltr'>enim</span> <span class='ocrx_word' id='word_1_115' title='bbox 1184 1639 1253 1688; x_wconf 88' lang='lat' dir='ltr'>ita</span> <span class='ocrx_word' id='word_1_116' title='bbox 1289 1640 1453 1688; x_wconf 83' lang='lat' dir='ltr'>dicere</span> <span class='ocrx_word' id='word_1_117' title='bbox 1478 1640 1657 1699; x_wconf 87' lang='lat' dir='ltr'>aiebat,</span> <span class='ocrx_word' id='word_1_118' title='bbox 1691 1642 1777 1690; x_wconf 91' lang='lat' dir='ltr'>bo-</span> 
     </span>
     <span class='ocr_line' id='line_1_20' title="bbox 448 1718 1775 1784; baseline 0 -16"><span class='ocrx_word' id='word_1_119' title='bbox 448 1737 562 1768; x_wconf 91' lang='lat' dir='ltr'>nam</span> <span class='ocrx_word' id='word_1_120' title='bbox 602 1728 791 1784; x_wconf 85' lang='lat' dir='ltr'>partem</span> <span class='ocrx_word' id='word_1_121' title='bbox 828 1719 1062 1767; x_wconf 90' lang='lat' dir='ltr'>sermonis</span> <span class='ocrx_word' id='word_1_122' title='bbox 1097 1719 1148 1765; x_wconf 90' lang='lat' dir='ltr'>in</span> <span class='ocrx_word' id='word_1_123' title='bbox 1183 1718 1316 1766; x_wconf 88' lang='lat' dir='ltr'>hunc</span> <span class='ocrx_word' id='word_1_124' title='bbox 1354 1718 1485 1766; x_wconf 88' lang='lat' dir='ltr'>diem</span> <span class='ocrx_word' id='word_1_125' title='bbox 1522 1735 1625 1767; x_wconf 87' lang='lat' dir='ltr'>esse</span> <span class='ocrx_word' id='word_1_126' title='bbox 1658 1719 1775 1768; x_wconf 89' lang='lat' dir='ltr'>dila-</span> 
     </span>
     <span class='ocr_line' id='line_1_21' title="bbox 448 1797 1773 1861; baseline -0.001 -14"><span class='ocrx_word' id='word_1_127' title='bbox 448 1807 565 1847; x_wconf 87' lang='lat' dir='ltr'>tam.</span> <span class='ocrx_word' id='word_1_128' title='bbox 652 1799 767 1846; x_wconf 87' lang='lat' dir='ltr'>Hoc</span> <span class='ocrx_word' id='word_1_129' title='bbox 815 1799 852 1846; x_wconf 91' lang='lat' dir='ltr'>si</span> <span class='ocrx_word' id='word_1_130' title='bbox 899 1806 955 1846; x_wconf 92' lang='lat' dir='ltr'>tu</span> <span class='ocrx_word' id='word_1_131' title='bbox 1003 1797 1226 1861; x_wconf 89' lang='lat' dir='ltr'>cupidius</span> <span class='ocrx_word' id='word_1_132' title='bbox 1273 1797 1461 1845; x_wconf 71' lang='lat' dir='ltr'>iactum</span> <span class='ocrx_word' id='word_1_133' title='bbox 1509 1798 1773 1856; x_wconf 83' lang='lat' dir='ltr'>existimas,</span> 
     </span>
     <span class='ocr_line' id='line_1_22' title="bbox 450 1876 1775 1940; baseline -0.001 -14"><span class='ocrx_word' id='word_1_134' title='bbox 450 1878 647 1926; x_wconf 86' lang='lat' dir='ltr'>Caesari</span> <span class='ocrx_word' id='word_1_135' title='bbox 683 1878 953 1936; x_wconf 90' lang='lat' dir='ltr'>attribues;</span> <span class='ocrx_word' id='word_1_136' title='bbox 1011 1877 1048 1923; x_wconf 89' lang='lat' dir='ltr'>si</span> <span class='ocrx_word' id='word_1_137' title='bbox 1089 1876 1387 1932; x_wconf 87' lang='lat' dir='ltr'>familiarius,</span> <span class='ocrx_word' id='word_1_138' title='bbox 1430 1877 1626 1940; x_wconf 88' lang='lat' dir='ltr'>utrique</span> <span class='ocrx_word' id='word_1_139' title='bbox 1666 1893 1775 1925; x_wconf 87' lang='lat' dir='ltr'>nos-</span> 
     </span>
     <span class='ocr_line' id='line_1_23' title="bbox 448 1954 1774 2021; baseline 0.001 -17"><span class='ocrx_word' id='word_1_140' title='bbox 448 1965 595 2004; x_wconf 92' lang='lat' dir='ltr'>trum.</span> <span class='ocrx_word' id='word_1_141' title='bbox 666 1957 771 2005; x_wconf 93' lang='lat' dir='ltr'>Nos</span> <span class='ocrx_word' id='word_1_142' title='bbox 807 1957 1020 2021; x_wconf 88' lang='lat' dir='ltr'>quidem,</span> <span class='ocrx_word' id='word_1_143' title='bbox 1059 1956 1151 2003; x_wconf 89' lang='lat' dir='ltr'>nisi</span> <span class='ocrx_word' id='word_1_144' title='bbox 1186 1954 1313 2004; x_wconf 87' lang='lat' dir='ltr'>forte</span> <span class='ocrx_word' id='word_1_145' title='bbox 1349 1955 1541 2004; x_wconf 88' lang='lat' dir='ltr'>molesti</span> <span class='ocrx_word' id='word_1_146' title='bbox 1565 1956 1774 2005; x_wconf 87' lang='lat' dir='ltr'>interve-</span> 
     </span>
     <span class='ocr_line' id='line_1_24' title="bbox 447 2035 1108 2092; baseline 0 -10"><span class='ocrx_word' id='word_1_147' title='bbox 447 2036 623 2092; x_wconf 87' lang='lat' dir='ltr'>nimus,</span> <span class='ocrx_word' id='word_1_148' title='bbox 661 2036 850 2084; x_wconf 89' lang='lat' dir='ltr'>venisse</span> <span class='ocrx_word' id='word_1_149' title='bbox 876 2035 1108 2084; x_wconf 88' lang='lat' dir='ltr'>delectat.</span> 
     </span>
    </p>

    <p class='ocr_par' dir='ltr' id='par_1_6' title="bbox 444 2114 1775 2957">
     <span class='ocr_line' id='line_1_25' title="bbox 514 2114 1775 2179; baseline 0.001 -18"><span class='ocrx_word' id='word_1_150' title='bbox 514 2114 646 2161; x_wconf 92' lang='lat' dir='ltr'>Tum</span> <span class='ocrx_word' id='word_1_151' title='bbox 689 2115 904 2171; x_wconf 86' lang='lat' dir='ltr'>Crassus,</span> <span class='ocrx_word' id='word_1_152' title='bbox 960 2115 1223 2178; x_wconf 89' lang='lat' dir='ltr'>Equidem,</span> <span class='ocrx_word' id='word_1_153' title='bbox 1266 2131 1589 2179; x_wconf 87' lang='lat' dir='ltr'>quaecunque</span> <span class='ocrx_word' id='word_1_154' title='bbox 1628 2131 1775 2162; x_wconf 87' lang='lat' dir='ltr'>causa</span> 
     </span>
     <span class='ocr_line' id='line_1_26' title="bbox 447 2192 1775 2257; baseline 0.002 -19"><span class='ocrx_word' id='word_1_155' title='bbox 447 2208 532 2239; x_wconf 88' lang='lat' dir='ltr'>vos</span> <span class='ocrx_word' id='word_1_156' title='bbox 556 2192 654 2238; x_wconf 91' lang='lat' dir='ltr'>huc</span> <span class='ocrx_word' id='word_1_157' title='bbox 687 2192 947 2250; x_wconf 83' lang='lat' dir='ltr'>attulisset,</span> <span class='ocrx_word' id='word_1_158' title='bbox 982 2193 1208 2251; x_wconf 87' lang='lat' dir='ltr'>laetarer,</span> <span class='ocrx_word' id='word_1_159' title='bbox 1245 2210 1358 2241; x_wconf 88' lang='lat' dir='ltr'>cum</span> <span class='ocrx_word' id='word_1_160' title='bbox 1383 2194 1514 2257; x_wconf 89' lang='lat' dir='ltr'>apud</span> <span class='ocrx_word' id='word_1_161' title='bbox 1537 2209 1616 2241; x_wconf 84' lang='lat' dir='ltr'>me</span> <span class='ocrx_word' id='word_1_162' title='bbox 1640 2192 1775 2241; x_wconf 83' lang='lat' dir='ltr'>vide-</span> 
     </span>
     <span class='ocr_line' id='line_1_27' title="bbox 448 2269 1772 2332; baseline 0.002 -16"><span class='ocrx_word' id='word_1_163' title='bbox 448 2286 551 2318; x_wconf 90' lang='lat' dir='ltr'>rem</span> <span class='ocrx_word' id='word_1_164' title='bbox 592 2269 815 2317; x_wconf 90' lang='lat' dir='ltr'>homines</span> <span class='ocrx_word' id='word_1_165' title='bbox 855 2270 974 2316; x_wconf 83' lang='lat' dir='ltr'>mihi</span> <span class='ocrx_word' id='word_1_166' title='bbox 1018 2270 1287 2317; x_wconf 84' lang='lat' dir='ltr'>carissimos</span> <span class='ocrx_word' id='word_1_167' title='bbox 1328 2279 1378 2317; x_wconf 91' lang='lat' dir='ltr'>et</span> <span class='ocrx_word' id='word_1_168' title='bbox 1413 2270 1772 2332; x_wconf 87' lang='lat' dir='ltr'>amicissimos;</span> 
     </span>
     <span class='ocr_line' id='line_1_28' title="bbox 448 2346 1771 2411; baseline 0.001 -16"><span class='ocrx_word' id='word_1_169' title='bbox 448 2348 536 2395; x_wconf 88' lang='lat' dir='ltr'>sed</span> <span class='ocrx_word' id='word_1_170' title='bbox 559 2355 725 2394; x_wconf 89' lang='lat' dir='ltr'>tamen</span> <span class='ocrx_word' id='word_1_171' title='bbox 752 2350 889 2411; x_wconf 81' lang='lat' dir='ltr'>(vere</span> <span class='ocrx_word' id='word_1_172' title='bbox 915 2346 1101 2406; x_wconf 90' lang='lat' dir='ltr'>dicam)</span> <span class='ocrx_word' id='word_1_173' title='bbox 1141 2347 1339 2410; x_wconf 89' lang='lat' dir='ltr'>quaevis</span> <span class='ocrx_word' id='word_1_174' title='bbox 1363 2346 1559 2394; x_wconf 90' lang='lat' dir='ltr'>mallem</span> <span class='ocrx_word' id='word_1_175' title='bbox 1582 2346 1771 2405; x_wconf 81' lang='lat' dir='ltr'>fuisset,</span> 
     </span>
     <span class='ocr_line' id='line_1_29' title="bbox 447 2424 1773 2490; baseline 0.001 -17"><span class='ocrx_word' id='word_1_176' title='bbox 447 2443 593 2490; x_wconf 89' lang='lat' dir='ltr'>quam</span> <span class='ocrx_word' id='word_1_177' title='bbox 628 2426 734 2482; x_wconf 89' lang='lat' dir='ltr'>ista,</span> <span class='ocrx_word' id='word_1_178' title='bbox 774 2442 920 2489; x_wconf 88' lang='lat' dir='ltr'>quam</span> <span class='ocrx_word' id='word_1_179' title='bbox 945 2425 1081 2473; x_wconf 83' lang='lat' dir='ltr'>dicis.</span> <span class='ocrx_word' id='word_1_180' title='bbox 1153 2424 1262 2489; x_wconf 80' lang='lat' dir='ltr'>Ego</span> <span class='ocrx_word' id='word_1_181' title='bbox 1287 2425 1433 2481; x_wconf 88' lang='lat' dir='ltr'>enim,</span> <span class='ocrx_word' id='word_1_182' title='bbox 1470 2428 1568 2489; x_wconf 87' lang='lat' dir='ltr'>(ut,</span> <span class='ocrx_word' id='word_1_183' title='bbox 1605 2443 1773 2490; x_wconf 88' lang='lat' dir='ltr'>quem-</span> 
     </span>
     <span class='ocr_line' id='line_1_30' title="bbox 448 2502 1770 2567; baseline 0 -15"><span class='ocrx_word' id='word_1_184' title='bbox 448 2505 713 2552; x_wconf 85' lang='lat' dir='ltr'>admodum</span> <span class='ocrx_word' id='word_1_185' title='bbox 739 2503 911 2560; x_wconf 88' lang='lat' dir='ltr'>sentio,</span> <span class='ocrx_word' id='word_1_186' title='bbox 949 2502 1144 2567; x_wconf 83' lang='lat' dir='ltr'>loquar)</span> <span class='ocrx_word' id='word_1_187' title='bbox 1174 2519 1423 2567; x_wconf 90' lang='lat' dir='ltr'>nunquam</span> <span class='ocrx_word' id='word_1_188' title='bbox 1449 2503 1568 2549; x_wconf 84' lang='lat' dir='ltr'>mihi</span> <span class='ocrx_word' id='word_1_189' title='bbox 1592 2503 1770 2561; x_wconf 88' lang='lat' dir='ltr'>minus,</span> 
     </span>
     <span class='ocr_line' id='line_1_31' title="bbox 447 2579 1772 2646; baseline 0 -18"><span class='ocrx_word' id='word_1_190' title='bbox 447 2590 592 2646; x_wconf 85' lang='lat' dir='ltr'>quam</span> <span class='ocrx_word' id='word_1_191' title='bbox 616 2581 846 2629; x_wconf 89' lang='lat' dir='ltr'>hesterno</span> <span class='ocrx_word' id='word_1_192' title='bbox 888 2581 985 2639; x_wconf 85' lang='lat' dir='ltr'>die,</span> <span class='ocrx_word' id='word_1_193' title='bbox 1020 2579 1214 2643; x_wconf 86' lang='lat' dir='ltr'>placui:</span> <span class='ocrx_word' id='word_1_194' title='bbox 1252 2580 1407 2644; x_wconf 81' lang='lat' dir='ltr'>magis</span> <span class='ocrx_word' id='word_1_195' title='bbox 1431 2580 1556 2627; x_wconf 88' lang='lat' dir='ltr'>adeo</span> <span class='ocrx_word' id='word_1_196' title='bbox 1578 2580 1631 2628; x_wconf 90' lang='lat' dir='ltr'>id</span> <span class='ocrx_word' id='word_1_197' title='bbox 1654 2580 1772 2630; x_wconf 89' lang='lat' dir='ltr'>faci-</span> 
     </span>
     <span class='ocr_line' id='line_1_32' title="bbox 444 2657 1771 2723; baseline 0.002 -17"><span class='ocrx_word' id='word_1_198' title='bbox 444 2660 597 2715; x_wconf 83' lang='lat' dir='ltr'>litate,</span> <span class='ocrx_word' id='word_1_199' title='bbox 637 2675 782 2722; x_wconf 88' lang='lat' dir='ltr'>quam</span> <span class='ocrx_word' id='word_1_200' title='bbox 824 2658 917 2706; x_wconf 87' lang='lat' dir='ltr'>alia</span> <span class='ocrx_word' id='word_1_201' title='bbox 956 2657 1055 2705; x_wconf 89' lang='lat' dir='ltr'>ulla</span> <span class='ocrx_word' id='word_1_202' title='bbox 1096 2657 1239 2722; x_wconf 88' lang='lat' dir='ltr'>culpa</span> <span class='ocrx_word' id='word_1_203' title='bbox 1263 2674 1373 2706; x_wconf 88' lang='lat' dir='ltr'>mea</span> <span class='ocrx_word' id='word_1_204' title='bbox 1397 2659 1637 2722; x_wconf 83' lang='lat' dir='ltr'>contigit3</span> <span class='ocrx_word' id='word_1_205' title='bbox 1687 2661 1771 2723; x_wconf 90' lang='lat' dir='ltr'>qui</span> 
     </span>
     <span class='ocr_line' id='line_1_33' title="bbox 446 2736 1769 2801; baseline 0.002 -17"><span class='ocrx_word' id='word_1_206' title='bbox 446 2737 562 2784; x_wconf 89' lang='lat' dir='ltr'>dum</span> <span class='ocrx_word' id='word_1_207' title='bbox 599 2738 839 2801; x_wconf 89' lang='lat' dir='ltr'>obsequor</span> <span class='ocrx_word' id='word_1_208' title='bbox 876 2736 1287 2795; x_wconf 85' lang='lat' dir='ltr'>adolescentibus,</span> <span class='ocrx_word' id='word_1_209' title='bbox 1336 2753 1415 2784; x_wconf 91' lang='lat' dir='ltr'>me</span> <span class='ocrx_word' id='word_1_210' title='bbox 1457 2753 1623 2785; x_wconf 89' lang='lat' dir='ltr'>senem</span> <span class='ocrx_word' id='word_1_211' title='bbox 1665 2753 1769 2787; x_wconf 89' lang='lat' dir='ltr'>esse</span> 
     </span>
     <span class='ocr_line' id='line_1_34' title="bbox 445 2814 1769 2879; baseline 0.002 -17"><span class='ocrx_word' id='word_1_212' title='bbox 445 2832 551 2862; x_wconf 84' lang='lat' dir='ltr'>sum</span> <span class='ocrx_word' id='word_1_213' title='bbox 593 2815 805 2876; x_wconf 90' lang='lat' dir='ltr'>oblitus;</span> <span class='ocrx_word' id='word_1_214' title='bbox 856 2815 1052 2879; x_wconf 86' lang='lat' dir='ltr'>fecique</span> <span class='ocrx_word' id='word_1_215' title='bbox 1093 2815 1163 2873; x_wconf 91' lang='lat' dir='ltr'>id,</span> <span class='ocrx_word' id='word_1_216' title='bbox 1216 2814 1348 2878; x_wconf 91' lang='lat' dir='ltr'>quod</span> <span class='ocrx_word' id='word_1_217' title='bbox 1384 2830 1447 2862; x_wconf 89' lang='lat' dir='ltr'>ne</span> <span class='ocrx_word' id='word_1_218' title='bbox 1483 2814 1769 2864; x_wconf 86' lang='lat' dir='ltr'>adolescens</span> 
     </span>
     <span class='ocr_line' id='line_1_35' title="bbox 445 2893 1768 2957; baseline 0.002 -16"><span class='ocrx_word' id='word_1_219' title='bbox 445 2893 643 2957; x_wconf 87' lang='lat' dir='ltr'>quidem</span> <span class='ocrx_word' id='word_1_220' title='bbox 667 2893 901 2955; x_wconf 85' lang='lat' dir='ltr'>feceram,</span> <span class='ocrx_word' id='word_1_221' title='bbox 936 2901 993 2943; x_wconf 92' lang='lat' dir='ltr'>ut</span> <span class='ocrx_word' id='word_1_222' title='bbox 1015 2893 1072 2942; x_wconf 84' lang='lat' dir='ltr'>iis</span> <span class='ocrx_word' id='word_1_223' title='bbox 1097 2893 1158 2942; x_wconf 88' lang='lat' dir='ltr'>de</span> <span class='ocrx_word' id='word_1_224' title='bbox 1183 2894 1342 2952; x_wconf 85' lang='lat' dir='ltr'>rebus,</span> <span class='ocrx_word' id='word_1_225' title='bbox 1382 2909 1506 2957; x_wconf 87' lang='lat' dir='ltr'>quae</span> <span class='ocrx_word' id='word_1_226' title='bbox 1543 2893 1768 2944; x_wconf 86' lang='lat' dir='ltr'>doctrina</span> 
     </span>
    </p>
   </div>
   <div class='ocr_carea' id='block_1_6' title="bbox 2015 0 2071 3508">
    <p class='ocr_par' dir='ltr' id='par_1_7' title="bbox 2015 0 2071 3508">
     <span class='ocr_line' id='line_1_36' title="bbox 2015 0 2071 3508; baseline 0 0"><span class='ocrx_word' id='word_1_227' title='bbox 2015 0 2071 3508; x_wconf 95' lang='lat' dir='ltr'> </span> 
     </span>
    </p>
   </div>
  </div>
 </body>
</html>
