2071 3508
530 390 583 427 20
1001 387 1076 426 DE
1107 386 1372 427 ORATORE
1449 387 1457 410 ’

529 495 734 552 faceret,
770 494 884 542 huic
920 504 1085 544 nostro
1111 495 1320 544 sermoni
1345 495 1629 552 interesset;
1668 510 1724 540 ac
1740 491 1843 557 jam

531 581 637 620 tum
662 581 765 621 erat
789 573 1180 622 adolescentulus
1215 574 1288 619 his
1324 573 1494 620 studiis
1529 572 1728 619 mirifice
1764 571 1846 618 de-

423 656 500 695 58.
534 651 680 698 ditus.
716 651 826 700 Jam
850 669 965 699 vero
986 653 1045 699 de
1070 652 1259 714 legibus
1278 650 1606 708 instituendis,
1624 647 1845 705 debello,

534 729 594 776 de
618 736 758 793 pace,
802 730 862 777 de
901 731 1060 788 sociis,
1098 730 1158 776 de
1194 728 1533 791 vectigalibus,
1570 727 1631 774 de
1646 726 1757 790 jure
1783 727 1847 773 ci-

531 807 615 854 vili
639 808 910 870 generatim
947 809 998 854 in
1036 807 1228 855 ordines
1267 814 1548 868 aetatesque
1585 804 1848 867 descripto,

535 885 703 932 dicant
727 885 804 932 vel
829 885 1029 943 Graeci,
1055 886 1092 931 si
1116 884 1306 942 volunt,
1331 883 1634 947 Lycurgum,
1659 890 1744 929 aut
1768 881 1850 929 So-

531 961 697 1009 lonem
723 965 1023 1025 (quanquam
1048 961 1153 1008 illos
1179 961 1375 1025 quidem
1413 976 1666 1010 censemus
1689 960 1739 1005 in
1763 976 1851 1006 nu-

534 1056 670 1086 mero
717 1039 1050 1102 eloquentium
1096 1038 1428 1103 reponendos)
1470 1039 1614 1086 scisse
1661 1037 1851 1097 melius,

535 1133 683 1179 quam
708 1117 1033 1181 Hyperidem,
1058 1125 1142 1164 aut
1167 1117 1572 1175 Demosthenem,
1609 1116 1853 1180 perfectos

527 1193 631 1257 jam
661 1194 881 1241 homines
913 1195 964 1240 in
995 1195 1208 1242 dicendo
1239 1203 1289 1242 et
1311 1195 1607 1259 perpolitos:
1645 1194 1722 1241 vel
1746 1211 1853 1242 nos-

535 1278 636 1329 tros
662 1271 982 1329 decemviros,
1019 1272 1101 1334 qui
1137 1289 1210 1321 XII
1240 1273 1428 1320 tabulas
1451 1272 1854 1336 perscripserunt,

537 1365 658 1412 quos
694 1365 894 1397 necesse
937 1356 1009 1395 est
1048 1348 1196 1396 fuisse
1235 1349 1520 1413 prudentes,
1555 1356 1881 1412 anteponant,

536 1426 632 1473 hoc
677 1442 859 1489 genere
901 1436 951 1473 et
986 1426 1086 1472 Ser.
1127 1426 1334 1484 Galbae,
1376 1434 1425 1473 et
1466 1443 1634 1473 socero
1669 1433 1756 1473 tuo
1798 1427 1854 1476 C.

539 1503 728 1561 Laelio,
767 1519 886 1566 quos
923 1510 1114 1550 constat
1149 1503 1345 1549 dicendi
1369 1503 1523 1566 gloria
1545 1503 1854 1565 praestitisse.

429 1586 508 1627 59.
540 1581 806 1644 Nunquam
854 1581 984 1628 enim
1030 1582 1240 1643 negabo,
1298 1597 1400 1628 esse
1453 1580 1684 1643 quasdam
1731 1590 1858 1630 artes

538 1660 755 1723 proprias
803 1666 989 1716 eorum,
1042 1659 1124 1721 qui
1175 1658 1225 1704 in
1274 1658 1347 1705 his
1389 1658 1742 1722 cognoscendis
1789 1668 1858 1707 at-

540 1754 635 1800 que
660 1738 927 1794 tractandis
965 1737 1180 1784 studium
1216 1754 1356 1784 suum
1387 1754 1530 1789 omne
1554 1746 1856 1802 posuerunt:

539 1816 627 1863 Sed
651 1822 891 1862 oratorem
916 1814 1115 1878 plenum
1141 1822 1287 1878 atque
1319 1814 1593 1878 perfectum
1619 1833 1721 1863 esse
1747 1833 1858 1863 eum

543 1893 721 1951 dicam,
759 1893 841 1955 qui
867 1893 927 1940 de
953 1893 1180 1945 omnibus
1210 1895 1353 1941 rebus
1380 1894 1533 1957 possit
1561 1895 1691 1942 varie
1729 1895 1859 1958 copi-

425 1958 523 2019 14.
543 1986 722 2033 oseque
748 1970 926 2017 dicere.
998 1970 1196 2017 Etenim
1221 1987 1363 2034 saepe
1388 1972 1438 2017 in
1462 1972 1519 2019 iis
1545 1972 1718 2030 causis,
1744 1989 1861 2036 quas

542 2064 712 2095 omnes
748 2048 966 2111 proprias
1008 2064 1110 2102 esse
1153 2056 1398 2095 oratorum
1441 2049 1753 2108 confitentur,
1789 2057 1863 2098 est

543 2125 745 2188 aliquid,
787 2125 919 2187 quod
955 2142 1053 2173 non
1090 2143 1151 2172 ex
1186 2143 1277 2173 usu
1307 2126 1506 2185 forensi,
1537 2144 1682 2191 quem
1707 2127 1862 2176 solum

546 2203 816 2250 oratoribus
869 2203 1156 2260 conceditis,
1211 2203 1297 2250 sed
1349 2220 1410 2250 ex
1459 2205 1736 2254 obscuriore
1782 2205 1864 2253 ali-

548 2297 643 2344 qua
667 2280 869 2327 scientia
889 2280 949 2326 sit
972 2280 1295 2343 promendum
1319 2288 1465 2344 atque
1491 2283 1796 2330 sumendum.

440 2368 516 2408 60.
618 2358 815 2417 Quaero
852 2358 1001 2415 enim,
1037 2374 1155 2404 num
1184 2358 1336 2421 possit
1381 2367 1466 2406 aut
1506 2367 1676 2407 contra
1715 2361 1880 2428 impe--

549 2445 759 2483 satorem
799 2443 882 2482 aut
919 2452 1007 2499 pro
1042 2436 1333 2499 imperatore
1372 2437 1487 2495 dici,
1529 2438 1631 2486 sine
1672 2439 1740 2486 rei
1779 2440 1864 2486 mi-

548 2514 699 2560 litaris
723 2530 832 2571 usu,
857 2521 941 2560 aut
965 2529 1107 2577 saepe
1133 2514 1278 2561 etiam
1304 2515 1405 2562 sine
1424 2516 1678 2579 regionum
1694 2525 1866 2566 terres·
1903 2556 1906 2559 .

552 2591 699 2638 trium
726 2598 810 2637 aut
833 2591 1183 2638 maritimarum
1209 2593 1443 2640 scientia:
1482 2610 1599 2641 num
1629 2596 1760 2659 apud
1781 2613 1866 2661 po-

554 2670 724 2732 pulum
752 2670 811 2717 de
836 2669 1026 2733 legibus
1038 2669 1289 2733 jubendis,
1305 2678 1389 2718 aut
1403 2672 1656 2732 vetandis3
1683 2689 1802 2721 num
1814 2674 1866 2722 in

558 2755 729 2794 senatu
747 2748 806 2795 de
827 2748 961 2796 omni
977 2748 1273 2812 reipublicae
1290 2766 1471 2813 genere
1491 2751 1606 2809 dici,
1623 2752 1724 2799 sine
1743 2768 1869 2799 sum-

560 2840 637 2870 ma
653 2840 814 2890 rerum
833 2825 1047 2874 civilium
1064 2827 1365 2892 cognitione,
1381 2836 1431 2877 et
1443 2829 1724 2893 prudentia:
1750 2846 1868 2883 num
