2071 3508
304 1632 416 1672 223.-

436 413 515 450 30⁶3
913 392 991 448 DE'
1016 409 1286 450 ORATORE

435 520 597 568 tiones
619 519 772 584 possit
796 518 988 568 efficere
1009 537 1022 567 z
1059 535 1222 584 neque
1244 534 1364 567 vero
1389 525 1463 567 est
1487 519 1762 584 quisquam,

438 599 522 665 qui
547 598 720 647 eadem
746 606 988 646 contuens
1013 598 1207 647 efficiat.
1265 597 1636 662 Theophrastus
1661 599 1765 662 qui-

439 678 553 726 dem
579 677 871 726 Tauriscum
891 678 1137 741 quendam
1153 676 1280 725 dixit
1295 685 1514 725 actorem
1539 693 1764 725 aversum

441 757 639 805 solitum
664 773 767 805 esse
792 756 976 815 dicere,
1012 757 1096 819 qui
1119 756 1170 803 in
1196 756 1390 820 agendo
1415 764 1657 804 contuens
1681 754 1766 803 ali-

400 872 410 884 .
443 837 563 900 quid
586 835 942 901 pronuntiaret.
1015 835 1183 891 Quare
1208 834 1465 882 oculorum
1491 842 1565 883 est
1588 851 1769 898 magna

442 916 746 963 moderatio:
784 931 897 961 nam
935 913 1030 961 oris
1065 929 1167 961 non
1198 920 1273 960 est
1296 912 1504 960 n'imium
1528 912 1768 961 mutanda

443 994 649 1059 species,
690 1010 753 1041 ne
790 1000 875 1040 aut
899 992 962 1040 ad
985 991 1215 1056 ineptias,
1253 999 1339 1039 aut
1380 990 1443 1039 ad
1476 991 1771 1056 pravitatem

443 1073 673 1137 aliquam,
699 1070 993 1119 deferamur.
1065 1069 1215 1119 Oculi
1251 1078 1384 1129 sunt,
1420 1076 1628 1134 quorum
1663 1077 1772 1118 tum

441 1151 737 1208 intentione,
774 1157 882 1197 tum
905 1148 1210 1207 remissione,
1246 1156 1354 1196 tum
1380 1148 1625 1212 conjectu,
1664 1156 1772 1196 tum

443 1228 708 1288 hilaritate,
748 1236 911 1276 motus
958 1227 1232 1275 animorum
1279 1226 1612 1291 significemus
1658 1235 1773 1291 apte

446 1325 560 1356 cum
583 1326 767 1373 genere
791 1310 897 1374 ipso
921 1308 1154 1356 orationis
1175 1313 1188 1355 :²
1225 1315 1301 1355 est
1324 1308 1456 1355 enim
1480 1308 1615 1356 actio'
1636 1308 1774 1372 quasi

446 1405 605 1437 sermo
631 1391 865 1453 corporis,
885 1406 982 1454 quo
1002 1388 1158 1453 magis
1182 1389 1337 1437 menti
1363 1405 1644 1454 congruens
1668 1404 1774 1437 esse

446 1468 610 1516 debet.
682 1468 870 1517 Oculos
900 1477 1066 1516 autem
1102 1476 1277 1516 natura
1300 1468 1460 1528 nobis,
1491 1477 1549 1517 ut
1573 1485 1700 1533 equo
1725 1473 1777 1516 et

445 1545 578 1595 leoni
603 1555 748 1605 setas,
775 1547 1003 1605 caudam,
1028 1563 1187 1604 aures,
1224 1546 1288 1594 ad
1311 1554 1474 1595 motus
1498 1547 1774 1595 animorum

449 1625 769 1673 declarandos
795 1626 949 1674 dedit.
1002 1626 1169 1680 Quare
1194 1625 1246 1672 in
1269 1625 1363 1673 hac
1388 1634 1556 1674 nostra
1579 1627 1776 1676 actione

448 1705 722 1752 secundum
747 1721 921 1752 vocem
944 1703 1109 1752 vultus
1144 1703 1310 1752 valet:
1347 1705 1387 1752 is
1424 1713 1590 1752 autem
1621 1705 1777 1754 oculis

445 1785 765 1846 gubernatur.
838 1783 1008 1846 Atque
1045 1782 1097 1829 in
1134 1782 1193 1829 iis
1228 1783 1471 1839 omnibus,
1510 1799 1635 1847 quae
1661 1792 1776 1833 sunt

447 1862 672 1920 actionis,
696 1862 826 1909 inest
843 1861 1085 1925 quaedam
1103 1861 1175 1908 vis
1200 1878 1228 1908 a
1250 1870 1427 1910 natura
1451 1861 1596 1910 data:
1623 1879 1774 1926 quare

447 1940 596 1988 etiam
620 1941 713 1988 hac
737 1941 972 2005 imperiti,
987 1940 1080 1988 hac
1105 1940 1295 2004 vulgus,
1317 1940 1412 1988 hac
1432 1940 1645 2005 denique
1669 1943 1778 1990 bar-

444 2019 549 2067 bari
573 2020 787 2068 maxime
813 2027 1202 2068 commoventur.
1271 2020 1440 2068 Verba
1464 2020 1596 2067 enim
1620 2021 1776 2069 nemi-

448 2113 561 2145 nem
586 2107 805 2157 movent,
829 2098 921 2146 nisi
947 2115 1079 2157 eum,
1123 2099 1205 2163 qui
1232 2097 1453 2162 ejusdem
1476 2098 1677 2163 linguae
1702 2116 1776 2149 so-

448 2177 630 2224 cietate
663 2176 957 2240 conjunctus
993 2186 1101 2236 est3
1141 2177 1516 2241 sententiaeque
1551 2194 1696 2243 saepe
1731 2196 1780 2226 a-

450 2263 596 2302 cutae
634 2271 733 2302 non
769 2263 1028 2302 acutorum
1069 2255 1326 2302 hominum
1362 2272 1531 2304 sensus
1563 2265 1780 2320 praeter-

450 2331 650 2381 ⁷rolant:
689 2333 838 2391 actio,
880 2349 1004 2396 quae
1041 2349 1158 2397 prae
1191 2350 1241 2380 se
1266 2341 1456 2381 motum
1481 2335 1630 2381 animi
1664 2335 1778 2392 fert,

453 2427 624 2459 omnes
649 2419 815 2459 movet
835 2430 847 2459 t
874 2411 1049 2458 iisdem
1070 2411 1200 2459 enim
1220 2411 1440 2458 omnium
1465 2412 1613 2459 animi
1638 2413 1782 2461 moti-

452 2491 544 2537 bus
569 2490 901 2548 concitantur,
938 2497 987 2537 et
1013 2506 1095 2537 eos
1119 2489 1295 2537 iisdem
1330 2491 1474 2547 notis,
1513 2499 1566 2538 et
1599 2491 1652 2538 in
1675 2491 1780 2540 aliis

453 2577 745 2632 agnoscunt,
774 2577 825 2617 et
849 2569 900 2615 in
925 2585 975 2616 se
995 2568 1087 2633 ipsi
1112 2568 1351 2617 indicant.

522 2647 607 2694 Ad
631 2648 837 2695 actionis
861 2655 1026 2695 autem
1049 2664 1190 2694 usum
1217 2657 1364 2712 atque
1387 2647 1606 2708 laudem,
1629 2649 1782 2698 maxi-

413 2768 422 2779 ,
455 2742 584 2772 mam
609 2725 712 2774 sine
738 2726 888 2774 dubio
911 2735 1102 2790 partem
1139 2743 1235 2774 vox
1271 2727 1498 2787 obtinet3
1538 2744 1662 2792 quae
1685 2728 1781 2792 pri-

455 2820 589 2851 mum
632 2812 705 2852 est
746 2804 963 2869 optanda
1002 2805 1172 2853 nobis:
1217 2805 1413 2863 deinde,
1457 2823 1782 2871 quaecunque

457 2881 566 2938 erit,
592 2898 650 2929 ea
671 2882 892 2932 tuenda:
932 2882 994 2932 de
1020 2899 1118 2947 quo
1141 2882 1265 2932 illud
1290 2882 1396 2948 jam
1431 2884 1553 2933 nihil
1587 2883 1651 2933 ad
1685 2883 1781 2934 hoc
