2071 3508
629 413 795 459 LIBER
816 417 1065 458 TERTIUS.
1434 421 1512 457 223

188 528 502 595 Septembris,
538 535 588 576 et
611 527 711 586 ille,
751 535 802 575 et
833 533 1030 574 senatus
1067 524 1298 588 frequens
1332 534 1514 573 vocatu

187 607 338 656 Drusi
378 607 429 654 in
465 605 650 653 curiam
675 604 826 652 venit.
899 603 975 651 Ibi
1002 620 1116 651 cum
1142 603 1335 650 Drusus
1360 603 1516 650 multa

187 686 248 734 de
276 684 499 749 Philippo
524 692 724 748 questus
750 690 895 742 esset,
921 682 1091 731 retulit
1115 682 1178 730 ad
1202 690 1427 730 senatum
1453 682 1515 730 de

185 763 268 812 illo
291 764 415 827 iPSO,
440 763 574 827 quod
610 762 781 811 consul
816 764 866 809 in
897 779 1010 810 eum
1035 762 1258 810 ordinem
1284 769 1385 809 tam
1409 777 1517 825 gra-

186 842 311 890 viter
333 842 385 888 in
410 842 652 890 concione
678 850 806 890 esset
830 843 1071 890 invectus.
1147 841 1265 899 Hic,
1291 849 1347 888 ut
1372 857 1517 905 saepe
1584 874 1596 885 .

186 921 314 968 inter
330 921 556 968 homines
581 922 962 985 sapientissimos
981 929 1206 969 constare
1222 921 1342 980 vidi,
1368 936 1519 985 quan-

187 1015 333 1062 quam
358 999 454 1048 hoc
481 999 675 1058 Crasso,
713 1017 826 1048 cum
859 999 1045 1062 aliquid
1070 1000 1348 1047 accuratius
1374 999 1521 1047 dixis-

186 1084 279 1136 set,
304 1094 497 1142 semper
520 1076 624 1125 fere
651 1076 958 1141 contigisset,
983 1086 1039 1124 ut
1063 1092 1315 1140 nunquam
1341 1077 1522 1126 dixisse

188 1155 363 1204 melius
403 1163 679 1220 putaretur,
720 1164 887 1203 tamen
925 1156 1144 1202 omnium
1184 1172 1427 1204 consensu
1452 1157 1521 1204 sic

189 1250 294 1282 esse
329 1242 435 1283 tum
466 1234 767 1299 judicatum,
807 1241 1028 1282 caeteros
1065 1251 1093 1281 a
1119 1234 1294 1282 Crasso
1331 1252 1523 1300 semper

189 1330 379 1374 omnes,
403 1313 487 1362 illo
507 1322 673 1362 autem
694 1315 772 1362 die
795 1314 942 1362 etiam
962 1314 1121 1377 ipsum
1149 1331 1176 1361 a
1200 1331 1304 1362 sese
1331 1331 1526 1378 supera-

189 1401 314 1442 tum.
384 1393 678 1458 Deploravit
715 1394 845 1441 enim
884 1410 1050 1440 casum
1089 1401 1237 1456 atque
1263 1394 1525 1442 orbitatem

191 1480 423 1533 senatus3
463 1473 603 1537 cujus
629 1472 831 1530 ordinis,
857 1489 884 1519 a
910 1471 1110 1520 consule
1137 1472 1248 1536 (qui
1275 1473 1410 1536 quasi
1444 1490 1526 1537 pa-

191 1568 303 1599 rens
326 1553 503 1611 bonus,
543 1560 628 1600 aut
669 1559 804 1599 tutor
829 1551 986 1599 fidelis
1024 1568 1127 1599 esse
1166 1552 1394 1613 deberet)
1420 1560 1526 1600 tan·

193 1653 340 1701 quam
384 1637 444 1686 ab
487 1637 651 1702 aliquo
693 1635 882 1686 nefario
920 1638 1189 1702 praedone,
1233 1639 1528 1703 diriperetur

191 1717 542 1781 patrimonium
568 1718 853 1782 dignitatis:
892 1734 1054 1782 neque
1079 1736 1197 1767 vero
1223 1735 1326 1767 esse
1352 1719 1530 1766 miran-

194 1794 327 1852 dum,
367 1796 424 1855 si,
461 1813 576 1845 cum
613 1796 710 1844 suis
747 1796 962 1844 consiliis
986 1797 1342 1862 rempublicam
1366 1798 1529 1862 profli-

193 1889 376 1946 gasset,
402 1880 660 1930 consilium
687 1889 884 1930 senatus
909 1899 937 1929 a
952 1882 1206 1946 republica
1229 1885 1527 1950 repudiaret.

199 1959 300 2008 Hic
327 1976 440 2007 curn
464 1958 652 2007 homini
690 1967 740 2007 et
774 1959 1077 2018 vehementi,
1104 1969 1153 2008 et
1178 1962 1376 2019 diserto,
1405 1972 1455 2011 et
1479 1964 1529 2011 in
1596 1984 1607 1993 ·

195 2037 364 2102 primis
388 2036 504 2084 forti
524 2037 587 2084 ad
605 2038 949 2094 resistendum,
976 2038 1215 2103 Philippo,
1238 2042 1376 2104 quasi
1393 2059 1530 2106 quas-

197 2116 311 2164 dam
352 2116 613 2163 verborum
656 2116 791 2163 faces
827 2116 1143 2175 admovisset,
1168 2134 1268 2165 non
1293 2119 1408 2168 tulit
1432 2120 1528 2177 ille,

199 2203 249 2243 et
285 2194 502 2258 graviter
540 2193 739 2252 exarsit,
781 2194 1167 2260 pignoribusque
1194 2197 1367 2245 ablatis
1393 2198 1533 2247 Cras-

200 2289 306 2321 sum
332 2272 547 2320 instituit
572 2276 816 2321 co'ercere.
862 2274 977 2330 Quo
997 2275 1195 2338 quidem
1215 2276 1321 2341 ipso
1345 2278 1397 2325 in
1420 2278 1533 2327 loco

199 2351 356 2400 multa
380 2369 408 2399 a
433 2351 607 2413 Crasso
624 2350 859 2399 divinitus
885 2352 1020 2400 dicta
1045 2353 1392 2416 efferebantur,
1418 2375 1533 2407 cum

201 2435 291 2483 sibi
339 2434 475 2483 illum
515 2435 770 2484 consulem
812 2453 916 2485 esse
955 2448 1175 2503 negaret,
1218 2442 1298 2488 cui
1340 2452 1536 2491 senator

201 2514 304 2578 ipse
330 2530 430 2561 non
455 2521 583 2562 esset
604 2533 615 2561 :
654 2516 735 2562 An
760 2523 826 2574 tu,
852 2534 991 2580 quum
1016 2534 1193 2566 omnem
1218 2522 1538 2570 auctoritatem

203 2593 411 2641 universi
449 2595 629 2641 ordinis
662 2611 758 2658 pro
786 2596 996 2658 pignore
1025 2599 1230 2660 putaris,
1257 2616 1449 2663 eamque
1488 2601 1539 2648 in

203 2679 452 2735 conspectu
482 2674 653 2736 populi
693 2675 900 2722 Romani
933 2677 1206 2732 concideris,
1244 2695 1314 2724 me
1339 2680 1410 2726 his
1426 2681 1537 2743 pig-

206 2751 399 2798 noribus
423 2752 660 2800 existimas
676 2769 818 2816 posse
844 2755 1015 2802 terreri
1034 2759 1056 2802 ?
1094 2773 1187 2803 mm
1224 2757 1305 2804 tihi
1329 2759 1408 2805 illa
1431 2768 1543 2808 sunt

205 2830 507 2888 concidenda,
544 2832 585 2880 si
609 2832 828 2881 Crassum
851 2833 921 2880 vis
943 2838 1160 2883 coffrcere
1179 2857 1192 2882 .·
1231 2838 1344 2885 haec
1368 2839 1450 2886 tibi
1471 2846 1544 2887 est
