2071 3508
343 605 449 646 104.

377 1448 482 1509 923.

366 1542 470 1581 105.

382 2167 487 2209 106.

394 2633 498 2676 107.

478 410 528 446 34
949 400 1026 441 DE
1056 400 1322 440 ORATORE

479 523 580 563 tam
604 528 748 570 nova,
787 512 849 559 de
885 528 981 575 qua
1005 528 1054 558 se
1079 527 1178 558 non
1203 507 1384 566 omnia,
1426 522 1550 571 quae
1576 506 1673 554 dici
1697 522 1807 570 pos,

482 601 612 651 sunt,
652 591 971 657 profiteantur
1012 607 1114 638 esse
1162 589 1394 655 dicturos.
1467 585 1617 643 Quod
1657 586 1695 632 si
1736 593 1807 641 te,

483 673 649 730 Cotta,
675 670 949 726 arbitrarer,
970 676 1054 715 aut
1077 676 1147 726 te,
1172 666 1373 729 Sulpici,
1391 665 1453 712 de
1476 665 1534 711 iis
1557 665 1702 711 rebus
1726 681 1810 711 au-

484 751 589 799 dire
628 748 774 806 velle,
816 747 1128 794 adduxissem
1164 746 1261 792 11110
1299 744 1549 791 Graecum
1580 741 1809 806 aliquem,

486 828 569 893 qui
608 844 694 875 vos
735 825 1009 874 istiusmodi
1051 822 1464 887 disputationibus
1506 820 1811 882 delectaret:

487 906 620 970 quod
660 922 723 952 ne
758 920 892 952 nunc
928 903 1127 966 quidem
1164 901 1359 949 difficile
1393 899 1531 947 factu
1566 906 1655 946 est.
1725 897 1817 945 Est

489 984 620 1032 enim
646 983 778 1046 apud
803 982 878 1029 M.
906 982 1151 1039 Pisonem,
1177 979 1541 1027 adolescentem
1557 977 1662 1041 jam
1699 976 1817 1025 huic

491 1062 654 1111 studio
679 1061 920 1118 deditum,
957 1075 1146 1107 summo
1181 1058 1430 1105 hominem
1454 1056 1675 1120 ingenio,
1709 1071 1820 1102 nos-

491 1141 652 1204 trique
679 1139 1064 1202 cupidissimum,
1104 1136 1460 1200 Peripateticus
1494 1136 1702 1192 Staseas,
1736 1133 1822 1181 ho-

494 1235 576 1265 mo
611 1217 751 1264 nobis
788 1233 902 1272 sane
937 1215 1201 1271 familiaris,
1245 1223 1309 1270 et,
1348 1222 1404 1261 ut
1436 1214 1565 1261 inter
1599 1212 1825 1261 homines

494 1295 680 1360 peritos
706 1301 930 1342 constare
954 1294 1114 1350 video,
1142 1293 1192 1340 in
1216 1292 1299 1340 illo
1330 1309 1418 1339 suo
1453 1303 1636 1356 genere
1672 1289 1826 1338 omni-

498 1390 582 1422 um
607 1373 852 1437 princeps.

586 1452 750 1508 Quem
796 1460 870 1509 tu,
917 1450 1091 1514 inquit,
1140 1450 1274 1505 mihi,
1326 1449 1543 1505 Mucius,
1593 1449 1830 1506 Staseam,

505 1546 652 1595 quem
690 1528 1074 1593 Peripateticum
1110 1528 1307 1575 narras?
1344 1526 1607 1575 Gerendus
1643 1534 1717 1574 est
1740 1527 1831 1574 tibi

506 1626 610 1656 mos
635 1607 1048 1665 adolescentibus,
1080 1606 1267 1662 Crasse,
1309 1606 1390 1670 qui
1415 1622 1515 1653 non
1541 1604 1723 1652 Graeci
1748 1603 1831 1651 ali-

508 1687 646 1751 cujus
672 1686 1010 1750 quotidianam
1034 1685 1383 1749 loquacitatem
1408 1685 1510 1731 sine
1535 1701 1646 1741 usu,
1671 1699 1832 1746 neque

510 1783 572 1814 ex
597 1765 774 1814 scholis
799 1764 1093 1812 cantilenam
1118 1764 1404 1828 requirunt;
1444 1763 1531 1810 sed
1555 1779 1617 1810 ex
1634 1761 1835 1809 homine

512 1845 731 1892 omnium
758 1843 1113 1907 sapientissimo
1141 1851 1289 1906 atque
1314 1840 1733 1905 eloquentissimo,
1768 1848 1837 1887 at-

514 1939 609 1985 que
651 1938 712 1969 ex
750 1938 823 1977 eo,
863 1921 945 1984 qui
980 1937 1079 1968 non
1115 1922 1165 1968 in
1200 1921 1392 1979 libellis,
1429 1920 1515 1968 sed
1538 1920 1589 1966 in
1613 1918 1839 1966 maximis

516 2000 692 2058 causis,
717 2007 767 2047 et
790 1999 841 2046 in
865 1999 960 2047 hoc
986 1998 1234 2047 domicilio
1258 1999 1449 2062 imperii
1479 2006 1529 2046 et
1551 1997 1756 2062 gloriae,
1781 1997 1843 2044 sit

519 2077 722 2125 consilio
751 2077 1020 2143 linguaque
1049 2076 1296 2140 princepS,
1334 2075 1471 2140 cujus
1494 2076 1704 2140 vestigia
1737 2091 1843 2139 per-

521 2155 659 2218 sequi
684 2154 906 2217 cupiunt,
935 2154 1040 2218 ejus
1066 2156 1359 2202 sententiam
1385 2155 1712 2203 sciscitantur.
1784 2153 1846 2200 E-

524 2232 723 2296 quidem
748 2240 798 2279 te
825 2249 937 2279 cum
962 2233 1012 2280 in
1038 2233 1250 2280 dicendo
1275 2249 1465 2297 semper
1487 2232 1658 2296 putavi
1683 2232 1846 2287 deum,

527 2319 634 2358 tum
658 2327 774 2358 vero
793 2311 883 2359 tibi
907 2327 1157 2375 nunquam
1183 2312 1492 2376 eloquentiae
1511 2310 1745 2375 majorem
1768 2310 1851 2358 tri-

525 2388 616 2437 bui
640 2387 852 2445 laudem,
881 2406 1025 2453 quam
1050 2390 1366 2439 humanitatis
1388 2409 1400 2439 z
1428 2407 1523 2454 qua
1546 2406 1680 2438 nunc
1705 2397 1756 2438 te
1780 2389 1854 2436 uti

526 2466 606 2514 vel
629 2468 841 2519 maxime
867 2468 1026 2525 decet,
1054 2485 1214 2534 neque
1245 2469 1480 2534 defugere
1506 2485 1614 2517 eam
1640 2468 1855 2533 disputa-

528 2545 730 2602 tionem,
764 2546 827 2593 ad
852 2563 996 2610 quam
1020 2555 1070 2595 te
1096 2548 1194 2596 duo
1219 2548 1506 2597 excellentis
1529 2546 1718 2612 ingenii
1742 2547 1856 2594 ado-

533 2622 776 2672 lescentes
802 2626 1010 2689 cupiunt
1043 2628 1296 2676 accedere.
1367 2628 1476 2692 Ego
1510 2643 1643 2683 vero,
1681 2625 1858 2689 inquit,

539 2701 643 2749 istis
682 2703 883 2768 obsequi
925 2706 1115 2763 studeo,
1157 2723 1318 2771 neque
1363 2708 1603 2771 gravabor
1647 2704 1861 2753 breviter

495 2798 505 2860 ᾗ
539 2795 648 2828 meo
684 2798 837 2841 more,
873 2784 992 2847 quid
1027 2801 1220 2849 quaque
1256 2786 1317 2834 de
1340 2802 1393 2834 re
1418 2786 1640 2842 sentiam,
1678 2783 1858 2832 dicere.

543 2855 621 2906 AC
656 2859 867 2927 primum
901 2861 1024 2911 illud
1059 2864 1314 2928 (quoniam
1349 2864 1692 2913 auctoritatem
1723 2870 1859 2909 tuam
