2138 3528
587 731 661 781 M.
700 730 950 782 TULLII
986 731 1368 784 CICERONIS

945 877 1005 904 AD

745 985 809 1043 Q.
850 984 1209 1034 FRATREM

676 1143 1016 1200 DIALOGI
1061 1144 1264 1199 TRES

949 1298 1004 1323 DE

606 1406 1341 1506 ORATORE·

579 1759 836 1793 DIALOGUS
862 1761 953 1793 SEU
979 1760 1133 1793 LIBER
1160 1759 1370 1793 PRIMUS.

305 1878 606 1938 COGITANTI
642 1889 763 1937 mihi
799 1906 1173 1955 saepenumero,
1210 1897 1261 1938 et
1286 1886 1521 1937 memoria
1555 1903 1635 1934 ve·
1676 1882 1730 1942 1,

304 1977 411 2027 tera.
434 1969 694 2034 repetenti,
721 1969 943 2033 perbeati
968 1968 1137 2027 fuisse,
1159 1968 1348 2024 Quinte
1371 1966 1540 2024 frater,
1565 1965 1634 2012 illi
1670 1978 1713 2016 1.

303 2047 461 2094 videri
486 2046 663 2105 solent,
699 2047 782 2110 qui
818 2047 869 2093 in
905 2046 1092 2110 optima
1126 2045 1397 2109 republica,
1434 2059 1547 2091 cum
1585 2050 1637 2091 et

304 2124 592 2183 honoribus,
631 2132 682 2173 et
716 2141 880 2172 rerum
917 2133 1168 2187 gestarum
1204 2123 1360 2186 gloria
1385 2122 1633 2178 florerent,

304 2219 418 2252 eum
439 2204 568 2252 vitae
589 2217 786 2251 cursum
804 2212 973 2251 tenere
994 2210 1280 2269 potuerunt,
1304 2209 1361 2249 ut
1378 2201 1457 2248 vel
1481 2201 1531 2248 in
1551 2216 1636 2248 ne-

299 2282 441 2346 gotio
476 2281 580 2329 sine
615 2280 854 2346 periculo,
889 2280 969 2329 vel
1003 2281 1055 2328 in
1091 2281 1193 2329 otio
1229 2297 1343 2329 cum
1390 2279 1634 2343 dignitate

301 2377 406 2409 esse
442 2369 657 2425 possent.
730 2359 809 2408 Ac
844 2359 939 2408 fuit
964 2360 1183 2424 quidem,
1220 2375 1334 2408 cum
1358 2358 1478 2406 mihi
1515 2374 1634 2422 quo-

301 2453 398 2501 que
418 2439 613 2486 initium
630 2438 990 2503 requiescendi,
1017 2446 1164 2502 atque
1184 2438 1400 2486 animum
1426 2436 1490 2485 ad
1515 2435 1633 2483 utri-

301 2533 455 2581 usque
481 2525 701 2564 nostrum
737 2515 987 2580 praeclara
1023 2515 1186 2564 studia
1220 2514 1482 2571 referendi,
1523 2513 1630 2561 fore

292 2593 503 2659 justum,
529 2603 580 2643 et
603 2611 756 2659 prope
781 2597 841 2644 ab
867 2595 1093 2644 omnibus
1114 2610 1401 2643 concessum
1429 2592 1632 2640 arbitra-

300 2690 397 2732 rer,
433 2674 472 2721 si
496 2673 714 2721 infinitus
737 2672 1005 2722 forensium
1031 2690 1193 2721 rerum
1219 2673 1375 2731 labor,
1405 2679 1456 2719 et
1479 2671 1632 2718 ambi-

300 2751 448 2800 tionis
473 2753 750 2816 occupafio,
774 2752 986 2800 decursu
1008 2751 1265 2806 honorum,
1288 2750 1436 2797 etiam
1456 2749 1631 2797 aetatis

299 2829 451 2889 flexu,
477 2831 792 2879 constitisset.
854 2831 1016 2888 Quam
1043 2845 1178 2894 spem
1205 2828 1561 2892 cogitationum
1580 2834 1631 2875 et
1662 2839 1708 2878 2.

301 2909 617 2958 consiliorum
652 2926 892 2969 meorum,
935 2925 1049 2958 cum
1085 2924 1258 2972 graves
1294 2905 1631 2955 communium

300 2995 596 3053 temporum,
651 2996 757 3037 tum
793 2988 913 3036 varii
966 2986 1121 3035 nostri
1156 3002 1296 3034 casus
1331 2983 1632 3034 fefellerunt.

1276 3079 1307 3111 Λ
