2071 3508
410 1937 516 1997 50.

532 424 612 465 370
1017 424 1092 463 DE
1121 424 1321 464 CLARIS

531 530 649 596 pulo
672 531 863 595 probari
888 531 1050 580 velim.
1119 532 1316 580 Etenim
1336 547 1535 580 necesse
1561 540 1648 588 est,
1670 532 1754 596 qui
1775 531 1846 580 ita

535 609 683 665 dicat,
710 618 765 657 ut
789 627 816 657 a
840 610 1154 659 multitudine
1177 612 1428 675 probetur,
1452 609 1665 657 eundem¹
1688 609 1847 657 doctis

536 687 745 751 probari.
815 686 963 745 Nam,
989 687 1107 750 quid
1130 687 1180 733 in
1205 686 1416 734 dicendo
1440 693 1628 734 rectum
1654 686 1731 744 sit,
1762 694 1848 734 aut

536 782 760 830 pravum,
796 782 888 830 ego
914 765 1168 829 judicabo,
1204 767 1242 813 si
1278 767 1425 814 modo
1458 767 1498 813 is
1533 783 1656 824 sum,
1681 765 1763 829 qui
1797 763 1850 810 id

537 845 737 909 possim,
762 852 845 891 aut
870 844 1017 891 sciam
1034 843 1261 907 judicare
1276 862 1290 890 ι
1327 844 1479 908 qualis
1501 842 1616 892 vero
1652 843 1714 890 sit
1748 857 1852 889 ora-

539 930 636 981 tor,
661 938 722 970 ex
747 938 824 979 eo,
859 922 991 985 quod
1014 922 1053 968 is
1084 921 1299 970 dicendo
1338 921 1532 980 efficiet,
1566 920 1747 985 poterit
1779 919 1852 966 in-

540 1000 712 1063 telligi.
783 999 900 1046 Tria
924 1008 1037 1046 sunt
1061 1000 1191 1047 enim
1228 1003 1308 1064 (ut
1330 1001 1527 1064 quidem
1553 1017 1646 1064 ego
1670 997 1852 1058 sentio)

542 1094 667 1142 quae
706 1077 802 1124 sint
843 1076 1096 1124 efficienda
1137 1078 1377 1125 dicendo:
1430 1086 1487 1125 ut
1527 1078 1762 1125 doceatur
1794 1076 1855 1134 is,

544 1155 676 1220 apud
700 1170 844 1219 quem
871 1154 1081 1212 dicetur,
1116 1162 1172 1202 ut
1197 1154 1488 1213 delectetur,
1522 1164 1580 1202 ut
1603 1161 1856 1202 moveatur

543 1233 899 1281 vehementius.
960 1232 1150 1289 Quibus
1174 1232 1434 1280 virtutibus
1459 1233 1662 1280 oratoris
1683 1232 1856 1279 horum

546 1311 762 1376 quidque
798 1310 1051 1369 efficiatur,
1087 1319 1171 1358 aut
1212 1311 1385 1374 quibus
1420 1310 1549 1358 vitiis
1585 1318 1746 1358 orator
1775 1316 1859 1357 aut

546 1407 647 1440 non
671 1397 955 1453 assequatur
978 1388 1121 1448 haec,
1159 1397 1243 1436 aut
1278 1389 1425 1437 etiam
1460 1389 1512 1435 in
1546 1389 1620 1435 his
1650 1387 1860 1447 labatur,

548 1477 599 1518 et
646 1468 804 1524 cadat,
848 1467 1025 1515 artifex
1072 1467 1243 1533 aliquis
1280 1467 1541 1532 judicabit.
1610 1466 1862 1515 Efficiatur

546 1555 713 1595 autem
739 1549 799 1596 ab
825 1556 1034 1606 oratore,
1059 1564 1236 1607 necne,
1261 1555 1317 1595 ut
1339 1547 1392 1606 ii,
1429 1547 1511 1610 qui
1536 1546 1757 1604 audiant,
1792 1545 1862 1593 ita

547 1625 837 1684 afficiantur,
879 1634 935 1673 ut
975 1633 1136 1674 orator
1172 1623 1320 1685 velit3
1374 1624 1510 1689 vulgi
1550 1640 1766 1682 assensn,
1813 1630 1864 1672 et

550 1703 773 1768 populari
814 1705 1163 1767 approbatione
1201 1703 1414 1767 judicari
1462 1702 1600 1749 solet.
1688 1702 1862 1765 Itaque

550 1797 801 1845 nunquam
828 1782 889 1828 de
911 1783 1043 1829 bono
1068 1791 1276 1838 oratore,
1301 1790 1386 1829 aut
1409 1797 1511 1828 non
1530 1783 1679 1839 bono,
1706 1781 1863 1829 doctis

551 1859 830 1907 hominibus
857 1876 970 1906 cum
992 1858 1175 1922 populo
1200 1858 1434 1906 dissensio
1458 1858 1571 1906 fuit..

620 1938 705 1986 An
724 1954 913 1996 censes,
931 1937 1047 1985 dum
1071 1937 1141 1984 illi
1164 1937 1447 2001 viguerunt,
1467 1955 1588 2001 quos
1611 1946 1725 1986 ante
1745 1938 1865 1998 dixi,

552 2033 653 2065 non
683 2016 881 2064 eosdem
915 2015 1096 2079 gradus
1130 2024 1376 2064 oratorum
1411 2016 1547 2080 vulgi
1571 2015 1781 2080 judicio,
1817 2025 1867 2065 et

553 2096 813 2144 doctorum
836 2093 1018 2142 fuisse?
1054 2094 1135 2142 De
1158 2093 1340 2158 popu1o
1378 2094 1416 2141 si
1457 2111 1602 2158 quem
1626 2095 1695 2142 ita
1731 2111 1868 2159 roga-

553 2174 722 2231 visses,
762 2179 776 2200 ⁶
811 2173 916 2236 quis
954 2180 1028 2220 est
1067 2173 1118 2219 in
1162 2173 1255 2220 hac
1295 2173 1492 2220 civitate
1535 2173 1868 2237 eloquentissi-

558 2259 572 2281 ‘
596 2268 703 2298 mus
722 2251 755 2298 ?'
801 2251 860 2298 In
880 2251 1107 2299 Antonio·
1123 2259 1174 2299 et
1199 2251 1371 2300 Crasso
1390 2260 1475 2299 aut
1499 2252 1766 2311 dubitaret,
1785 2261 1869 2301 aut

556 2330 690 2378 hunc
726 2328 865 2387 alius,
902 2329 1039 2377 illum
1080 2329 1202 2377 alius
1237 2329 1439 2376 diceret.
1508 2330 1734 2378 Nemone
1760 2331 1869 2379 Phi-

556 2408 764 2472 lippum,
788 2416 889 2455 tam
914 2424 1111 2456 suavem
1135 2415 1391 2464 oratorem,
1412 2414 1512 2455 tam
1536 2425 1750 2471 gravem,
1768 2418 1869 2458 tam

558 2485 797 2544 facetum,
837 2485 910 2533 his
952 2485 1237 2545 anteferret,
1279 2502 1424 2549 quem
1460 2487 1761 2550 nosmetipsi,
1787 2489 1867 2552 qui

560 2566 683 2613 haec
708 2572 812 2612 arte
837 2564 996 2628 aliqua
1018 2564 1241 2612 volumus
1275 2565 1571 2629 expendere,
1594 2566 1870 2629 proximum

560 2642 653 2690 illis
692 2642 841 2691 fuisse
884 2642 1128 2691 diximus?
1164 2659 1310 2691 nemo
1343 2642 1582 2707 profecto.
1653 2644 1716 2692 Id
1739 2645 1868 2693 enim

558 2719 718 2784 ipsum
764 2728 839 2768 est
873 2720 1047 2768 summi
1088 2721 1308 2780 oratoris,
1350 2737 1592 2768 summum
1629 2730 1870 2770 oratorem

558 2798 742 2861 populo
765 2799 935 2847 videri.
1007 2799 1171 2855 Quare
1206 2800 1391 2847 tibicen
1416 2798 1745 2863 Antigenidas
1767 2800 1870 2847 dix·
1902 2830 1906 2835 -

563 2875 653 2923 erit
678 2876 917 2940 discipulo
942 2893 1058 2926 sane
1092 2876 1302 2942 frigenti·
1327 2877 1390 2927 ad
1423 2877 1677 2943 populum,
1715 2886 1728 2908 ‘
1751 2876 1868 2926 mihi
