2071 3508
808 403 1026 451 TOPICA.
1500 413 1577 450 501

246 529 344 573 ma,
403 514 505 563 sola
557 514 752 581 proprie
799 531 984 563 nomen
1031 529 1296 562 commune
1342 517 1579 579 possidet.

243 592 364 657 Ejus
387 594 584 659 generis
608 594 733 640 haec
758 599 889 640 sunt.
962 597 977 620 ⁶
1017 592 1172 640 Hunc
1193 600 1435 654 metuere,
1461 596 1580 645 alte-

247 679 261 699 ‘
295 690 403 721 rum
439 674 491 720 in
526 680 665 720 metu
689 687 790 720 non
814 687 1016 737 ponere.
1089 672 1232 732 Eam,
1272 690 1420 738 quam
1456 675 1581 723 nihil

242 755 257 776 ⁶
294 767 515 809 accusas,
551 750 770 798 damnas.
845 751 982 799 Bene
1023 767 1170 815 quam
1208 752 1435 800 meritam
1473 770 1579 802 esse

240 834 254 856 ⁶
291 836 533 885 autumas,
573 829 698 877 dicis
736 829 863 878 male
900 830 1093 879 mereri.
1166 830 1243 888 Id,
1289 832 1424 896 quod
1465 833 1578 893 scis,

238 912 252 934 ⁶
288 907 493 971 prodest
516 908 673 957 nihil:
710 909 783 968 id,
809 909 944 974 quod
968 911 1146 967 nescis,
1173 912 1350 960 obest.’

305 986 423 1036 Hoc
450 987 722 1037 disserendi
746 1006 906 1054 genus
931 990 1135 1054 attingit
1163 991 1366 1040 omnino
1390 1000 1578 1043 vestras

235 1082 434 1131 quoque
458 1067 510 1115 in
535 1069 884 1133 respondendo
916 1069 1309 1135 disputationes:
1348 1072 1436 1120 sed
1470 1073 1577 1138 phi-

233 1145 553 1211 losophorum
578 1149 766 1212 magis3
806 1149 984 1214 quibus
1026 1158 1101 1198 est
1142 1168 1258 1199 cum
1298 1153 1575 1202 oratoribus

231 1223 318 1273 illa
342 1242 405 1273 ex
429 1228 823 1292 repugnantibus
859 1229 1120 1278 sententiis
1154 1232 1432 1279 communis
1458 1249 1575 1280 con-

235 1303 409 1364 clusio,
446 1321 572 1369 quae
604 1324 633 1354 a
658 1307 935 1356 dialecticis
971 1309 1148 1357 tertius
1181 1309 1376 1368 modUS,
1414 1329 1442 1358 a
1465 1311 1575 1361 rhe-

230 1384 420 1432 toribus
463 1383 783 1449 enthymema
823 1391 1157 1448 nuncupatur.
1233 1387 1436 1451 Reliqui
1473 1390 1576 1438 dia-

231 1462 526 1511 lecticorum
552 1462 687 1510 modi
711 1461 878 1527 plures
915 1470 1048 1521 sunt,
1085 1463 1169 1527 qui
1197 1480 1258 1511 ex
1287 1465 1575 1530 disjunctio-

230 1544 376 1592 nibus
402 1549 664 1591 constant:
719 1549 732 1570 ⁶
770 1542 879 1590 Aut
903 1542 1015 1599 hoc,
1059 1551 1146 1591 aut
1173 1543 1328 1592 illud:
1367 1546 1464 1596 hoc
1489 1566 1572 1597 au-

230 1627 245 1649 ⁶
281 1623 414 1684 tems:
453 1638 554 1669 non
578 1621 732 1685 igitur
755 1621 913 1669 illud.'
986 1621 1233 1687 Itemque,
1272 1628 1286 1649 ⁶
1322 1624 1431 1674 Aut
1455 1627 1570 1690 hoc,

232 1709 246 1730 ‘
282 1709 368 1750 aut
387 1700 541 1749 illud:
570 1717 670 1749 non
690 1708 858 1750 autem
878 1701 1004 1750 hoc:
1039 1701 1163 1750 illud
1187 1703 1375 1768 igitur?
1427 1706 1572 1764 Quae

228 1781 576 1830 conclusiones
600 1781 790 1830 idcirco
814 1789 950 1831 ratae
972 1790 1106 1841 sunt,
1132 1784 1266 1847 quod
1284 1785 1336 1832 in
1357 1785 1572 1852 disjunc-

226 1861 364 1910 tione
388 1860 499 1926 plus
524 1877 626 1908 uno
650 1878 823 1909 verum
863 1878 969 1910 esse
1007 1878 1107 1910 non
1140 1870 1323 1927 potest.
1397 1866 1570 1931 Atque

226 1958 290 1990 ex
314 1940 372 1988 iis
405 1940 828 2000 conclusionibuS,
868 1958 988 2006 quas
1024 1959 1170 2007 supra
1206 1944 1397 2009 scripsi,
1434 1947 1569 2011 prior

226 2028 461 2086 quartus3
502 2020 745 2084 posterior
782 2021 983 2085 quintus
1022 2038 1050 2069 a
1088 2021 1364 2074 dialecticis
1389 2026 1568 2075 modus

225 2099 517 2165 appellatur.
590 2099 791 2148 Deinde
817 2101 1011 2149 addunt
1044 2101 1456 2167 conjunctionum
1482 2122 1567 2155 ne-

222 2180 465 2245 gantiam,
503 2180 604 2229 sic:
644 2186 658 2208 ⁶
697 2181 815 2230 Non
858 2190 909 2230 et
944 2182 1040 2231 hoc
1068 2190 1157 2240 est,
1197 2192 1248 2232 et
1271 2184 1428 2233 illud:
1467 2184 1563 2236 hoc

224 2265 238 2287 ⁶
276 2267 474 2309 autem:
515 2277 615 2308 non
640 2261 793 2326 igitur
816 2261 974 2310 illud.'
1027 2262 1130 2311 Hic
1154 2263 1331 2312 modus
1357 2272 1432 2313 est
1457 2283 1565 2314 sex-

221 2347 319 2389 tus.
391 2339 641 2404 Septimus
666 2349 850 2398 autem,
890 2347 904 2369 ⁶
942 2342 1060 2391 Non
1086 2347 1137 2392 et
1161 2343 1277 2403 hoc,
1316 2353 1368 2393 et
1405 2344 1560 2395 illud:

222 2423 236 2445 ⁶
274 2434 376 2466 non
401 2425 569 2466 autem
594 2418 723 2468 hoc:
761 2419 886 2469 illud
915 2420 1104 2484 igitur?
1176 2422 1253 2470 Ex
1289 2423 1364 2471 his
1400 2425 1562 2473 modis

222 2497 569 2547 conclusiones
610 2498 994 2548 innumerabiles
1036 2509 1322 2559 nascuntur,
1366 2503 1417 2550 in
1460 2521 1559 2568 quo

221 2584 296 2625 est
329 2576 435 2624 fere
471 2583 578 2624 tota
615 2576 892 2626 dialectica.
966 2579 1064 2627 Sed
1105 2596 1168 2627 ne
1210 2596 1297 2629 eae
1336 2580 1557 2645 quidem,

220 2672 341 2720 quas
366 2655 591 2720 exposui,
616 2656 680 2704 ad
704 2655 833 2704 hanc
857 2656 1222 2707 institutionem
1245 2668 1362 2708 sunt
1385 2677 1556 2709 neces-

220 2735 391 2784 sariae.
464 2734 723 2784 Proximus
749 2744 824 2784 est
857 2735 997 2785 locus
1022 2753 1186 2786 rerum
1213 2738 1553 2801 efficientium,

220 2830 346 2879 quae
373 2831 549 2864 causae
575 2814 916 2880 appellantur:
955 2815 1142 2867 deinde
1167 2834 1332 2866 rerum
1357 2818 1553 2868 effecta-

218 2910 328 2945 rum
368 2896 430 2945 ab
468 2894 795 2947 efficientibus
833 2896 1008 2948 causis,
1080 2897 1276 2947 Harum
1307 2898 1550 2964 exempla,

1091 2993 1110 3026 I
1133 2994 1151 3025 1
1188 2987 1219 3026 3

1617 979 1719 1042 14.
