2071 3508
322 871 434 917 366.

312 1886 422 1932 367.

472 440 554 478 220
947 437 1024 476 DE
1051 437 1317 477 ORATORE

471 546 563 595 lius
586 545 638 594 in
660 545 756 595 hoc
779 561 962 610 genere
978 545 1191 603 dicendi,
1210 562 1356 611 quam
1380 545 1471 595 iste
1497 546 1662 607 hodie,
1687 565 1792 598 esse

468 633 703 675 versatus,
764 625 914 682 Quod
938 624 976 673 si
1001 632 1129 673 esset
1152 623 1310 684 aliter,
1334 633 1386 674 et
1409 625 1593 690 aliquid
1615 625 1793 674 intelli-

467 720 637 769 gerem
678 705 739 752 ab
778 703 1003 752 Antonio
1042 704 1438 768 praetermissum
1459 725 1472 764 ;
1511 720 1610 753 non
1635 721 1792 753 essem

466 790 569 832 tam
592 783 878 842 inurbanus,
920 799 977 831 ac
1000 798 1128 847 pene
1154 783 1466 842 inhumanus,
1502 784 1575 831 uti
1600 800 1658 832 eo
1681 799 1789 847 gra-

464 877 623 921 varer,
663 858 797 925 quod
830 876 917 908 vos
952 875 1132 924 cupere
1158 860 1405 907 sentirem.
1476 861 1608 908 Tum
1634 861 1790 926 Sulpi-

466 939 585 996 cius,
625 939 710 986 An
735 953 871 1002 ergo,
907 938 1088 1001 inquit,
1112 937 1292 985 oblitus
1318 954 1388 996 eS,
1413 937 1605 997 Crasse,
1630 939 1789 988 Anto-

464 1017 601 1065 nium
638 1017 707 1064 ita
746 1016 980 1080 partitum
1023 1032 1125 1064 esse
1167 1023 1353 1074 tecum,
1393 1023 1450 1063 ut
1485 1016 1589 1080 ipse
1612 1015 1790 1064 instru-

464 1102 687 1143 mentum
729 1094 932 1142 oratoris
973 1102 1258 1158 exponeret,
1295 1094 1385 1141 tibi
1421 1093 1524 1158 ejus
1549 1094 1789 1143 distincti-

464 1189 611 1223 onem
636 1180 784 1237 atque
809 1180 1036 1228 ornatum
1061 1172 1397 1237 relinqueret?
1434 1173 1536 1221 Hic
1560 1173 1660 1233 ille,
1687 1174 1788 1221 Pri-

462 1267 617 1310 mum,
641 1251 749 1316 quis
775 1250 998 1299 Antonio
1012 1251 1252 1315 permisit,
1270 1251 1448 1317 inquit,
1472 1259 1529 1300 ut
1553 1260 1603 1300 et
1624 1260 1788 1317 partes

460 1329 667 1389 faceret,
692 1337 744 1389 et
767 1337 928 1378 utram
963 1329 1112 1378 vellet
1134 1330 1267 1394 prior
1290 1330 1393 1394 ipse
1418 1330 1668 1379 sumeret?
1704 1330 1787 1379 de-

458 1408 595 1467 inde,
632 1409 671 1456 si
696 1425 790 1473 ego
814 1418 949 1457 recte
984 1408 1228 1468 intellexi,
1265 1426 1376 1456 cum
1409 1409 1551 1457 valde
1575 1408 1786 1457 libenter

459 1487 700 1547 audirem,
725 1488 844 1537 mihi
871 1487 1137 1553 conjuncte
1162 1495 1236 1536 est
1260 1488 1388 1535 visus
1413 1488 1475 1537 de
1499 1494 1707 1551 utraque
1730 1504 1784 1536 re

459 1565 641 1614 dicere.
712 1566 803 1626 Ille
829 1583 964 1626 vero,
994 1566 1154 1631 inquit
1179 1567 1344 1625 Cotta,
1369 1574 1657 1614 ornamenta
1680 1583 1783 1614 ora-

456 1643 604 1698 tionis
644 1660 745 1693 non
785 1646 968 1710 attigit,
1006 1662 1167 1710 neque
1205 1662 1311 1693 eam
1349 1645 1563 1704 laudem,
1599 1661 1662 1693 ex
1687 1662 1783 1708 qua

457 1722 739 1787 eloquentia
761 1740 942 1772 nomen
968 1725 1126 1789 ipsum
1153 1725 1357 1773 invenit.
1422 1725 1588 1773 Verba
1611 1725 1779 1789 igitur,

454 1801 616 1873 inquit
640 1803 860 1861 Crassus,
886 1804 1005 1856 mihi
1032 1803 1229 1868 reliquit
1256 1804 1523 1862 Antonius,
1547 1820 1651 1851 rem
1674 1803 1779 1867 ipse

456 1879 645 1928 sumsit.
700 1880 833 1928 Tum
862 1881 1056 1937 Caesar,
1097 1882 1160 1938 Si,
1187 1882 1321 1946 quod
1346 1881 1587 1930 difficilius
1612 1887 1701 1937 est,
1726 1881 1779 1928 id

452 1958 542 2007 tibi
565 1957 793 2023 reliquit3
833 1967 907 2008 est
939 1960 1095 2019 nobis,
1120 1960 1297 2024 inquit,
1322 1977 1482 2016 causa,
1510 1976 1598 2007 cur
1621 1966 1672 2007 te
1696 1976 1779 2008 au-

451 2036 556 2085 dire
593 2038 881 2102 cupiamus:
934 2039 1023 2095 sin,
1065 2039 1200 2103 quod
1236 2038 1463 2098 facilius,
1501 2038 1598 2086 tibi.
1632 2054 1779 2087 causa

450 2130 550 2162 non
574 2123 666 2174 est,
703 2132 791 2164 cur
814 2132 1026 2164 recuses,
1097 2117 1163 2165 Et
1198 2116 1421 2175 Catulus,
1465 2116 1618 2175 Quid,
1643 2115 1775 2180 quod

450 2191 636 2252 dixisti,
659 2194 836 2259 inquit,
864 2195 1058 2254 Crasse,
1096 2196 1145 2243 Si
1170 2196 1250 2243 hic
1276 2196 1422 2243 hodie
1447 2194 1577 2259 apud
1601 2202 1650 2243 te
1675 2210 1774 2242 ma-

449 2287 696 2331 neremus,
713 2279 764 2320 te
784 2289 970 2321 morem
988 2274 1129 2322 nobis
1148 2290 1251 2322 esse
1274 2273 1562 2337 gesturum?
1588 2271 1772 2321 nihilne

448 2348 513 2396 ad
535 2349 681 2397 fidem
706 2357 844 2398 tuam
869 2360 1012 2415 putas
1049 2351 1332 2415 pertinere?
1370 2351 1500 2397 Tum
1534 2349 1682 2398 Cotta
1711 2349 1772 2397 ri-

449 2426 585 2483 dens,
624 2428 827 2477 Possem
865 2429 974 2488 tibi,
1013 2429 1189 2492 inquit,
1233 2429 1423 2486 Crasse,
1459 2427 1768 2487 concedere3

448 2505 536 2552 sed
574 2505 707 2565 vide,
747 2523 810 2555 ne
848 2507 969 2571 quid
1005 2506 1208 2555 Catulus
1243 2505 1463 2555 attulerit
1486 2505 1768 2570 religionis:

448 2599 570 2647 opus
593 2584 689 2636 hoc
715 2585 993 2634 censorium
1019 2593 1120 2633 est:
1159 2585 1209 2631 id
1245 2592 1411 2632 autem
1443 2584 1770 2643 committere,

446 2661 558 2710 vide
597 2679 743 2727 quam
785 2664 868 2724 sitx
888 2663 1076 2711 homini
1115 2671 1258 2728 turpe
1301 2661 1538 2710 censorio.
1613 2661 1768 2726 Agite

446 2755 581 2800 vero,
618 2740 701 2790 ille
739 2741 919 2806 inquit,
955 2749 1012 2789 ut
1042 2741 1221 2790 vultis:
1260 2741 1346 2789 sed
1379 2756 1514 2789 nune
1548 2739 1766 2805 quidem,

448 2819 679 2881 quoniam
703 2819 757 2868 id
779 2820 1011 2885 temporis
1047 2827 1136 2878 est,
1173 2818 1473 2884 surgendum
1497 2834 1689 2876 cense0,
1714 2826 1766 2869 et
