2071 3508
735 384 1124 424 PARTITIONES.
1520 389 1600 430 467

1188 464 1216 484 β

255 492 391 559 quod
416 509 474 541 ea
496 493 601 541 fere
624 493 820 557 generis
846 492 951 556 ejus
976 501 1105 549 sunt,
1141 499 1216 551 ut,
1243 509 1521 558 quanquam
1547 497 1599 545 in

251 573 413 637 ipsum
441 571 689 637 judicium
732 587 878 634 saepe
913 571 1222 628 delabantur,
1273 580 1440 620 tamen
1483 583 1599 623 ante

243 651 492 716 judicium
518 649 778 697 tractanda
814 648 1096 708 videantur,
1131 649 1388 713 paululum
1428 668 1486 699 ea
1527 669 1600 700 se-

250 747 371 795 paro
396 746 424 776 a
438 728 662 793 judiciis,
682 736 907 792 tempore
927 728 1084 792 magis
1105 728 1301 793 agendi,
1331 745 1477 793 quam
1504 731 1600 778 dis-

248 807 573 856 similitudine
598 807 810 871 generis.
884 807 1015 855 Nam
1043 808 1225 866 omnia,
1251 824 1378 871 quae
1405 808 1467 857 de
1483 807 1599 873 jure

248 886 402 947 civili,
439 894 526 935 aut
568 887 630 935 de
669 904 828 952 aequo
869 895 919 935 et
953 889 1087 935 bono
1117 887 1477 952 disceptantur,
1521 906 1599 937 ca-

246 966 376 1015 dunt
416 966 468 1014 in
512 984 619 1015 eam
659 966 889 1026 formam,
925 967 977 1014 in
1020 984 1135 1031 qua,
1174 967 1317 1031 quale
1361 968 1480 1032 quid
1517 970 1597 1029 sit,

245 1046 535 1111 ambigitur,
573 1047 636 1095 de
673 1063 770 1111 qua
807 1046 988 1094 dicturi
1027 1064 1228 1095 sumus:
1268 1063 1394 1111 quae
1432 1047 1483 1094 in
1516 1065 1596 1097 ae-

244 1127 435 1192 quitate
461 1135 512 1176 et
546 1126 660 1192 jure
686 1127 901 1175 maxime
929 1127 1173 1175 consistit.

313 1206 376 1254 In
413 1206 642 1254 omnibus
667 1206 819 1270 igitur
844 1206 1003 1254 caus‘is
1028 1213 1128 1254 tres
1154 1214 1270 1254 sunt
1292 1207 1490 1271 gradus,
1531 1225 1593 1257 ex
1626 1201 1733 1264 Q9

243 1285 424 1351 quibus
449 1303 576 1334 unus
601 1285 776 1350 aiiquis
810 1285 1081 1350 capiendus
1108 1294 1200 1345 est,
1240 1287 1279 1333 si
1303 1287 1468 1351 plures
1494 1305 1598 1337 non

244 1382 415 1431 queas,
441 1366 504 1414 ad
529 1366 876 1415 resistendum.
949 1366 1079 1414 Nam
1107 1374 1193 1414 aut
1228 1366 1298 1414 ita
1324 1368 1594 1416 consisten-

243 1445 362 1493 dum
384 1454 477 1505 est,
498 1454 553 1494 ut
569 1446 638 1505 id,
659 1445 792 1510 quod
812 1444 1062 1509 objicitur,
1087 1444 1277 1493 factum
1293 1463 1445 1511 neges
1464 1468 1476 1507 3
1507 1457 1594 1497 aut

242 1523 385 1585 illud,
411 1526 545 1590 quod
570 1525 757 1573 factum
779 1524 985 1584 fateare,
1011 1541 1165 1589 neges
1191 1542 1298 1573 eam
1319 1526 1416 1573 vim
1443 1526 1593 1576 habe-

241 1622 314 1664 re,
354 1613 503 1669 atque
539 1605 591 1652 id
617 1622 737 1661 esse,
778 1604 912 1668 quod
937 1603 1243 1651 adversar-ius
1271 1604 1588 1667 criminetur3

240 1692 346 1744 aut,
386 1685 424 1732 si
450 1701 613 1749 neque
656 1685 718 1733 de
754 1683 911 1742 facto,
948 1700 1112 1747 neque
1140 1683 1202 1732 de
1227 1683 1349 1732 facti
1375 1686 1590 1750 appella-

237 1764 376 1814 tione
413 1766 599 1831 ambigi
640 1772 825 1831 potest,
873 1764 940 1821 id,
997 1764 1130 1828 quod
1168 1782 1392 1829 arguere,
1436 1782 1591 1830 neges

238 1844 338 1893 tale
381 1862 505 1904 esse,
543 1845 686 1909 quale
724 1844 806 1892 ille
833 1844 983 1900 dicat,
1024 1852 1074 1892 et
1099 1851 1292 1892 rectum
1320 1860 1425 1891 esse
1452 1845 1588 1908 quod

236 1922 432 1982 feceris,
474 1924 936 1980 concedendumve,
970 1923 1224 1971 defendas.
1298 1922 1377 1970 Ita
1400 1923 1588 1986 primus

237 2003 322 2051 ille
361 2011 537 2062 status,
579 2011 630 2051 et
671 2003 810 2067 quasi
847 2002 1100 2050 conflictio
1138 2018 1251 2049 cum
1288 2001 1587 2058 adversario,

238 2083 528 2149 conjectura
553 2083 790 2147 quadam3
820 2081 1069 2131 secundus
1089 2089 1256 2129 autem
1277 2080 1587 2140 definitione,

236 2171 386 2229 atque
413 2163 764 2228 descriptione,
804 2170 890 2210 aut
913 2160 1263 2209 informatione
1287 2159 1424 2208 verbi
1446 2180 1459 2220 3
1487 2168 1586 2208 ter-

232 2244 332 2293 tius
357 2243 520 2308 aequi,
541 2252 592 2291 et
616 2242 738 2302 veri,
765 2250 823 2290 et.
839 2241 979 2298 recti,
1009 2249 1059 2289 et
1083 2240 1305 2299 humani,
1331 2240 1394 2287 ad
1418 2239 1582 2304 ignos-

232 2324 450 2374 cendum
493 2322 831 2388 disputatione
871 2321 1161 2368 tractandus
1198 2329 1287 2368 est.
1358 2319 1425 2367 Et
1461 2335 1581 2383 quo-

231 2405 365 2453 niam
403 2420 597 2468 semper
633 2403 692 2462 is,
729 2402 813 2466 qui
850 2400 1094 2460 defendit,
1130 2417 1230 2448 non
1255 2399 1413 2447 solum
1438 2399 1579 2446 resis-

229 2492 306 2533 tat
330 2491 547 2549 oportet,
583 2482 747 2547 aliquo
784 2489 934 2541 statu,
970 2489 1057 2529 aut
1080 2479 1356 2538 infitiando,
1381 2486 1468 2526 aut
1492 2478 1576 2526 de-

231 2562 470 2621 finiendo,
521 2570 607 2610 aut
647 2561 897 2626 aequitate
937 2558 1251 2624 opponenda,
1296 2556 1383 2605 sed
1422 2556 1600 2626 etiam·

227 2642 473 2690 rationem
498 2640 729 2706 subjiciat
751 2639 1075 2688 recusationis
1093 2654 1240 2686 suae:
1278 2637 1463 2701 primus
1488 2635 1571 2683 ille

229 2730 387 2770 status
434 2721 677 2769 rationem
724 2719 875 2768 habet
920 2718 1076 2782 iniqui
1116 2716 1349 2772 criminis,
1413 2715 1569 2779 ipsam

229 2801 550 2866 negationem
599 2800 1044 2862 infitiationemque
1088 2795 1244 2856 facti3
1300 2794 1565 2852 secundus,

229 2880 365 2951 quod
389 2897 490 2932 non
532 2880 595 2931 sit
626 2880 678 2930 in
712 2897 785 2941 re,
821 2877 956 2946 quod
979 2877 1040 2928 ab
1065 2875 1343 2925 adversario
1365 2873 1568 2941 ponitur

1097 2972 1129 3004 G
1153 2971 1187 3021 g
1203 2962 1233 3003 2
