2071 3508
637 408 803 447 LIBER
835 406 1140 446 SECUNDUS.
1485 406 1561 447 167

229 537 342 569 cum
368 520 418 567 in
443 534 550 567 eam
576 516 817 564 rationem
837 515 1084 579 ingressus
1108 513 1190 572 sis,
1215 512 1441 561 celeriter
1466 515 1560 563 dis-

227 597 501 646 cedendum
545 602 633 643 est.
706 594 822 642 Non
847 593 999 652 enim,
1038 593 1167 641 sicut
1190 600 1557 656 argumentum,

224 675 515 739 simulatque
550 674 767 739 positum
803 681 893 729 est,
946 672 1190 737 arripitur,
1227 670 1557 736 alterumque,

225 763 276 802 et
301 754 500 802 tertium
542 754 797 818 poscitur;
841 753 910 800 ita
949 751 1352 810 misericordiam,
1377 760 1463 800 aut
1486 752 1558 800 in-

221 831 417 889 vidiam,
476 840 562 881 aut
602 832 925 890 iracundiam,
978 830 1273 894 simulatque
1314 831 1557 891 intuleris,

218 910 373 975 possis
393 928 721 960 commovere.
795 910 1163 976 Argumentum
1184 909 1316 956 enim
1336 910 1460 957 ratio
1484 910 1556 975 ip-

219 1004 271 1036 sa
296 989 571 1049 confirmat,
597 1006 722 1054 quae
741 989 1036 1053 simulatque
1057 988 1233 1036 emissa
1258 995 1351 1047 est,
1375 988 1554 1037 adhae-

218 1067 382 1116 rescit.
454 1066 587 1115 Illud
622 1075 789 1115 autem
814 1083 971 1130 genus
1002 1066 1235 1114 orationis
1259 1083 1358 1114 non
1386 1067 1557 1131 cogni-

218 1143 405 1193 tionem
425 1144 628 1209 judicis,
655 1145 741 1193 sed
766 1144 920 1208 magis
950 1145 1370 1207 perturbationem
1395 1147 1557 1209 requi-

219 1223 282 1271 rit
303 1244 316 1283 ;
355 1240 502 1287 quam
546 1223 800 1287 consequi,
824 1222 916 1270 nisi
941 1221 1113 1279 multa,
1140 1230 1190 1270 et
1213 1224 1364 1281 varia,
1401 1232 1452 1271 et
1476 1241 1557 1272 co-

218 1301 356 1365 piosa
395 1303 637 1361 oratione,
693 1309 744 1350 et
785 1300 927 1349 simili
971 1301 1293 1349 contentione
1328 1302 1554 1362 actionis,

220 1397 366 1430 nemo
391 1391 568 1447 potest.
643 1382 810 1438 Quare
829 1381 914 1444 qui
939 1388 1024 1428 aut
1047 1380 1281 1439 breviter,
1317 1389 1402 1428 aut
1426 1397 1554 1429 sum-

218 1460 364 1508 misse
391 1461 585 1519 dicunt,
628 1461 808 1508 docere
825 1458 1048 1523 judicem
1074 1466 1298 1522 possunt,
1338 1475 1554 1508 commo-

216 1554 332 1586 vere
358 1555 457 1587 non
481 1546 688 1603 possunt
709 1559 722 1598 3
761 1537 812 1584 in
836 1554 936 1601 quo
961 1545 1076 1584 sunt
1101 1537 1280 1585 omnia.
1363 1537 1475 1587 Jam
1500 1539 1555 1587 il-

215 1616 302 1664 lud
325 1618 642 1681 perspicuum
678 1624 772 1675 est,
808 1616 1029 1664 omnium
1054 1633 1216 1664 rerum
1241 1616 1291 1663 in
1319 1619 1553 1665 contrari-

213 1711 265 1743 as
289 1704 453 1760 partes
478 1695 768 1744 facultatem
794 1712 856 1743 ex
886 1695 1060 1743 iisdem
1086 1695 1388 1760 suppeditari
1413 1696 1550 1746 locis.

215 1774 314 1822 Sed
355 1782 649 1839 argumento
690 1774 1019 1822 resistendum
1062 1781 1154 1832 est,
1190 1781 1276 1822 aut
1297 1774 1389 1845 jis,
1425 1792 1551 1840 quae

213 1853 567 1919 comprobandi
593 1852 696 1917 ejus
716 1869 864 1902 causa
888 1860 1166 1911 sumuntur,
1187 1853 1550 1917 reprehenden-

214 1933 289 1981 dis
311 1954 323 1992 ;
364 1941 450 1981 aut
475 1932 881 1991 demonstrando,
907 1932 976 1990 id,
1001 1932 1134 1996 quod
1155 1932 1454 1981 concludere
1479 1933 1549 1981 illi

213 2012 386 2072 velint,
424 2030 524 2061 non
551 2013 674 2062 effici
718 2031 780 2062 ex
804 2013 1087 2078 propositiS,
1129 2030 1222 2062 nec
1250 2030 1354 2062 esse
1381 2031 1550 2064 conse-

213 2107 402 2155 quens;
443 2101 546 2151 aut,
586 2093 622 2139 si
667 2093 736 2140 ita
759 2109 859 2141 non
892 2092 1104 2152 refellas,
1146 2092 1449 2141 afferendum
1475 2103 1552 2143 est

213 2171 264 2218 in
289 2172 585 2220 contrariam
609 2181 820 2237 partem,
862 2172 996 2236 quod
1021 2172 1083 2220 sit
1107 2180 1192 2220 aut
1215 2172 1431 2236 gravius,
1463 2181 1550 2221 aut

210 2266 367 2314 aeque
391 2268 556 2315 grave.
646 2251 738 2299 Illa
762 2259 943 2307 autem,
984 2268 1109 2315 quae
1135 2259 1221 2300 aut
1245 2251 1549 2300 conciliatio-

209 2329 284 2377 nis
322 2347 470 2378 causa
503 2330 696 2386 leniter,
741 2338 826 2378 aut
866 2331 1186 2394 permotionis
1225 2331 1548 2379 vehementer

209 2417 468 2473 aguntur,x
520 2409 777 2457 contrariis
829 2409 1244 2458 commotionibus
1297 2410 1547 2458 efferenda

209 2496 341 2547 sunt,
383 2497 440 2536 ut
464 2488 578 2536 odio
601 2487 964 2545 benevolentia,
1000 2489 1335 2536 misericordia
1359 2488 1544 2537 invidia

205 2566 423 2615 tollatur.

1590 599 1701 641 214.

1585 1390 1613 1428 {0

1625 1391 1640 1428 μ-ι

1652 1390 1682 1429 (λ

274 2645 444 2693 Suavis
480 2654 645 2693 autem
683 2653 772 2701 est,
817 2653 866 2693 ct
890 2645 1212 2694 vehementer
1236 2662 1380 2709 saepe
1406 2646 1541 2695 utilis
1574 2647 1679 2707 54,

204 2725 367 2791 jocus,
389 2733 441 2773 ct
464 2724 674 2773 facetiae
696 2742 708 2771 ε
736 2741 877 2788 quae,
899 2725 1088 2772 etiamsi
1114 2725 1208 2772 alia
1231 2725 1394 2772 onmia
1411 2727 1539 2775 tradi
1570 2746 1680 2787 216,

207 2813 312 2854 arte
336 2812 556 2870 possunt,
596 2812 799 2852 naturae
837 2812 950 2852 sunt
974 2805 1170 2868 propria
1195 2813 1346 2861 certe,
1374 2821 1536 2870 neque

206 2883 358 2935 ullam
404 2891 560 2934 artem
607 2883 922 2934 desiderant:
976 2884 1028 2932 in
1069 2884 1246 2948 quibus
1292 2893 1348 2933 tu
1384 2884 1533 2950 longe

1145 2980 1175 3012 L
1201 2972 1232 3011 4-
