2071 3508
398 443 476 480 420
941 442 1018 482 DE
1039 443 1240 483 CLARIS

398 556 559 600 tracta
583 558 635 599 et
658 550 895 600 adstricta
919 551 1202 617 eloquentia
1225 551 1447 618 putanda
1472 560 1545 600 est
1566 569 1578 600 :
1628 549 1735 599 sine

401 645 498 694 qua
523 629 671 678 etiam
695 638 770 689 tu,
797 631 966 687 Brute,
993 630 1300 695 judicavisti,
1324 639 1375 679 te
1399 630 1530 678 illam
1548 629 1733 695 justam

401 707 754 774 eloquentiam,
797 728 943 774 quam
986 711 1297 759 dialecticam
1337 710 1589 758 dilatatam
1632 724 1738 757 esse

400 796 598 853 putant,
624 790 860 854 consequi
885 807 984 838 non
1008 807 1165 855 posse.
1238 790 1374 837 Huic
1409 806 1502 853 ego
1528 786 1736 843 doctori,

404 875 455 916 et
481 867 584 932 ejus
609 869 793 916 artibus
810 869 954 916 variis
974 877 1121 932 atque
1141 868 1308 917 multis
1326 870 1395 916 ita
1419 885 1552 916 eram
1569 875 1738 915 tamen
1785 890 1788 891 ⁷

405 946 617 1003 deditus,
657 956 713 995 ut
753 949 813 995 ab
851 949 1288 997 exercitationibus
1330 947 1553 996 oratoriis
1577 943 1740 993 nullus

404 1024 509 1072 dies
550 1042 735 1073 vacuus
775 1035 918 1074 esset.
991 1027 1376 1075 Commentabar
1417 1024 1740 1074 declamitans

406 1103 501 1167 (sic
527 1104 660 1151 enim
686 1120 820 1152 nunc
844 1104 1140 1168 loquuntur)
1178 1122 1323 1169 saepe
1363 1122 1475 1152 cum
1503 1103 1578 1151 M.
1607 1102 1740 1150 Piso-

404 1198 487 1241 ne,
525 1190 576 1230 et
600 1199 715 1230 cum
754 1183 817 1239 Q.
847 1183 1098 1246 Pompeio,
1137 1191 1223 1230 aut
1260 1199 1373 1230 cum
1398 1182 1561 1245 aliquo
1581 1180 1740 1245 quoti-

405 1260 486 1310 die
507 1280 520 1308 :
558 1262 708 1326 idque
733 1261 977 1309 faciebam
1003 1261 1215 1310 multum
1240 1262 1389 1309 etiarn
1415 1260 1613 1318 Latine,
1654 1257 1743 1307 sed

406 1340 604 1389 Graece
644 1341 871 1405 saepius:
922 1341 1001 1389 vel
1043 1341 1175 1405 quod
1201 1340 1398 1389 Graeca
1423 1339 1580 1388 oratio
1602 1337 1744 1403 plura

406 1429 698 1469 ornamenta
723 1421 1061 1485 suppeditanS,
1082 1420 1495 1469 consuetudinem
1521 1417 1744 1466 similiter

407 1499 587 1548 Latine
629 1499 829 1548 dicendi
872 1500 1138 1549 afferebat:
1193 1500 1270 1548 vel
1310 1499 1445 1564 quod
1483 1515 1511 1546 a
1535 1495 1745 1546 Graecis

405 1579 609 1627 summis
635 1579 939 1638 doctoribus,
975 1580 1067 1627 nisi
1093 1580 1288 1628 Graece
1314 1579 1552 1636 dicerem,
1581 1592 1744 1641 neque

407 1658 588 1723 corrigi
611 1675 824 1723 possem,
861 1675 1023 1723 neque
1061 1658 1244 1707 doceri.
1316 1657 1583 1706 Tumultus
1618 1656 1744 1704 inte-

407 1736 500 1785 rim
538 1755 628 1803 pro
669 1739 1008 1803 recuperanda
1032 1737 1313 1803 republica:
1359 1746 1408 1785 et
1435 1734 1647 1785 crudelis
1671 1735 1744 1782 in-

407 1817 582 1866 teritus
630 1827 878 1867 oratorum
926 1820 1094 1878 trium,
1150 1817 1433 1876 Scaevolae,
1485 1816 1742 1874 Carbonis,

410 1896 618 1946 Antistii
641 1916 653 1946 :
697 1898 884 1946 reditus
912 1898 1106 1954 Cottae,
1136 1897 1381 1955 Curionis,
1409 1895 1589 1953 Crassi,
1614 1894 1744 1942 Len-

408 1976 640 2034 tulorum,
682 1978 934 2042 Pompeii:
973 1978 1110 2042 leges
1134 1985 1184 2026 et
1217 1976 1408 2041 judicia
1434 1974 1704 2023 constituta
1730 1991 1742 2020 ε

409 2064 701 2121 recuperata
727 2056 1004 2120 respublica
1025 2074 1036 2103 ε
1077 2073 1136 2104 ex
1164 2071 1370 2103 numero
1396 2062 1561 2102 autem
1587 2059 1745 2101 orato-

408 2130 518 2183 rum
557 2136 875 2200 Pomponius,
930 2135 1249 2193 Censorinus,
1294 2133 1511 2181 Murena
1550 2130 1744 2179 sublati.

410 2214 543 2262 Tum
567 2215 781 2279 primum
807 2231 903 2262 nos-
921 2215 984 2262 ad
1010 2231 1198 2272 causas,
1241 2224 1291 2262 et
1314 2213 1527 2277 privatas
1552 2218 1602 2259 et
1624 2212 1746 2275 pub-

409 2292 549 2351 licas,
575 2293 709 2340 adire
735 2292 1006 2356 coepimus,
1032 2308 1130 2339 non
1157 2300 1213 2340 ut
1231 2292 1278 2338 in
1300 2290 1408 2339 foro
1425 2290 1745 2346 disceremus,

413 2373 547 2437 quod
587 2372 810 2437 plerique
848 2371 1097 2429 fecerunt,
1136 2371 1223 2419 sed
1260 2378 1334 2428 ut,
1376 2377 1615 2433 quantum
1656 2384 1746 2416 nos

411 2451 606 2499 efficere
643 2451 990 2515 potuissemus,
1028 2450 1163 2498 docti
1188 2450 1239 2496 in
1262 2449 1424 2496 forum
1449 2447 1744 2496 veniremus.

408 2531 600 2580 Eodem
624 2539 848 2596 tempore
881 2530 1074 2579 Moloni
1116 2529 1343 2578 dedimus
1379 2544 1608 2593 operam:
1648 2526 1749 2576 dic-

408 2622 568 2664 tatore
594 2615 725 2663 enim
759 2612 908 2679 Sylla,
943 2611 1136 2676 legatus
1173 2609 1236 2657 ad
1271 2616 1497 2657 senatum
1523 2607 1584 2655 de
1613 2605 1746 2654 Rho-

410 2695 604 2743 diorum
644 2693 874 2758 praemiis
912 2699 1131 2739 venerat.
1204 2689 1379 2753 Itaque
1420 2686 1578 2751 prima
1602 2699 1749 2733 causa

409 2773 627 2838 publica,
667 2789 758 2837 pro
800 2771 912 2819 Sex.
953 2769 1137 2816 Roscio
1175 2767 1331 2824 dicta,
1373 2772 1568 2813 tantum
1616 2777 1747 2810 com-

411 2851 740 2900 mendationis
765 2849 957 2908 habuit,
981 2856 1039 2896 ut
1062 2863 1162 2896 non
1192 2845 1290 2894 ulla
1314 2851 1461 2902 esset,
1497 2857 1623 2906 quae
1646 2854 1749 2889 non

413 2930 564 2995 digna
602 2937 770 2979 nostro
816 2926 1093 2994 patrocinio
1139 2925 1407 2975 videretur.
1492 2920 1747 2984 Deinceps
