2071 3508
766 393 983 434 TOPICA.
1456 400 1531 436 511

203 508 304 550 tem
329 501 610 568 hujusmodi
635 502 862 565 exempla
886 508 1030 550 sunt:
1063 500 1200 549 Sitne
1217 502 1453 565 sapientis
1472 504 1535 552 ad

201 581 555 645 rempublicam
577 578 833 627 accedere.
895 578 1206 641 Cognitionis
1227 580 1537 641 quaestiones

201 658 477 722 tripartitae
503 664 635 714 sunt,
661 672 794 714 cum,
820 672 883 702 an
909 656 970 703 sit
991 675 1004 715 ;
1033 664 1137 714 aut,
1163 657 1281 720 quid
1308 658 1398 718 si·t;
1434 667 1538 718 aut,

204 737 348 800 quale
384 736 463 793 sit,
500 734 766 798 quaeritur.
841 734 1037 782 Horum
1072 734 1302 799 primum,
1344 736 1538 801 conjec-

201 822 346 873 tura3
386 812 677 869 secundum,
714 812 1035 873 definitione3
1074 813 1293 870 tertium,
1328 813 1454 879 juris
1490 825 1538 864 et

199 891 407 958 injuriae
450 898 770 947 distinctione
812 898 1105 964 explicatur.
1209 899 1540 965 Conjecturae

202 973 327 1022 ratio
352 976 402 1023 in
428 985 640 1042 quatuor
679 985 844 1042 partes
881 977 1142 1026 distributa
1177 985 1284 1027 est:
1335 996 1542 1044 quarum

202 1069 303 1102 una
339 1062 427 1112 est,
469 1072 583 1104 cum
621 1056 886 1121 quaeritur,
931 1056 1057 1104 sitne
1100 1056 1319 1122 aliquid3
1371 1058 1538 1116 altera,

200 1133 336 1182 unde
367 1143 529 1183 ortum
556 1135 621 1195 sit
636 1156 649 1195 3
688 1136 848 1191 tertia,
888 1152 1013 1200 quae
1038 1135 1090 1183 id
1115 1153 1262 1185 causa
1285 1136 1538 1199 effecerit3

203 1222 392 1278 quarta,
430 1215 481 1262 in
518 1231 614 1278 qua
639 1215 701 1263 de
738 1215 1013 1263 mutatione
1049 1215 1120 1263 rei
1157 1217 1422 1279 quaeritur,
1461 1217 1539 1274 sit,

204 1307 363 1341 necne
390 1293 482 1341 sit:
511 1294 596 1350 sic,
626 1294 938 1358 Ecquidnam
964 1293 1227 1342 honestum
1253 1294 1330 1351 sit,
1359 1296 1541 1360 ecquid

203 1386 416 1435 aequum
457 1388 510 1420 re
551 1388 684 1430 vera,
720 1387 783 1418 an
824 1371 947 1419 haec
987 1379 1182 1419 tantum
1220 1372 1271 1419 in
1308 1373 1540 1438 opinione

203 1450 318 1498 sint.
391 1450 540 1500 Unde
581 1460 748 1499 autem
787 1450 849 1498 sit
884 1459 1066 1510 ortum,
1101 1458 1176 1510 ut,
1214 1468 1327 1499 cum
1354 1454 1542 1516 quaeri-

203 1537 304 1589 tur,
363 1538 552 1586 natura,
614 1545 675 1577 an
724 1529 951 1578 doctrina
995 1530 1150 1594 possit
1196 1529 1322 1579 effici
1368 1532 1539 1581 virtus.

207 1607 369 1657 Causa
405 1616 569 1656 autem
614 1607 833 1656 efficiens
872 1609 960 1667 sic,
1002 1616 1077 1668 ut,
1117 1625 1230 1656 cum
1273 1611 1542 1673 quaeritur,

205 1687 382 1751 quibus
406 1688 553 1735 rebus
578 1686 861 1751 eloquentia
893 1686 1146 1735 efficiatur.
1218 1687 1299 1735 De
1326 1705 1543 1737 commu-
1583 1684 1592 1693 ’

202 1767 412 1826 tatione,
448 1766 549 1814 sic:
594 1766 820 1815 Possitne
846 1765 1131 1830 eloquentia
1155 1769 1543 1819 commutatione

204 1845 368 1911 aliqua
392 1847 616 1894 converti
641 1847 691 1893 in
716 1845 992 1893 infantiam.

273 1927 402 1975 Cum
428 1935 613 1985 autem,
639 1926 759 1990 quid
785 1926 864 1985 sit,
902 1926 1153 1991 quaeritur
1173 1947 1186 1987 3
1227 1927 1365 1976 notio
1390 1929 1541 1994 expli·
1576 1918 1682 1979 22.

206 2005 367 2054 canda
392 2014 481 2061 est,
521 2013 571 2053 et
605 2006 897 2070 p1·oprietaS‚
934 2012 986 2054 et
1021 2005 1212 2065 divisio,
1250 2015 1300 2054 et
1324 2009 1539 2072 partitio.

207 2084 351 2133 Haec
378 2084 509 2133 enim
535 2092 651 2132 sunt
686 2083 960 2132 definitioni
997 2084 1248 2133 attributa.
1321 2086 1544 2135 Additur

204 2163 354 2212 etiarn
380 2162 665 2226 descriptio,
701 2178 847 2226 quam
884 2161 1067 2210 Graeci
1089 2160 1320 2224 χαρακτῆρα
1344 2173 1542 2214 vocant.

205 2241 360 2290 Notio
385 2242 455 2290 sic
481 2241 731 2305 quaeritur
752 2259 764 2288 z
804 2241 941 2288 Sitne
976 2240 1028 2288 id
1053 2258 1284 2306 aequum,
1321 2243 1454 2306 quod
1479 2244 1543 2303 ei,

205 2321 290 2385 qui
328 2321 437 2385 plus
477 2328 657 2385 potest,
696 2318 817 2367 utile
854 2326 947 2367 est·
1017 2318 1294 2384 Proprietas
1333 2321 1435 2370 sic:
1482 2322 1542 2370 In

205 2400 525 2448 hominemne
563 2399 720 2446 solum
763 2398 923 2454 cadat,
975 2414 1038 2445 an
1080 2398 1227 2446 etiam
1268 2398 1319 2446 in
1356 2399 1544 2449 belluas

206 2479 483 2544 aegritudo.
568 2478 775 2534 Divisio,
829 2486 879 2525 ct
920 2478 1095 2526 eodem
1137 2485 1285 2542 pacto
1323 2480 1545 2543 partitio,

206 2560 276 2608 sic
300 2578 311 2607 ε
362 2559 546 2606 Trianc
579 2574 763 2622 genera
785 2558 1028 2606 bonorum
1055 2557 1167 2604 sint.
1239 2557 1542 2623 Descriptio,

209 2638 382 2695 Qualis
408 2638 470 2686 sit
494 2654 685 2696 avarus,
724 2637 881 2700 qualis
916 2644 1203 2693 assentator,
1248 2645 1542 2703 caeteraque

208 2718 429 2782 ejusdem
471 2717 682 2782 generiS,
721 2716 771 2763 in
814 2717 990 2780 quibus
1027 2724 1203 2764 natura
1238 2723 1290 2764 et
1329 2717 1430 2765 vita
1460 2718 1543 2768 de-

208 2798 454 2847 scribitur.
504 2798 631 2846 Cum
657 2804 823 2845 autem
849 2795 1115 2861 quaeritur,
1141 2795 1286 2860 quale
1311 2797 1431 2861 quid
1454 2799 1538 2860 sit3

208 2886 294 2928 aut
318 2877 606 2943 simpliciter
641 2877 908 2943 quaeritur,
947 2884 1032 2925 aut
1068 2883 1380 2942 comparate:
1431 2878 1541 2928 sim-
