<?xml version="1.0" encoding="UTF-8"?>
<!DOCTYPE html PUBLIC "-//W3C//DTD XHTML 1.0 Transitional//EN"
    "http://www.w3.org/TR/xhtml1/DTD/xhtml1-transitional.dtd">
<html xmlns="http://www.w3.org/1999/xhtml" xml:lang="en" lang="en">
 <head>
  <title>
</title>
<meta http-equiv="Content-Type" content="text/html;charset=utf-8" />
  <meta name='ocr-system' content='tesseract 3.04.00' />
  <meta name='ocr-capabilities' content='ocr_page ocr_carea ocr_par ocr_line ocrx_word'/>
</head>
<body>
  <div class='ocr_page' id='page_1' title='image "./deoratorelibrit00ciceuoft_0272.png"; bbox 0 0 2071 3508; ppageno 0'>
   <div class='ocr_carea' id='block_1_1' title="bbox 432 442 1297 484">
    <p class='ocr_par' dir='ltr' id='par_1_1' title="bbox 432 442 1297 484">
     <span class='ocr_line' id='line_1_1' title="bbox 432 442 1297 484; baseline -0.002 -2"><span class='ocrx_word' id='word_1_1' title='bbox 432 446 511 484; x_wconf 62' lang='grc'>264</span> <span class='ocrx_word' id='word_1_2' title='bbox 923 443 999 481; x_wconf 92' lang='lat' dir='ltr'>DE</span> <span class='ocrx_word' id='word_1_3' title='bbox 1029 442 1297 482; x_wconf 89' lang='lat' dir='ltr'><strong>ORATORE</strong></span> 
     </span>
    </p>
   </div>
   <div class='ocr_carea' id='block_1_2' title="bbox 295 550 1806 2968">
    <p class='ocr_par' dir='ltr' id='par_1_2' title="bbox 295 550 1806 2968">
     <span class='ocr_line' id='line_1_2' title="bbox 431 550 1755 616; baseline 0.001 -17"><span class='ocrx_word' id='word_1_4' title='bbox 431 552 588 612; x_wconf 85' lang='lat' dir='ltr'>ritur;</span> <span class='ocrx_word' id='word_1_5' title='bbox 644 559 700 600; x_wconf 93' lang='lat' dir='ltr'>ut</span> <span class='ocrx_word' id='word_1_6' title='bbox 740 551 880 611; x_wconf 84' lang='lat' dir='ltr'>illud,</span> <span class='ocrx_word' id='word_1_7' title='bbox 931 551 1187 616; x_wconf 90' lang='lat' dir='ltr'>Optimine</span> <span class='ocrx_word' id='word_1_8' title='bbox 1222 550 1457 615; x_wconf 84' lang='lat' dir='ltr'>cujusque</span> <span class='ocrx_word' id='word_1_9' title='bbox 1499 551 1755 615; x_wconf 87' lang='lat' dir='ltr'>sapientes,</span> 
     </span>
     <span class='ocr_line' id='line_1_3' title="bbox 433 630 1759 698; baseline -0.002 -19"><span class='ocrx_word' id='word_1_10' title='bbox 433 649 496 680; x_wconf 87' lang='lat' dir='ltr'>an</span> <span class='ocrx_word' id='word_1_11' title='bbox 535 632 757 698; x_wconf 85' lang='lat' dir='ltr'>populari</span> <span class='ocrx_word' id='word_1_12' title='bbox 793 631 939 680; x_wconf 89' lang='lat' dir='ltr'>laude</span> <span class='ocrx_word' id='word_1_13' title='bbox 981 631 1261 680; x_wconf 80' lang='lat' dir='ltr'>ducantur?</span> <span class='ocrx_word' id='word_1_14' title='bbox 1322 631 1491 695; x_wconf 82' lang='lat' dir='ltr'><strong>Atque</strong></span> <span class='ocrx_word' id='word_1_15' title='bbox 1534 648 1620 678; x_wconf 89' lang='lat' dir='ltr'>eae</span> <span class='ocrx_word' id='word_1_16' title='bbox 1655 630 1759 694; x_wconf 93' lang='lat' dir='ltr'>qui-</span> 
     </span>
     <span class='ocr_line' id='line_1_4' title="bbox 435 709 1760 774; baseline -0.002 -16"><span class='ocrx_word' id='word_1_17' title='bbox 435 711 548 758; x_wconf 91' lang='lat' dir='ltr'>dem</span> <span class='ocrx_word' id='word_1_18' title='bbox 588 710 982 774; x_wconf 80' lang='lat' dir='ltr'>disceptationes,</span> <span class='ocrx_word' id='word_1_19' title='bbox 1021 726 1145 773; x_wconf 88' lang='lat' dir='ltr'>quae</span> <span class='ocrx_word' id='word_1_20' title='bbox 1177 710 1241 758; x_wconf 90' lang='lat' dir='ltr'>ad</span> <span class='ocrx_word' id='word_1_21' title='bbox 1276 710 1612 774; x_wconf 87' lang='lat' dir='ltr'>cognitionem</span> <span class='ocrx_word' id='word_1_22' title='bbox 1635 709 1760 757; x_wconf 88' lang='lat' dir='ltr'>refe-</span> 
     </span>
     <span class='ocr_line' id='line_1_5' title="bbox 436 787 1761 847; baseline -0.001 -11"><span class='ocrx_word' id='word_1_23' title='bbox 436 796 631 847; x_wconf 86' lang='lat' dir='ltr'>runtur,</span> <span class='ocrx_word' id='word_1_24' title='bbox 674 789 742 836; x_wconf 92' lang='lat' dir='ltr'>sic</span> <span class='ocrx_word' id='word_1_25' title='bbox 782 787 886 836; x_wconf 90' lang='lat' dir='ltr'>fere</span> <span class='ocrx_word' id='word_1_26' title='bbox 911 805 940 835; x_wconf 92' lang='lat' dir='ltr'>a</span> <span class='ocrx_word' id='word_1_27' title='bbox 964 787 1255 835; x_wconf 82' lang='lat' dir='ltr'>doctissimis</span> <span class='ocrx_word' id='word_1_28' title='bbox 1278 787 1558 837; x_wconf 89' lang='lat' dir='ltr'>hominibus</span> <span class='ocrx_word' id='word_1_29' title='bbox 1582 787 1761 836; x_wconf 90' lang='lat' dir='ltr'>descri-</span> 
     </span>
     <span class='ocr_line' id='line_1_6' title="bbox 436 868 1784 930; baseline -0.001 -15"><span class='ocrx_word' id='word_1_30' title='bbox 436 868 636 916; x_wconf 90' lang='lat' dir='ltr'>buntur.</span> <span class='ocrx_word' id='word_1_31' title='bbox 1778 922 1784 930; x_wconf 93' lang='lat'>.</span> 
     </span>
     <span class='ocr_line' id='line_1_7' title="bbox 295 943 1765 1008; baseline -0.002 -13"><span class='ocrx_word' id='word_1_32' title='bbox 295 944 401 1005; x_wconf 72' lang='grc'>30,</span> <span class='ocrx_word' id='word_1_33' title='bbox 506 947 647 1004; x_wconf 82' lang='lat' dir='ltr'>Quae</span> <span class='ocrx_word' id='word_1_34' title='bbox 671 962 788 994; x_wconf 90' lang='lat' dir='ltr'>vero</span> <span class='ocrx_word' id='word_1_35' title='bbox 812 946 1091 993; x_wconf 88' lang='lat' dir='ltr'>referuntur</span> <span class='ocrx_word' id='word_1_36' title='bbox 1115 944 1178 992; x_wconf 90' lang='lat' dir='ltr'>ad</span> <span class='ocrx_word' id='word_1_37' title='bbox 1201 943 1468 1008; x_wconf 82' lang='lat' dir='ltr'>agendum,</span> <span class='ocrx_word' id='word_1_38' title='bbox 1509 952 1594 993; x_wconf 88' lang='lat' dir='ltr'>aut</span> <span class='ocrx_word' id='word_1_39' title='bbox 1616 945 1667 992; x_wconf 92' lang='lat' dir='ltr'>in</span> <span class='ocrx_word' id='word_1_40' title='bbox 1691 944 1765 992; x_wconf 84' lang='lat' dir='ltr'>of-</span> 
     </span>
     <span class='ocr_line' id='line_1_8' title="bbox 296 1023 1806 1088; baseline -0.005 -12"><span class='ocrx_word' id='word_1_41' title='bbox 296 1038 405 1080; x_wconf 86' lang='lat'>118.</span> <span class='ocrx_word' id='word_1_42' title='bbox 437 1025 536 1074; x_wconf 89' lang='lat' dir='ltr'>ficii</span> <span class='ocrx_word' id='word_1_43' title='bbox 583 1025 940 1088; x_wconf 82' lang='lat' dir='ltr'>disceptatione</span> <span class='ocrx_word' id='word_1_44' title='bbox 987 1032 1259 1082; x_wconf 81' lang='lat' dir='ltr'>versantur,</span> <span class='ocrx_word' id='word_1_45' title='bbox 1323 1040 1419 1086; x_wconf 93' lang='lat' dir='ltr'>quo</span> <span class='ocrx_word' id='word_1_46' title='bbox 1465 1023 1518 1069; x_wconf 85' lang='lat' dir='ltr'>in</span> <span class='ocrx_word' id='word_1_47' title='bbox 1562 1039 1764 1086; x_wconf 87' lang='lat' dir='ltr'>genere,</span> <span class='ocrx_word' id='word_1_48' title='bbox 1803 1077 1806 1079; x_wconf 41' lang='grc'><strong>,</strong></span> 
     </span>
     <span class='ocr_line' id='line_1_9' title="bbox 438 1101 1764 1169; baseline -0.002 -17"><span class='ocrx_word' id='word_1_49' title='bbox 438 1104 558 1169; x_wconf 91' lang='lat' dir='ltr'>quid</span> <span class='ocrx_word' id='word_1_50' title='bbox 581 1111 791 1162; x_wconf 86' lang='lat' dir='ltr'>rectum,</span> <span class='ocrx_word' id='word_1_51' title='bbox 826 1103 1207 1166; x_wconf 84' lang='lat' dir='ltr'>faciendumque</span> <span class='ocrx_word' id='word_1_52' title='bbox 1232 1103 1312 1161; x_wconf 87' lang='lat' dir='ltr'>sit,</span> <span class='ocrx_word' id='word_1_53' title='bbox 1349 1102 1628 1166; x_wconf 81' lang='lat' dir='ltr'>quaeritur3</span> <span class='ocrx_word' id='word_1_54' title='bbox 1657 1101 1764 1166; x_wconf 87' lang='lat' dir='ltr'>(cui</span> 
     </span>
     <span class='ocr_line' id='line_1_10' title="bbox 435 1180 1764 1229; baseline -0.001 0"><span class='ocrx_word' id='word_1_55' title='bbox 435 1182 548 1229; x_wconf 91' lang='lat' dir='ltr'>loco</span> <span class='ocrx_word' id='word_1_56' title='bbox 589 1181 746 1228; x_wconf 86' lang='lat' dir='ltr'>omnis</span> <span class='ocrx_word' id='word_1_57' title='bbox 782 1181 1021 1228; x_wconf 88' lang='lat' dir='ltr'>virtutum</span> <span class='ocrx_word' id='word_1_58' title='bbox 1058 1188 1107 1227; x_wconf 91' lang='lat' dir='ltr'>et</span> <span class='ocrx_word' id='word_1_59' title='bbox 1147 1181 1377 1228; x_wconf 87' lang='lat' dir='ltr'>vitiorum</span> <span class='ocrx_word' id='word_1_60' title='bbox 1414 1189 1488 1228; x_wconf 90' lang='lat' dir='ltr'>est</span> <span class='ocrx_word' id='word_1_61' title='bbox 1511 1180 1630 1227; x_wconf 89' lang='lat' dir='ltr'>silva</span> <span class='ocrx_word' id='word_1_62' title='bbox 1653 1180 1764 1228; x_wconf 93' lang='lat' dir='ltr'>sub-</span> 
     </span>
     <span class='ocr_line' id='line_1_11' title="bbox 429 1257 1766 1323; baseline -0.001 -16"><span class='ocrx_word' id='word_1_63' title='bbox 429 1258 591 1323; x_wconf 83' lang='lat' dir='ltr'>jecta)</span> <span class='ocrx_word' id='word_1_64' title='bbox 628 1267 714 1306; x_wconf 90' lang='lat' dir='ltr'>aut</span> <span class='ocrx_word' id='word_1_65' title='bbox 754 1259 805 1305; x_wconf 90' lang='lat' dir='ltr'>in</span> <span class='ocrx_word' id='word_1_66' title='bbox 843 1259 1117 1307; x_wconf 87' lang='lat' dir='ltr'>animorum</span> <span class='ocrx_word' id='word_1_67' title='bbox 1156 1257 1317 1322; x_wconf 90' lang='lat' dir='ltr'>aliqua</span> <span class='ocrx_word' id='word_1_68' title='bbox 1345 1258 1654 1323; x_wconf 86' lang='lat' dir='ltr'>permotione</span> <span class='ocrx_word' id='word_1_69' title='bbox 1678 1265 1766 1306; x_wconf 88' lang='lat' dir='ltr'>aut</span> 
     </span>
     <span class='ocr_line' id='line_1_12' title="bbox 437 1336 1767 1401; baseline 0.001 -18"><span class='ocrx_word' id='word_1_70' title='bbox 437 1337 708 1401; x_wconf 82' lang='lat' dir='ltr'>gignenda,</span> <span class='ocrx_word' id='word_1_71' title='bbox 750 1344 835 1385; x_wconf 91' lang='lat' dir='ltr'>aut</span> <span class='ocrx_word' id='word_1_72' title='bbox 872 1337 1107 1396; x_wconf 87' lang='lat' dir='ltr'>sedanda,</span> <span class='ocrx_word' id='word_1_73' title='bbox 1147 1336 1428 1385; x_wconf 81' lang='lat' dir='ltr'>tollendave</span> <span class='ocrx_word' id='word_1_74' title='bbox 1473 1344 1767 1385; x_wconf 85' lang='lat' dir='ltr'>tractantur.</span> 
     </span>
     <span class='ocr_line' id='line_1_13' title="bbox 441 1414 1768 1480; baseline 0 -18"><span class='ocrx_word' id='word_1_75' title='bbox 441 1415 579 1463; x_wconf 93' lang='lat' dir='ltr'>Huic</span> <span class='ocrx_word' id='word_1_76' title='bbox 602 1416 774 1480; x_wconf 82' lang='lat' dir='ltr'>generi</span> <span class='ocrx_word' id='word_1_77' title='bbox 798 1415 1045 1480; x_wconf 83' lang='lat' dir='ltr'>subjectae</span> <span class='ocrx_word' id='word_1_78' title='bbox 1065 1424 1179 1464; x_wconf 89' lang='lat' dir='ltr'>sunt</span> <span class='ocrx_word' id='word_1_79' title='bbox 1204 1415 1584 1475; x_wconf 86' lang='lat' dir='ltr'>cohortationes,</span> <span class='ocrx_word' id='word_1_80' title='bbox 1608 1414 1768 1480; x_wconf 88' lang='lat' dir='ltr'>objur-</span> 
     </span>
     <span class='ocr_line' id='line_1_14' title="bbox 439 1494 1769 1558; baseline 0.001 -17"><span class='ocrx_word' id='word_1_81' title='bbox 439 1495 682 1558; x_wconf 86' lang='lat' dir='ltr'>gationes,</span> <span class='ocrx_word' id='word_1_82' title='bbox 721 1494 1099 1553; x_wconf 83' lang='lat' dir='ltr'>consolationeS,</span> <span class='ocrx_word' id='word_1_83' title='bbox 1135 1495 1489 1553; x_wconf 83' lang='lat' dir='ltr'>miserationes,</span> <span class='ocrx_word' id='word_1_84' title='bbox 1512 1495 1769 1558; x_wconf 85' lang='lat' dir='ltr'>omnisque</span> 
     </span>
     <span class='ocr_line' id='line_1_15' title="bbox 442 1572 1769 1637; baseline -0.001 -17"><span class='ocrx_word' id='word_1_85' title='bbox 442 1573 505 1620; x_wconf 90' lang='lat' dir='ltr'>ad</span> <span class='ocrx_word' id='word_1_86' title='bbox 529 1589 725 1620; x_wconf 90' lang='lat' dir='ltr'>omnem</span> <span class='ocrx_word' id='word_1_87' title='bbox 764 1573 912 1619; x_wconf 89' lang='lat' dir='ltr'>animi</span> <span class='ocrx_word' id='word_1_88' title='bbox 950 1581 1139 1619; x_wconf 89' lang='lat' dir='ltr'>motum</span> <span class='ocrx_word' id='word_1_89' title='bbox 1178 1581 1227 1620; x_wconf 89' lang='lat' dir='ltr'>et</span> <span class='ocrx_word' id='word_1_90' title='bbox 1251 1573 1493 1637; x_wconf 89' lang='lat' dir='ltr'>impulsio,</span> <span class='ocrx_word' id='word_1_91' title='bbox 1532 1580 1600 1632; x_wconf 90' lang='lat' dir='ltr'>et,</span> <span class='ocrx_word' id='word_1_92' title='bbox 1636 1572 1675 1620; x_wconf 93' lang='lat' dir='ltr'>si</span> <span class='ocrx_word' id='word_1_93' title='bbox 1698 1572 1769 1620; x_wconf 85' lang='lat' dir='ltr'>ita</span> 
     </span>
     <span class='ocr_line' id='line_1_16' title="bbox 301 1648 1768 1714; baseline -0.001 -14"><span class='ocrx_word' id='word_1_94' title='bbox 301 1663 410 1706; x_wconf 83' lang='lat'>119.</span> <span class='ocrx_word' id='word_1_95' title='bbox 442 1668 519 1700; x_wconf 86' lang='lat' dir='ltr'>res</span> <span class='ocrx_word' id='word_1_96' title='bbox 543 1650 687 1708; x_wconf 86' lang='lat' dir='ltr'>feret,</span> <span class='ocrx_word' id='word_1_97' title='bbox 723 1648 982 1713; x_wconf 84' lang='lat' dir='ltr'>mitigatio.</span> <span class='ocrx_word' id='word_1_98' title='bbox 1053 1650 1324 1714; x_wconf 85' lang='lat' dir='ltr'>Explicatis</span> <span class='ocrx_word' id='word_1_99' title='bbox 1348 1651 1498 1714; x_wconf 85' lang='lat' dir='ltr'>igitur</span> <span class='ocrx_word' id='word_1_100' title='bbox 1521 1651 1595 1697; x_wconf 89' lang='lat' dir='ltr'>his</span> <span class='ocrx_word' id='word_1_101' title='bbox 1616 1666 1768 1714; x_wconf 84' lang='lat' dir='ltr'>gene-</span> 
     </span>
     <span class='ocr_line' id='line_1_17' title="bbox 444 1728 1769 1791; baseline -0.002 -13"><span class='ocrx_word' id='word_1_102' title='bbox 444 1730 596 1788; x_wconf 86' lang='lat' dir='ltr'>ribus,</span> <span class='ocrx_word' id='word_1_103' title='bbox 632 1746 689 1776; x_wconf 91' lang='lat' dir='ltr'>ac</span> <span class='ocrx_word' id='word_1_104' title='bbox 730 1728 888 1775; x_wconf 89' lang='lat' dir='ltr'>modis</span> <span class='ocrx_word' id='word_1_105' title='bbox 930 1728 1343 1791; x_wconf 82' lang='lat' dir='ltr'>disceptationum</span> <span class='ocrx_word' id='word_1_106' title='bbox 1368 1729 1606 1786; x_wconf 85' lang='lat' dir='ltr'>omnium,</span> <span class='ocrx_word' id='word_1_107' title='bbox 1646 1728 1769 1776; x_wconf 87' lang='lat' dir='ltr'>nihil</span> 
     </span>
     <span class='ocr_line' id='line_1_18' title="bbox 444 1805 1768 1869; baseline 0 -13"><span class='ocrx_word' id='word_1_108' title='bbox 444 1825 560 1857; x_wconf 89' lang='lat' dir='ltr'>sane</span> <span class='ocrx_word' id='word_1_109' title='bbox 585 1808 648 1854; x_wconf 87' lang='lat' dir='ltr'>ad</span> <span class='ocrx_word' id='word_1_110' title='bbox 671 1824 774 1853; x_wconf 87' lang='lat' dir='ltr'>rem</span> <span class='ocrx_word' id='word_1_111' title='bbox 798 1806 1029 1869; x_wconf 87' lang='lat' dir='ltr'>pertinet,</span> <span class='ocrx_word' id='word_1_112' title='bbox 1057 1806 1094 1853; x_wconf 94' lang='lat' dir='ltr'>si</span> <span class='ocrx_word' id='word_1_113' title='bbox 1119 1822 1215 1869; x_wconf 87' lang='lat' dir='ltr'>qua</span> <span class='ocrx_word' id='word_1_114' title='bbox 1237 1805 1288 1852; x_wconf 90' lang='lat' dir='ltr'>in</span> <span class='ocrx_word' id='word_1_115' title='bbox 1313 1822 1364 1853; x_wconf 86' lang='lat' dir='ltr'>re</span> <span class='ocrx_word' id='word_1_116' title='bbox 1390 1805 1685 1869; x_wconf 84' lang='lat' dir='ltr'>discrepavit</span> <span class='ocrx_word' id='word_1_117' title='bbox 1707 1808 1768 1856; x_wconf 89' lang='lat' dir='ltr'>ab</span> 
     </span>
     <span class='ocr_line' id='line_1_19' title="bbox 445 1883 1771 1948; baseline -0.003 -11"><span class='ocrx_word' id='word_1_118' title='bbox 445 1885 656 1937; x_wconf 90' lang='lat' dir='ltr'>Antonii</span> <span class='ocrx_word' id='word_1_119' title='bbox 698 1884 935 1932; x_wconf 86' lang='lat' dir='ltr'>divisione</span> <span class='ocrx_word' id='word_1_120' title='bbox 972 1892 1138 1931; x_wconf 88' lang='lat' dir='ltr'>nostra</span> <span class='ocrx_word' id='word_1_121' title='bbox 1174 1883 1401 1948; x_wconf 89' lang='lat' dir='ltr'>partitio:</span> <span class='ocrx_word' id='word_1_122' title='bbox 1440 1884 1613 1932; x_wconf 89' lang='lat' dir='ltr'>eadem</span> <span class='ocrx_word' id='word_1_123' title='bbox 1639 1885 1771 1934; x_wconf 90' lang='lat' dir='ltr'>enim</span> 
     </span>
     <span class='ocr_line' id='line_1_20' title="bbox 446 1963 1772 2027; baseline -0.001 -14"><span class='ocrx_word' id='word_1_124' title='bbox 446 1973 562 2014; x_wconf 88' lang='lat' dir='ltr'>sunt</span> <span class='ocrx_word' id='word_1_125' title='bbox 586 1965 804 2012; x_wconf 88' lang='lat' dir='ltr'>membra</span> <span class='ocrx_word' id='word_1_126' title='bbox 842 1963 895 2010; x_wconf 93' lang='lat' dir='ltr'>in</span> <span class='ocrx_word' id='word_1_127' title='bbox 934 1963 1188 2026; x_wconf 88' lang='lat' dir='ltr'>utriusque</span> <span class='ocrx_word' id='word_1_128' title='bbox 1214 1963 1643 2027; x_wconf 85' lang='lat' dir='ltr'>disputationibus,</span> <span class='ocrx_word' id='word_1_129' title='bbox 1684 1964 1772 2012; x_wconf 88' lang='lat' dir='ltr'>sed</span> 
     </span>
     <span class='ocr_line' id='line_1_21' title="bbox 446 2041 1772 2109; baseline -0.004 -17"><span class='ocrx_word' id='word_1_130' title='bbox 446 2044 595 2109; x_wconf 90' lang='lat' dir='ltr'>paulo</span> <span class='ocrx_word' id='word_1_131' title='bbox 619 2060 759 2091; x_wconf 90' lang='lat' dir='ltr'>secus</span> <span class='ocrx_word' id='word_1_132' title='bbox 796 2060 825 2090; x_wconf 92' lang='lat' dir='ltr'>a</span> <span class='ocrx_word' id='word_1_133' title='bbox 860 2059 954 2099; x_wconf 91' lang='lat' dir='ltr'>me,</span> <span class='ocrx_word' id='word_1_134' title='bbox 992 2050 1138 2106; x_wconf 91' lang='lat' dir='ltr'>atque</span> <span class='ocrx_word' id='word_1_135' title='bbox 1163 2043 1222 2089; x_wconf 89' lang='lat' dir='ltr'>ab</span> <span class='ocrx_word' id='word_1_136' title='bbox 1258 2041 1360 2100; x_wconf 91' lang='lat' dir='ltr'>illo,</span> <span class='ocrx_word' id='word_1_137' title='bbox 1394 2042 1574 2106; x_wconf 89' lang='lat' dir='ltr'>partita</span> <span class='ocrx_word' id='word_1_138' title='bbox 1596 2059 1654 2090; x_wconf 90' lang='lat' dir='ltr'>ac</span> <span class='ocrx_word' id='word_1_139' title='bbox 1679 2042 1772 2090; x_wconf 72' lang='lat' dir='ltr'>dis-</span> 
     </span>
     <span class='ocr_line' id='line_1_22' title="bbox 448 2120 1772 2185; baseline -0.001 -14"><span class='ocrx_word' id='word_1_140' title='bbox 448 2124 647 2171; x_wconf 85' lang='lat' dir='ltr'>tributa.</span> <span class='ocrx_word' id='word_1_141' title='bbox 730 2121 880 2169; x_wconf 89' lang='lat' dir='ltr'>Nunc</span> <span class='ocrx_word' id='word_1_142' title='bbox 921 2120 984 2168; x_wconf 91' lang='lat' dir='ltr'>ad</span> <span class='ocrx_word' id='word_1_143' title='bbox 1023 2120 1210 2185; x_wconf 88' lang='lat' dir='ltr'>reliqua</span> <span class='ocrx_word' id='word_1_144' title='bbox 1244 2120 1548 2184; x_wconf 82' lang='lat' dir='ltr'>progrediar,</span> <span class='ocrx_word' id='word_1_145' title='bbox 1595 2137 1772 2185; x_wconf 88' lang='lat' dir='ltr'>meque</span> 
     </span>
     <span class='ocr_line' id='line_1_23' title="bbox 449 2200 1773 2264; baseline 0 -16"><span class='ocrx_word' id='word_1_146' title='bbox 449 2202 514 2248; x_wconf 87' lang='lat' dir='ltr'>ad</span> <span class='ocrx_word' id='word_1_147' title='bbox 550 2217 716 2248; x_wconf 88' lang='lat' dir='ltr'>meum</span> <span class='ocrx_word' id='word_1_148' title='bbox 756 2216 934 2247; x_wconf 90' lang='lat' dir='ltr'>munus</span> <span class='ocrx_word' id='word_1_149' title='bbox 971 2215 1275 2264; x_wconf 89' lang='lat' dir='ltr'>pensumque</span> <span class='ocrx_word' id='word_1_150' title='bbox 1313 2200 1567 2248; x_wconf 88' lang='lat' dir='ltr'>revocabo.</span> <span class='ocrx_word' id='word_1_151' title='bbox 1642 2200 1773 2248; x_wconf 89' lang='lat' dir='ltr'>Nam</span> 
     </span>
     <span class='ocr_line' id='line_1_24' title="bbox 450 2277 1772 2342; baseline 0 -16"><span class='ocrx_word' id='word_1_152' title='bbox 450 2296 514 2327; x_wconf 87' lang='lat' dir='ltr'>ex</span> <span class='ocrx_word' id='word_1_153' title='bbox 550 2278 644 2325; x_wconf 89' lang='lat' dir='ltr'>illis</span> <span class='ocrx_word' id='word_1_154' title='bbox 682 2278 821 2337; x_wconf 84' lang='lat' dir='ltr'>locis,</span> <span class='ocrx_word' id='word_1_155' title='bbox 873 2295 993 2342; x_wconf 89' lang='lat' dir='ltr'>quos</span> <span class='ocrx_word' id='word_1_156' title='bbox 1029 2277 1257 2341; x_wconf 85' lang='lat' dir='ltr'>exposuit</span> <span class='ocrx_word' id='word_1_157' title='bbox 1299 2277 1564 2334; x_wconf 91' lang='lat' dir='ltr'>Antonius,</span> <span class='ocrx_word' id='word_1_158' title='bbox 1607 2279 1772 2326; x_wconf 89' lang='lat' dir='ltr'>omnia</span> 
     </span>
     <span class='ocr_line' id='line_1_25' title="bbox 451 2355 1774 2420; baseline -0.002 -16"><span class='ocrx_word' id='word_1_159' title='bbox 451 2364 568 2404; x_wconf 92' lang='lat' dir='ltr'>sunt</span> <span class='ocrx_word' id='word_1_160' title='bbox 607 2356 669 2403; x_wconf 87' lang='lat' dir='ltr'>ad</span> <span class='ocrx_word' id='word_1_161' title='bbox 693 2373 915 2420; x_wconf 86' lang='lat' dir='ltr'>quaeque</span> <span class='ocrx_word' id='word_1_162' title='bbox 945 2372 1128 2420; x_wconf 84' lang='lat' dir='ltr'>genera</span> <span class='ocrx_word' id='word_1_163' title='bbox 1152 2355 1492 2418; x_wconf 85' lang='lat' dir='ltr'>quaestionum</span> <span class='ocrx_word' id='word_1_164' title='bbox 1517 2372 1774 2418; x_wconf 87' lang='lat' dir='ltr'>argumen-</span> 
     </span>
     <span class='ocr_line' id='line_1_26' title="bbox 451 2433 1774 2498; baseline -0.002 -15"><span class='ocrx_word' id='word_1_165' title='bbox 451 2442 504 2483; x_wconf 92' lang='lat' dir='ltr'>ta</span> <span class='ocrx_word' id='word_1_166' title='bbox 527 2434 796 2493; x_wconf 84' lang='lat' dir='ltr'>sumenda3</span> <span class='ocrx_word' id='word_1_167' title='bbox 836 2435 923 2482; x_wconf 91' lang='lat' dir='ltr'>sed</span> <span class='ocrx_word' id='word_1_168' title='bbox 946 2433 1049 2481; x_wconf 87' lang='lat' dir='ltr'>aliis</span> <span class='ocrx_word' id='word_1_169' title='bbox 1084 2434 1347 2498; x_wconf 83' lang='lat' dir='ltr'>generibus</span> <span class='ocrx_word' id='word_1_170' title='bbox 1385 2433 1464 2480; x_wconf 87' lang='lat' dir='ltr'>alii</span> <span class='ocrx_word' id='word_1_171' title='bbox 1499 2433 1594 2481; x_wconf 91' lang='lat' dir='ltr'>loci</span> <span class='ocrx_word' id='word_1_172' title='bbox 1620 2434 1774 2497; x_wconf 86' lang='lat' dir='ltr'>magis</span> 
     </span>
     <span class='ocr_line' id='line_1_27' title="bbox 453 2510 1777 2576; baseline -0.001 -15"><span class='ocrx_word' id='word_1_173' title='bbox 453 2520 599 2561; x_wconf 90' lang='lat' dir='ltr'>erunt</span> <span class='ocrx_word' id='word_1_174' title='bbox 638 2513 769 2576; x_wconf 86' lang='lat' dir='ltr'>apti:</span> <span class='ocrx_word' id='word_1_175' title='bbox 807 2512 869 2559; x_wconf 91' lang='lat' dir='ltr'>de</span> <span class='ocrx_word' id='word_1_176' title='bbox 911 2528 1026 2575; x_wconf 87' lang='lat' dir='ltr'>quo,</span> <span class='ocrx_word' id='word_1_177' title='bbox 1061 2528 1158 2559; x_wconf 91' lang='lat' dir='ltr'>non</span> <span class='ocrx_word' id='word_1_178' title='bbox 1196 2519 1295 2559; x_wconf 88' lang='lat' dir='ltr'>tam</span> <span class='ocrx_word' id='word_1_179' title='bbox 1321 2511 1434 2575; x_wconf 90' lang='lat' dir='ltr'>quia</span> <span class='ocrx_word' id='word_1_180' title='bbox 1455 2510 1659 2576; x_wconf 81' lang='lat' dir='ltr'>longum</span> <span class='ocrx_word' id='word_1_181' title='bbox 1684 2519 1777 2572; x_wconf 89' lang='lat' dir='ltr'>est,</span> 
     </span>
     <span class='ocr_line' id='line_1_28' title="bbox 454 2586 1720 2656; baseline -0.001 -17"><span class='ocrx_word' id='word_1_182' title='bbox 454 2607 599 2656; x_wconf 89' lang='lat' dir='ltr'>quam</span> <span class='ocrx_word' id='word_1_183' title='bbox 625 2591 737 2655; x_wconf 89' lang='lat' dir='ltr'>quia</span> <span class='ocrx_word' id='word_1_184' title='bbox 759 2586 1092 2654; x_wconf 81' lang='lat' dir='ltr'>perspicuum,</span> <span class='ocrx_word' id='word_1_185' title='bbox 1129 2589 1227 2636; x_wconf 88' lang='lat' dir='ltr'>dici</span> <span class='ocrx_word' id='word_1_186' title='bbox 1260 2589 1381 2636; x_wconf 89' lang='lat' dir='ltr'>nihil</span> <span class='ocrx_word' id='word_1_187' title='bbox 1406 2597 1480 2637; x_wconf 86' lang='lat' dir='ltr'>est</span> <span class='ocrx_word' id='word_1_188' title='bbox 1503 2606 1720 2638; x_wconf 88' lang='lat' dir='ltr'>necesse.</span> 
     </span>
     <span class='ocr_line' id='line_1_29' title="bbox 317 2668 1778 2732; baseline 0 -15"><span class='ocrx_word' id='word_1_189' title='bbox 317 2690 425 2731; x_wconf 62' lang='lat'>120,</span> <span class='ocrx_word' id='word_1_190' title='bbox 525 2669 877 2717; x_wconf 86' lang='lat' dir='ltr'>Ornatissimae</span> <span class='ocrx_word' id='word_1_191' title='bbox 915 2676 1030 2716; x_wconf 90' lang='lat' dir='ltr'>sunt</span> <span class='ocrx_word' id='word_1_192' title='bbox 1065 2668 1216 2732; x_wconf 84' lang='lat' dir='ltr'>igitur</span> <span class='ocrx_word' id='word_1_193' title='bbox 1239 2668 1482 2717; x_wconf 87' lang='lat' dir='ltr'>orationes</span> <span class='ocrx_word' id='word_1_194' title='bbox 1507 2685 1612 2727; x_wconf 87' lang='lat' dir='ltr'>eae,</span> <span class='ocrx_word' id='word_1_195' title='bbox 1653 2685 1778 2732; x_wconf 88' lang='lat' dir='ltr'>quae</span> 
     </span>
     <span class='ocr_line' id='line_1_30' title="bbox 457 2746 1780 2812; baseline -0.001 -17"><span class='ocrx_word' id='word_1_196' title='bbox 457 2748 719 2796; x_wconf 87' lang='lat' dir='ltr'>latissimae</span> <span class='ocrx_word' id='word_1_197' title='bbox 759 2755 1018 2811; x_wconf 85' lang='lat' dir='ltr'>vagantur,</span> <span class='ocrx_word' id='word_1_198' title='bbox 1070 2755 1121 2795; x_wconf 90' lang='lat' dir='ltr'>et</span> <span class='ocrx_word' id='word_1_199' title='bbox 1157 2765 1186 2795; x_wconf 90' lang='lat' dir='ltr'>a</span> <span class='ocrx_word' id='word_1_200' title='bbox 1223 2748 1413 2812; x_wconf 88' lang='lat' dir='ltr'>privata</span> <span class='ocrx_word' id='word_1_201' title='bbox 1451 2764 1508 2796; x_wconf 88' lang='lat' dir='ltr'>ac</span> <span class='ocrx_word' id='word_1_202' title='bbox 1547 2746 1780 2811; x_wconf 85' lang='lat' dir='ltr'>singulari</span> 
     </span>
     <span class='ocr_line' id='line_1_31' title="bbox 461 2824 1780 2890; baseline -0.002 -17"><span class='ocrx_word' id='word_1_203' title='bbox 461 2826 792 2874; x_wconf 86' lang='lat' dir='ltr'>controversia</span> <span class='ocrx_word' id='word_1_204' title='bbox 832 2843 883 2873; x_wconf 91' lang='lat' dir='ltr'>se</span> <span class='ocrx_word' id='word_1_205' title='bbox 920 2826 985 2873; x_wconf 91' lang='lat' dir='ltr'>ad</span> <span class='ocrx_word' id='word_1_206' title='bbox 1024 2825 1237 2874; x_wconf 90' lang='lat' dir='ltr'>universi</span> <span class='ocrx_word' id='word_1_207' title='bbox 1275 2826 1471 2890; x_wconf 84' lang='lat' dir='ltr'>generis</span> <span class='ocrx_word' id='word_1_208' title='bbox 1503 2825 1603 2873; x_wconf 83' lang='lat' dir='ltr'>vim</span> <span class='ocrx_word' id='word_1_209' title='bbox 1627 2824 1780 2888; x_wconf 88' lang='lat' dir='ltr'>expli-</span> 
     </span>
     <span class='ocr_line' id='line_1_32' title="bbox 462 2902 1779 2968; baseline 0.001 -18"><span class='ocrx_word' id='word_1_210' title='bbox 462 2904 671 2952; x_wconf 85' lang='lat' dir='ltr'>eandam</span> <span class='ocrx_word' id='word_1_211' title='bbox 717 2903 980 2953; x_wconf 88' lang='lat' dir='ltr'>conferunt</span> <span class='ocrx_word' id='word_1_212' title='bbox 1014 2912 1066 2953; x_wconf 90' lang='lat' dir='ltr'>et</span> <span class='ocrx_word' id='word_1_213' title='bbox 1089 2912 1400 2962; x_wconf 86' lang='lat' dir='ltr'>convertunt,</span> <span class='ocrx_word' id='word_1_214' title='bbox 1436 2912 1494 2954; x_wconf 90' lang='lat' dir='ltr'>ut</span> <span class='ocrx_word' id='word_1_215' title='bbox 1514 2904 1567 2963; x_wconf 89' lang='lat' dir='ltr'>ii,</span> <span class='ocrx_word' id='word_1_216' title='bbox 1591 2902 1674 2968; x_wconf 86' lang='lat' dir='ltr'>qui</span> <span class='ocrx_word' id='word_1_217' title='bbox 1697 2919 1779 2951; x_wconf 88' lang='lat' dir='ltr'>au-</span> 
     </span>
    </p>
   </div>
   <div class='ocr_carea' id='block_1_3' title="bbox 1950 150 2071 3508">
    <p class='ocr_par' dir='ltr' id='par_1_3' title="bbox 1950 150 2071 3508">
     <span class='ocr_line' id='line_1_33' title="bbox 1950 150 2071 3508; baseline 0 0"><span class='ocrx_word' id='word_1_218' title='bbox 1950 150 2071 3508; x_wconf 95' lang='lat' dir='ltr'> </span> 
     </span>
    </p>
   </div>
  </div>
 </body>
</html>
