2071 3508
703 388 872 428 LIBER
902 388 1210 430 SECUNDUS.
1557 396 1632 437 137

298 498 492 564 hospes,
543 511 644 544 non
685 496 898 545 multum
937 498 983 545 ei
1020 498 1119 546 loci
1142 498 1417 563 proderunt
1441 499 1526 557 illi,
1570 521 1630 551 ex

297 578 473 642 quibus
497 584 790 639 argumenta
812 585 1108 641 promuntur
1129 598 1141 637 ;
1188 579 1394 627 subacto
1417 580 1538 637 mihi
1562 582 1631 628 in-

294 656 443 721 genio
467 672 590 720 opus
615 664 707 715 est,
726 665 783 704 ut
807 673 927 721 agro
953 673 1052 704 non
1079 657 1231 706 semel
1255 666 1410 717 arato,
1435 659 1523 707 sed
1548 676 1632 708 no-

294 743 407 783 vato
449 742 500 782 et
540 734 734 793 iterato,
775 753 872 800 quo
913 735 1140 785 meliores
1177 736 1340 785 foetus
1379 738 1534 802 possit
1582 748 1634 788 et

289 813 578 879 grandiores
604 815 768 864 edere.
841 816 1076 865 Subactio
1100 825 1267 866 autem
1293 826 1368 866 est
1391 835 1523 875 usus,
1549 835 1632 869 au-

291 892 433 953 ditio,
458 893 628 954 lectio,
652 895 841 945 literae.

358 973 439 1022 Ac
463 974 678 1038 primum
703 982 930 1023 naturam
951 993 1128 1033 causae
1144 977 1330 1038 videat,
1356 996 1481 1044 quae
1506 995 1630 1027 nun-

290 1069 438 1118 quam
478 1053 620 1113 latet,
661 1053 919 1113 factumne
958 1057 1038 1116 sit,
1081 1066 1359 1122 quaeratur,
1398 1075 1461 1106 an
1487 1058 1631 1124 quale

289 1133 370 1192 sit,
396 1149 458 1181 an
484 1133 620 1198 quod
644 1150 827 1182 nomen
852 1134 1063 1196 habeat3
1104 1153 1202 1201 quo
1225 1146 1504 1203 perspecto,
1538 1147 1632 1188 sta-

289 1212 379 1261 tim
405 1213 624 1261 occurrit
647 1212 860 1261 naturali
885 1215 1097 1278 quadam
1122 1217 1402 1280 prudentia,
1430 1234 1531 1265 non
1556 1217 1632 1266 his

289 1292 719 1349 subductionibus,
764 1310 884 1357 quas
931 1294 1013 1342 isti
1061 1294 1260 1353 docent,
1312 1297 1432 1361 quid
1478 1295 1630 1347 faciat

290 1387 508 1432 causam,
550 1372 602 1420 id
638 1381 731 1431 est,
768 1390 866 1436 quo
891 1373 1099 1430 sublato,
1129 1376 1464 1423 controversia
1501 1385 1630 1428 stare

289 1468 390 1500 non
431 1452 618 1519 possit:
671 1451 873 1511 deinde,
912 1452 1032 1516 quid
1070 1454 1239 1501 veniat
1275 1454 1326 1501 in
1358 1453 1629 1518 judicium,

288 1531 424 1596 quod
446 1531 527 1580 isti
553 1531 622 1579 sic
638 1530 822 1596 jubent
847 1548 1082 1596 quaerere
1104 1550 1115 1580 ε
1153 1533 1409 1583 interfecit
1438 1533 1629 1600 Opimi-

287 1627 345 1659 us
362 1610 651 1660 Gracchum
674 1627 685 1657 :
716 1609 837 1674 quid
859 1608 982 1658 facit
1002 1627 1200 1660 causam
1221 1612 1239 1660 ?
1275 1613 1410 1678 quod
1433 1615 1629 1679 reipub-

285 1690 413 1739 licae
456 1707 623 1749 causa,
665 1706 781 1738 cum
820 1706 883 1737 ex
926 1692 1357 1740 senatusconsulto
1392 1693 1456 1741 ad
1492 1711 1626 1743 arma

286 1777 542 1818 vocasset:
580 1768 677 1817 hoc
716 1767 865 1828 tolle,
892 1786 1041 1817 causa
1075 1786 1175 1818 non
1202 1771 1310 1819 erit.
1383 1772 1457 1821 At
1480 1773 1533 1820 id
1556 1774 1625 1839 ip-

287 1865 396 1897 sum
420 1855 573 1913 negat
598 1855 771 1897 contra
795 1848 931 1913 leges
955 1848 1152 1898 licuisse
1179 1850 1384 1899 Decius.
1440 1852 1627 1902 Veniet

285 1928 438 1993 igitur
462 1928 514 1975 in
523 1927 792 1992 judicium,
810 1928 1070 1976 licueritne
1090 1945 1153 1976 ex
1178 1931 1623 1989 senatusconsulto,

288 2007 558 2055 servandae
600 2005 902 2070 reipublicae
945 2023 1107 2055 causa.
1186 2007 1454 2072 Perspicua
1500 2009 1625 2059 haec

288 2092 404 2132 sunt
427 2083 648 2148 quidem,
691 2090 743 2130 et
782 2083 834 2129 in
869 2083 1061 2148 vulgari
1084 2085 1350 2149 prudentia
1373 2087 1496 2147 sita3
1537 2089 1625 2137 sed

283 2162 368 2212 illa
392 2161 675 2228 quaerenda
695 2182 708 2223 3
737 2178 862 2226 quae
887 2162 948 2209 ab
973 2170 1261 2223 accusatore
1286 2172 1337 2212 et
1362 2163 1624 2217 defensore

286 2249 580 2307 argumenta
603 2241 667 2289 ad
689 2240 760 2301 id,
794 2240 929 2305 quod
965 2241 1015 2288 in
1031 2240 1281 2306 judicium
1305 2245 1461 2305 venit,
1486 2262 1623 2312 spec-

283 2322 459 2381 tantia,
484 2321 702 2370 debeant
725 2320 900 2383 afferri.

1667 980 1775 1021 132.

354 2401 527 2466 Atque
551 2401 633 2449 hic
657 2400 782 2449 illud
804 2401 1077 2450 videndum
1103 2410 1193 2460 est,
1214 2403 1265 2451 in
1286 2420 1384 2469 quo
1404 2421 1622 2457 summus
1657 2401 1761 2461 31.

283 2490 360 2532 est
397 2498 532 2531 error
565 2482 772 2529 istorum
807 2481 1173 2545 magistrorum,
1209 2484 1274 2531 ad
1298 2502 1420 2548 quos
1442 2485 1622 2536 liberos
1659 2495 1766 2535 133.

285 2567 478 2609 nostros
502 2561 778 2620 mittimus3
818 2577 919 2608 non
960 2578 1058 2626 quo
1093 2561 1189 2610 hoc
1226 2564 1427 2627 quidem
1463 2565 1527 2613 ad
1551 2567 1622 2614 di-

288 2640 505 2690 cendum
530 2656 831 2705 magnopere
855 2641 1118 2704 pertineat,
1146 2641 1233 2689 sed
1256 2650 1424 2691 tamen
1462 2652 1519 2692 ut
1553 2646 1622 2693 vi-

287 2721 464 2780 deatis,
489 2735 637 2785 quam
662 2719 724 2767 sit
747 2735 905 2784 genus
941 2719 1036 2768 hoc
1074 2737 1263 2780 eorum,
1289 2722 1373 2785 qui
1398 2723 1488 2772 sibi
1514 2740 1622 2773 eru-

286 2800 379 2850 diti
402 2799 654 2859 videntur,
695 2799 848 2848 hebes
886 2808 1034 2865 atque
1058 2800 1354 2866 impolitum.
1427 2802 1621 2854 Consti-

287 2887 439 2930 tuunt
475 2880 609 2930 enim
642 2878 694 2929 in
731 2879 1003 2945 partiendis
1032 2881 1311 2932 orationum
1336 2881 1496 2949 modis
1520 2883 1619 2937 duo
