2071 3508
746 417 913 456 LIBER
942 417 1166 456 PRIMUS.
1575 423 1627 459 69

296 525 620 576 numerabiles
644 525 762 574 alios
788 542 901 574 cum
922 542 985 574 ex
1008 533 1175 574 nostra
1200 525 1418 584 civitate,
1437 533 1543 573 tum
1564 544 1626 575 ex

297 605 516 655 caeteris.
581 604 666 653 Sin
691 612 857 654 autem
883 613 1219 669 quaereretur,
1245 605 1468 669 quisnam
1479 604 1623 668 juris·
1641 614 1752 654 212.

293 683 545 732 consultus
559 701 674 733 vere
691 685 1045 744 nominaretur,
1064 701 1177 732 eum
1195 684 1430 743 dicerem,
1452 684 1535 748 qui
1559 683 1626 731 le-

288 779 428 827 gum,
448 771 500 812 et
524 764 897 813 consuetudinis
914 763 1018 828 ejus
1035 781 1131 828 qua
1148 764 1326 829 privati
1351 765 1401 811 in
1423 763 1625 812 civitate

290 849 568 903 uterentur,
580 851 631 892 et
647 843 710 891 ad
724 843 1145 908 respondendum,
1162 851 1212 891 et
1228 842 1564 907 adfigendum,
1575 851 1627 891 et

289 920 354 969 ad
368 923 665 983 cavendum,
683 923 871 988 peritus
892 931 1049 971 esset:
1078 932 1129 971 et
1148 940 1211 971 ex
1231 923 1293 971 eo⁴
1306 939 1490 987 genere
1509 922 1623 972 Sex.

290 1000 512 1062 Aelium,
539 1002 616 1050 M'
645 1002 930 1061 Manilium,
957 1002 1011 1050 P.
1040 1003 1271 1051 Mucium
1296 1002 1621 1050 nominarem.

354 1081 546 1148 Atque,
578 1090 636 1131 ut
661 1082 766 1148 jam
803 1083 867 1132 ad
890 1082 1075 1131 leviora
1099 1083 1278 1131 artium
1303 1082 1466 1130 studia
1489 1068 1746 1129 veni-4⁴9.

287 1176 384 1219 am,
410 1160 449 1208 si
474 1163 709 1221 musicus,
735 1164 774 1209 si
797 1163 1168 1226 grammaticus,
1189 1163 1226 1210 si
1250 1167 1398 1225 poeta
1423 1177 1624 1224 quaera-

287 1246 387 1299 tur,
410 1240 593 1304 possim
619 1241 841 1289 similiter
866 1240 1134 1305 explicare,
1154 1239 1274 1304 quid
1299 1256 1468 1287 eorum
1496 1238 1624 1302 quis-

289 1334 384 1382 que
406 1320 715 1384 profiteatur,
754 1329 805 1368 et
843 1337 940 1385 quo
975 1336 1075 1367 non
1107 1318 1313 1383 amplius
1339 1319 1399 1366 ab
1426 1334 1624 1381 quoque

289 1399 351 1446 sit
373 1399 741 1463 postulandum.
792 1398 1076 1462 Philosophi
1103 1398 1318 1462 denique
1343 1397 1513 1461 ipsius,
1539 1397 1625 1460 qui

289 1476 351 1525 de
376 1494 462 1526 sua
485 1480 534 1526 vi
559 1495 616 1526 ac
649 1478 889 1542 sapientia
912 1494 1039 1525 unus
1065 1477 1230 1524 omnia
1266 1492 1396 1542 pene
1425 1474 1623 1540 profite-

286 1562 386 1614 tur,
427 1563 503 1603 est
537 1564 704 1603 tamen
742 1556 983 1623 quaedam
1021 1555 1306 1620 descriptio,
1344 1563 1401 1602 ut
1441 1554 1501 1612 is,
1537 1553 1621 1617 qui

286 1633 485 1682 studeat
508 1634 729 1682 omnium
755 1651 921 1683 rerum
947 1634 1225 1682 divinarum
1246 1642 1395 1699 atque
1415 1633 1623 1681 human-

284 1729 422 1760 arum
446 1713 566 1771 vim,
590 1719 837 1770 naturam,
864 1728 1134 1775 causasque
1159 1728 1321 1770 nosse,
1348 1720 1399 1758 ct
1423 1727 1624 1760 omnem

282 1793 412 1842 bene
447 1791 648 1840 vivendi
681 1792 923 1839 rationem
947 1799 1119 1839 tenere
1163 1799 1213 1839 et
1250 1791 1499 1855 persequi,
1537 1808 1622 1839 no-

283 1872 417 1921 mine
440 1871 537 1920 hoc
562 1870 852 1937 appelletur.
925 1869 1190 1919 Oratorem
1227 1878 1414 1930 autem,
1451 1873 1749 1935 quoni-213,

283 1968 363 2000 am
405 1952 467 2003 de
511 1968 570 2000 eo
611 1952 909 2016 quaerimus,
953 1950 1185 2014 equidem
1221 1967 1322 1998 non
1346 1949 1477 1998 facio
1503 1967 1622 1998 eun-

285 2031 417 2091 dem,
460 2047 608 2096 quem
646 2031 868 2089 Crassus,
910 2031 994 2094 qui
1019 2030 1139 2077 mihi
1164 2030 1295 2077 visus
1323 2038 1396 2078 est
1421 2045 1621 2079 omnem

285 2110 508 2158 omnium
532 2127 696 2158 rerum
733 2118 881 2174 atque
908 2110 1088 2157 artium
1114 2109 1372 2158 scientiam
1399 2126 1622 2174 compre·

283 2190 504 2240 hendere
540 2206 642 2238 uno
677 2189 881 2238 oratoris
919 2188 1080 2237 officio
1111 2206 1169 2236 ac
1194 2188 1429 2236 nomine:
1470 2196 1619 2252 atque

283 2287 399 2320 eum
422 2277 546 2336 puto
571 2286 694 2328 esse,
732 2269 815 2333 qui
840 2269 1001 2318 verbis
1027 2268 1091 2316 ad
1115 2267 1417 2316 audiendum
1436 2268 1620 2332 jucun-

283 2349 377 2411 dis,
407 2357 459 2399 et
496 2348 754 2398 sententiis
790 2348 853 2397 ad
882 2348 1194 2413 probandum
1229 2346 1619 2396 accommodatis

280 2429 356 2478 uti
378 2429 534 2495 possit
572 2429 624 2476 in
666 2428 824 2476 causis
859 2427 1136 2476 forensibus
1172 2434 1321 2492 atque
1347 2427 1620 2474 communi-

280 2511 390 2558 bus.
448 2508 601 2556 Hunc
628 2524 723 2572 ego
747 2506 941 2572 appello
966 2515 1210 2554 oratorem
1233 2527 1246 2566 ;
1275 2522 1487 2570 eumque
1514 2522 1618 2553 esse

279 2595 538 2654 praeterea
560 2587 858 2634 instructum
882 2602 1023 2645 voce,
1061 2594 1109 2633 et
1135 2585 1350 2643 actione,
1376 2593 1427 2631 et
1449 2583 1617 2648 lepore

283 2666 514 2732 quodam,
555 2665 684 2714 volo.
756 2665 958 2713 Crassus
995 2681 1112 2712 vero
1150 2663 1270 2711 mihi
1294 2671 1462 2711 noster
1485 2663 1616 2712 visus
1632 2673 1744 2713 214.

285 2755 361 2796 est
384 2745 589 2795 oratoris
613 2743 904 2793 facultatem
940 2759 1040 2792 non
1075 2742 1204 2790 illius
1235 2743 1351 2790 artis
1374 2743 1617 2804 terminis,

285 2827 375 2877 sed
408 2825 596 2892 ingenii
637 2825 712 2874 sui
749 2823 946 2884 finibus,
980 2822 1231 2871 immensis
1255 2839 1403 2888 pene,
1436 2822 1617 2871 descri-

284 2907 432 2960 bere:
470 2923 584 2959 nam
610 2914 662 2956 et
686 2905 944 2958 civitatum
967 2903 1297 2972 regendarum
1323 2904 1503 2952 oratori
1527 2919 1617 2966 gu-

1264 2999 1292 3031 E
1320 2991 1349 3032 3
