2071 3508
342 1939 447 1980 194.

339 2315 445 2377 47.

344 2805 449 2848 195.

471 426 546 464 158
951 422 1026 463 DE
1056 423 1322 465 ORATORE

469 540 526 581 111
550 531 670 590 dixi,
707 545 769 580 ne
805 531 899 580 hoc
934 533 985 580 in
1019 534 1159 582 nobis
1194 534 1371 581 mirum
1407 551 1510 582 esse
1544 533 1788 593 videatur,

470 611 589 674 quid
612 616 775 673 potest
800 626 903 658 esse
926 618 1027 657 tam
1051 610 1239 670 fictum,
1266 629 1409 675 quam
1434 629 1618 670 versus,
1644 627 1790 675 quam

471 704 636 743 scena,
661 704 806 750 quam
830 686 1023 735 fabulae
1045 688 1061 736 ?
1096 696 1260 736 tamen
1296 689 1346 735 in
1368 689 1463 738 1100
1487 706 1668 754 genere
1694 705 1795 737 sae-

470 781 532 828 pe
557 765 659 828 ipse
684 764 800 820 vidi,
845 781 958 811 cum
997 782 1059 812 ex
1081 782 1290 829 persona
1324 766 1443 812 mihi
1467 767 1637 814 ardere
1662 766 1794 815 oculi

471 842 682 890 hominis
722 841 968 889 histrionis
992 842 1291 899 viderentur,
1332 844 1584 906 spondalia
1617 845 1701 892 illa
1724 845 1794 893 (11-

475 920 650 978 centis,

528 1013 737 1063 Segregare
756 1011 821 1048 abs
839 1017 875 1049 te
893 1025 1019 1056 ansus,
1038 1017 1105 1048 aut
1123 1012 1204 1049 sine
1221 1011 1285 1050 illo
1309 1011 1503 1050 Salamina
1522 1011 1703 1065 ingredi?

526 1078 659 1128 Neque
670 1083 874 1128 paternum
893 1078 1103 1129 adspectum
1123 1092 1159 1115 es
1179 1078 1318 1115 veritas
1333 1078 1351 1114 ,9

473 1157 741 1220 Nunquam
781 1156 919 1204 illum
960 1160 1225 1220 adspectum
1265 1157 1479 1216 dicebat,
1521 1158 1639 1221 quin
1676 1157 1797 1204 mihi

475 1233 716 1281 Telamon
757 1235 908 1282 iratus
932 1236 1094 1283 furere
1119 1235 1258 1282 luctu
1282 1234 1366 1281 filii
1390 1235 1655 1283 videretur.
1725 1235 1798 1283 Ut

474 1310 605 1359 idem
630 1312 811 1360 inflexa
835 1313 899 1360 ad
923 1311 1247 1360 miserabilem
1273 1328 1446 1359 sonum
1469 1329 1612 1372 voce,

532 1402 647 1447 Quem
667 1408 790 1440 aetate
809 1409 938 1440 exacta
958 1402 1128 1454 indigum

526 1469 706 1507 Liberum
725 1469 913 1516 lacerasti,
932 1469 1086 1514 orbasti,
1106 1469 1284 1507 extinxsti
1298 1484 1312 1507 .·
1342 1482 1459 1521 neque
1460 1469 1613 1521 fratris
1632 1469 1744 1517 necis,

528 1536 661 1587 Neque
683 1536 796 1588 gnati
815 1539 893 1588 ejus
904 1536 1031 1588 parvi,
1053 1535 1117 1587 qai
1135 1535 1203 1574 tibi
1222 1536 1261 1573 in
1281 1535 1433 1573 tutelam
1453 1543 1507 1574 est
1521 1536 1773 1574 traditus—2

476 1615 597 1663 fiens
635 1633 691 1663 ac
732 1615 907 1679 lugens
933 1615 1097 1663 dicere
1122 1615 1396 1663 videbatur.
1481 1616 1622 1672 Quae
1657 1616 1696 1662 si
1719 1615 1802 1664 ille

478 1694 666 1752 histrio,
692 1694 910 1758 quotidie
938 1711 1051 1742 011111
1076 1701 1263 1757 ageret,
1304 1702 1470 1741 tamen
1494 1702 1630 1741 recte
1654 1711 1802 1758 agere

479 1773 582 1821 sine
609 1773 775 1821 dolore
801 1790 898 1820 non
924 1781 1132 1837 poterat,
1165 1773 1314 1835 quid?
1370 1773 1638 1820 Pacuvium
1662 1780 1802 1836 puta-

479 1852 541 1899 tis
582 1853 632 1898 in
674 1853 933 1900 scribendo
967 1853 1066 1900 10111
1102 1853 1264 1899 animo
1300 1869 1356 1899 ac
1395 1853 1595 1900 remisso
1618 1851 1802 1901 fuisse?

482 1931 609 1977 Fieri
650 1930 785 1977 nullo
826 1930 972 1977 modo
1012 1930 1190 1994 potuit.
1262 1930 1416 1993 Saepe
1454 1930 1585 1977 0111111
1620 1930 1805 1991 audivi,

479 2013 676 2073 poetam
710 2010 896 2056 bonum
929 2009 1178 2055 neminem
1204 2008 1279 2072 (id
1304 2008 1436 2072 quod
1460 2025 1488 2055 a
1513 2008 1805 2058 Democrito

482 2096 532 2135 et
558 2088 761 2135 Platone
787 2088 836 2134 in
863 2087 1053 2151 scriptis
1077 2086 1304 2134 relictum
1335 2104 1438 2135 esse
1463 2087 1660 2148 dicunt)
1694 2088 1803 2136 sine

481 2166 864 2213 inflammatione
884 2166 1158 2213 animorum
1183 2165 1417 2213 exsistere
1440 2182 1600 2229 posse,
1626 2174 1677 2214 et
1700 2166 1804 2214 sine

484 2245 695 2306 quodam
721 2244 885 2291 affiatu
910 2245 1044 2307 quasi
1068 2244 1260 2291 furoris.

552 2322 716 2378 Quare
758 2322 910 2370 nolite
952 2323 1231 2369 existimare
1269 2322 1527 2385 meipsum,
1581 2322 1664 2385 qui
1704 2337 1804 2369 non

482 2400 687 2448 heroum
735 2407 923 2447 veteres
965 2417 1102 2447 casus
1148 2399 1385 2463 fictosque
1424 2399 1587 2448 luctus
1626 2399 1805 2447 vellem

482 2479 660 2527 imitari
685 2487 832 2542 atque
869 2479 1158 2526 adumbrare
1184 2478 1396 2526 dicendo
1418 2498 1430 2536 ;
1483 2494 1642 2541 neque
1668 2485 1805 2525 actor

481 2575 637 2606 essem
677 2557 864 2605 alienae
903 2574 1158 2621 personae,
1184 2557 1271 2604 sed
1299 2564 1470 2604 auctor
1506 2573 1664 2615 meae,
1689 2572 1804 2604 cum

480 2637 598 2683 mihi
642 2637 735 2684 Μ’.
780 2636 1010 2700 Aquilius
1034 2637 1084 2683 in
1123 2637 1321 2684 civitate
1346 2636 1632 2684 retinendus
1657 2642 1806 2695 esset,

482 2732 605 2778 quae
630 2715 681 2761 in
705 2714 786 2762 illa
811 2731 956 2762 causa
990 2715 1262 2779 peroranda
1284 2714 1507 2772 fecerim,
1543 2713 1646 2760 sine
1669 2728 1804 2775 mag-

482 2809 546 2840 no
585 2793 752 2841 dolore
775 2794 967 2842 fecisse.
1061 2794 1224 2850 Quem
1263 2794 1393 2841 enim
1418 2808 1512 2856 ego
1537 2788 1802 2839 Consulem

479 2871 647 2931 fuisse,
670 2873 1015 2936 imperatorem
1039 2879 1265 2921 ornatum
1289 2888 1318 2919 a
1341 2878 1532 2930 senatu,
1572 2874 1802 2921 ovantem
