2071 3508
841 385 1059 432 ΤΟῬῙΟΑ.Δ
1541 393 1624 432 499

280 497 422 549 Nihil
445 499 541 550 hoc
566 500 630 549 ad
651 499 765 565 jus;
805 500 870 547 ad
895 500 1210 558 Ciceronem,
1246 497 1473 563 inquibat
1497 499 1617 548 Galo·

278 578 357 628 lus
382 588 567 640 noster,
603 581 643 628 si
668 579 776 643 quis
811 579 876 626 ad
911 594 1026 626 eum
1059 576 1159 626 tale
1201 577 1322 642 quid
1362 579 1621 640 retulerat,

279 667 338 707 ut
374 660 438 709 de
482 659 619 708 facto
666 664 1003 722 quaereretur.
1081 657 1164 705 Tu
1202 666 1371 707 tamen
1412 661 1619 724 patiere,

280 738 473 787 nullum
491 755 520 787 a
536 755 617 787 me
641 738 759 787 artis
783 738 1042 786 institutae
1067 736 1235 786 locum
1259 740 1536 804 praeteriri,
1557 758 1620 790 ne

280 815 320 863 si
344 817 486 877 nihil,
521 817 616 866 nisi
641 817 775 882 quod
801 816 865 865 ad
905 825 955 865 te
991 818 1256 882 pertineat,
1302 820 1623 869 scribendum

278 897 486 960 putaris,
522 896 732 944 nimium
772 904 824 945 te
861 914 1026 946 amare
1051 897 1268 947 videar&
1341 898 1432 947 Est
1470 900 1625 966 igitur

279 990 462 1041 magna
487 994 550 1025 ex
573 984 715 1043 parte
738 977 880 1026 locus
915 978 997 1025 hic
1023 979 1284 1038 oratorius,
1327 996 1429 1028 non
1471 982 1624 1031 modo

278 1069 381 1102 non
418 1055 911 1121 jurisconsultorum,
968 1057 1056 1106 sed
1104 1074 1167 1105 ne
1213 1058 1623 1125 philosophorum

279 1135 501 1198 quidem.
573 1137 713 1186 Ante
748 1155 854 1186 rem
880 1139 1013 1187 enim
1039 1146 1364 1203 quaeruntur,
1402 1157 1529 1205 quae
1554 1149 1626 1190 ta-

278 1212 346 1263 lia
381 1224 516 1277 sunt,
556 1226 840 1283 apparatus,
884 1218 1151 1283 colloquia,
1186 1218 1346 1280 100118,
1384 1222 1625 1270 constitua*

279 1299 406 1352 tum,
445 1296 746 1345 convivium.
820 1297 949 1345 Cum
990 1314 1043 1345 re
1081 1305 1265 1355 autem,
1307 1299 1494 1364 pedum
1522 1318 1628 1350 cre-³

279 1374 434 1439 pitus,
471 1376 705 1441 strepitus
730 1376 1011 1436 hominum,
1035 1394 1300 1442 corporum
1325 1380 1549 1441 umbrae,
1575 1389 1629 1430 et

282 1453 323 1501 si
348 1454 469 1519 quid
494 1454 752 1520 ejusmodi.
827 1454 902 1502 At
924 1463 1038 1519 post
1072 1472 1197 1516 rem,
1240 1459 1410 1518 rubor,
1450 1460 1627 1524 pallor,

281 1533 536 1594 titubatio,
574 1543 625 1583 et
666 1534 705 1582 si
748 1550 845 1598 qua
870 1533 964 1582 alia
988 1535 1130 1598 signa
1156 1539 1552 1589 conturbationis
1578 1550 1631 1590 et

283 1614 655 1664 conscientiae:
710 1618 969 1677 praeterea
1016 1613 1284 1661 restinctus
1330 1616 1480 1680 ignis,
1527 1619 1631 1683 gla.³

284 1694 396 1742 dius
444 1700 700 1752 cruentus,
754 1700 1072 1757 caeteraque,
1117 1710 1244 1758 quae
1292 1695 1630 1760 suspicionem

281 1772 406 1824 facti
429 1780 640 1839 possunt
663 1789 881 1822 movere.
953 1773 1212 1838 Deinceps
1250 1782 1326 1823 est
1361 1774 1502 1826 locus
1529 1779 1632 1828 dia-

282 1854 580 1904 lecticorum
615 1853 844 1919 proprius
887 1870 951 1901 ex
993 1854 1434 1918 consequentibUS,
1473 1866 1524 1907 et
1548 1877 1631 1908 an-

284 1934 654 1993 tecedentibuS,
691 1941 742 1982 et
782 1933 1198 1998 repugnantibus,
1248 1936 1333 1999 qui
1376 1937 1527 1986 etiam
1568 1942 1631 1990 ab

284 2015 536 2083 adjunctis
558 2013 709 2078 longe
736 2013 958 2062 diversus
985 2021 1075 2062 est.
1129 2013 1261 2062 Nam
1285 2015 1540 2082 adjuncta,
1567 2021 1632 2070 de

287 2097 466 2164 quibus
490 2093 640 2160 paulo
665 2101 781 2141 ante
807 2092 999 2140 dictum
1036 2101 1130 2153 est,
1166 2110 1268 2142 non
1301 2112 1496 2161 semper
1521 2116 1633 2150 eve-

287 2177 464 2227 niunt:
505 2173 863 2238 consequentia
905 2181 1073 2222 autem
1117 2191 1328 2239 semper.
1400 2177 1474 2226 Ea
1499 2181 1632 2229 enim

289 2259 404 2308 dico
430 2254 807 2319 consequentia,
844 2270 971 2318 quae
1007 2270 1113 2303 rem
1149 2257 1429 2306 necessario
1463 2276 1634 2310 consen

289 2344 542 2405 quuntur:
591 2334 814 2398 itemque
851 2343 903 2382 et
939 2335 1308 2396 antecedentia,
1357 2345 1409 2386 et
1455 2356 1636 2407 repug„

288 2417 477 2468 nantia.
534 2413 795 2479 Quidquid
815 2414 948 2463 enim
968 2415 1224 2464 antecedit
1243 2433 1490 2482 quamque
1509 2437 1634 2482 rem,

288 2499 344 2548 id
369 2497 605 2547 cohaeret
646 2511 762 2543 cum
787 2511 840 2542 re
865 2495 1176 2543 necessario:
1217 2504 1268 2545 et
1293 2497 1537 2562 quidquid
1562 2518 1637 2549 re-

290 2582 504 2644 pugnat,
539 2573 593 2622 id
616 2572 860 2638 ejusmodi
885 2580 978 2633 est,
1006 2581 1063 2621 ut
1088 2573 1355 2624 cohaerere
1378 2565 1636 2643 nunquam

291 2656 463 2724 possit.
1291 2721 1297 2725 ι

362 2736 493 2786 Cum
530 2733 781 2801 tripartito
821 2733 975 2800 igitur
1017 2735 1341 2786 distribuatur
1370 2738 1511 2788 locus
1535 2739 1638 2801 hic,

291 2817 347 2867 in
394 2815 823 2876 consecutionem,
881 2816 1299 2878 antecessionem,
1357 2836 1638 2884 repugnan-

293 2897 452 2961 tiam3
490 2895 772 2963 reperiendi
796 2896 1080 2962 argumenti
1120 2895 1261 2947 locus
1302 2897 1514 2965 simplex
1544 2907 1638 2960 est,

1175 2976 1237 3026 1i
1273 2985 1304 3029 2

1677 2747 1781 2810 13.
