2071 3508
335 1250 439 1308 55.

468 447 547 488 376
971 445 1047 484 DE
1078 446 1277 485 CLARIS

470 553 532 602 de
557 570 624 610 re,
650 553 800 617 idque
825 554 970 602 etiam
995 553 1135 604 vultu
1158 556 1364 619 probare
1383 553 1664 601 videantur:
1692 563 1795 613 aut,

471 643 527 680 ut
550 648 690 680 avem
716 642 865 681 cantu
891 633 1071 697 aliquo,
1107 634 1176 681 sic
1211 633 1318 681 illos
1355 633 1532 680 viderit
1556 632 1796 690 oratione,

472 711 607 775 quasi
649 727 927 775 suspensos,
962 711 1153 760 teneri:
1191 719 1294 770 aut,
1329 711 1382 759 id
1416 710 1549 775 quod
1584 710 1797 758 maxime

472 805 595 853 opus
620 797 710 848 est,
746 790 1096 849 misericordia,
1131 790 1263 848 odio,
1299 797 1437 838 motu
1462 789 1611 837 animi
1635 788 1798 852 aliquo

472 869 783 932 perturbatos
821 885 924 916 esse
948 868 1317 917 vehementius:
1356 885 1414 916 ea
1438 868 1476 916 si
1499 867 1800 932 praeteriens

474 949 556 1009 (ut
593 946 720 1007 dixi)
770 947 1068 1011 adspexerit,
1117 947 1157 996 si
1195 946 1318 995 nihil
1355 946 1583 1005 audierit,
1632 954 1799 994 tamen

474 1033 717 1073 oratorem
736 1026 916 1073 versari
934 1027 983 1073 in
1000 1026 1083 1074 illo
1098 1025 1308 1090 judicio,
1327 1033 1378 1074 et
1396 1043 1517 1090 opus
1532 1025 1799 1074 oratorium

474 1103 596 1163 fieri,
632 1112 717 1152 aut
752 1103 1030 1168 perfectum
1059 1104 1163 1168 jam
1206 1121 1328 1164 esse,
1363 1104 1588 1168 profecto
1623 1103 1800 1152 intelli-

474 1190 576 1245 get.

544 1259 672 1307 Cum
695 1259 818 1308 haec
844 1259 1196 1319 disseruissem,
1231 1267 1439 1323 uterque
1464 1275 1686 1307 assensus
1710 1267 1800 1317 est,

477 1346 528 1386 et
552 1355 646 1402 ego
665 1346 898 1403 tanquam
934 1340 993 1387 ab
1017 1339 1213 1403 integro
1238 1339 1451 1397 ordienS,
1478 1337 1693 1395 Quando
1715 1338 1805 1403 igi-

476 1426 576 1476 tur,
616 1417 832 1482 inquam,
875 1435 904 1465 a
945 1417 1094 1465 Cotta
1134 1425 1184 1465 et
1226 1417 1442 1481 Sulpicio
1481 1417 1605 1466 haec
1645 1417 1805 1465 omnis

478 1496 623 1551 fluxit
646 1495 821 1555 oratio,
858 1512 972 1545 cum
1007 1495 1096 1547 hos
1137 1496 1349 1544 maxime
1381 1492 1574 1561 judicio
1608 1495 1804 1544 illorum

479 1574 753 1632 hominum,
806 1581 856 1622 et
894 1573 1023 1621 illius
1069 1575 1241 1622 aetatis
1280 1575 1511 1623 dixissem
1556 1576 1803 1639 probatos,

478 1660 695 1701 revertar
720 1652 783 1700 ad
802 1668 884 1700 eos
907 1653 1069 1715 ipsos:
1107 1661 1213 1701 tum
1249 1652 1479 1717 reliquos,
1516 1661 1573 1701 ut
1595 1653 1805 1713 institui,

480 1731 715 1795 deinceps
754 1747 1032 1795 persequar.
1117 1732 1364 1788 Quoniam
1402 1749 1519 1795 ergo
1557 1740 1805 1779 oratorum

478 1810 721 1859 bonorum
739 1809 851 1872 (hos
877 1809 1007 1856 enim
1033 1810 1333 1873 quaerimus)
1355 1810 1453 1857 duo
1471 1826 1655 1874 genera
1673 1819 1806 1871 sunt,

480 1904 635 1935 unum
674 1894 947 1946 attenuate,
997 1904 1295 1952 presseque;
1351 1888 1559 1935 alterum
1598 1888 1806 1948 sublate,

481 1965 740 2030 ampleque
782 1965 1084 2013 dicentium:
1136 1967 1227 2013 etsi
1263 1965 1314 2013 id
1338 1966 1511 2014 melius
1547 1973 1635 2023 est,
1675 1968 1808 2032 quod

481 2043 783 2109 splendidius
822 2051 873 2091 et
913 2043 1321 2107 magnificentius,
1371 2052 1536 2092 tamen
1576 2045 1628 2092 in
1667 2045 1809 2094 bonis

481 2122 664 2181 omnia,
701 2138 825 2186 quae
850 2138 1039 2169 summa
1063 2130 1194 2180 sunt,
1226 2121 1337 2186 jure
1362 2122 1639 2171 laudantur.
1709 2123 1808 2172 Sed

483 2201 703 2249 cavenda
722 2210 795 2249 est
809 2219 974 2266 presso
998 2202 1066 2249 illi
1087 2203 1266 2250 oratori
1290 2203 1454 2267 inopia
1478 2211 1528 2251 et
1537 2202 1772 2267 jejunitas
1793 2223 1805 2253 z

482 2280 646 2343 amplo
682 2289 866 2339 autem,
901 2282 1124 2329 inflatum
1167 2289 1216 2329 et
1252 2290 1537 2345 corruptum
1573 2283 1808 2332 orationis

480 2375 653 2423 genus.
726 2361 1017 2409 Inveniebat
1052 2361 1202 2424 igitur
1237 2369 1381 2409 acute
1408 2360 1573 2419 Cotta,
1610 2361 1808 2410 dicebat

480 2455 603 2502 pure
627 2456 685 2486 ac
721 2439 908 2487 solute:
960 2448 1010 2487 et
1044 2447 1100 2487 ut
1135 2439 1197 2487 ad
1231 2439 1562 2488 infirmitatem
1596 2439 1806 2487 laterum

482 2517 785 2581 perscienter
810 2518 1180 2567 contentionem
1213 2535 1408 2566 omnem
1433 2519 1703 2577 remiserat,
1739 2519 1809 2567 sic

484 2597 548 2645 ad
570 2597 746 2645 virium
771 2597 1160 2647 imbecillitatem
1180 2597 1379 2646 dicendi
1403 2598 1810 2646 accommodabat

482 2692 657 2739 genus.
743 2677 881 2725 Nihil
918 2685 1021 2726 erat
1055 2678 1106 2724 in
1143 2676 1245 2741 ejus
1281 2677 1500 2725 oratione
1537 2677 1629 2724 nisi
1654 2678 1808 2725 since-

483 2771 607 2812 rum,
645 2756 766 2803 nihil
790 2757 882 2804 nisi
918 2757 1119 2814 siccum,
1163 2764 1310 2820 atque
1345 2773 1550 2805 sanum:
1586 2755 1806 2819 illudque

484 2833 768 2890 maximum,
796 2834 947 2898 quod,
967 2851 1081 2883 cum
1101 2834 1421 2884 contentione
1445 2834 1676 2883 orationis
1694 2833 1806 2882 flec-

486 2916 590 2959 tere
614 2912 802 2961 animos
828 2913 1059 2977 judicum
1082 2914 1165 2963 vix
1188 2922 1371 2980 posset,
1407 2929 1502 2963 nec
1526 2912 1725 2963 omnino
1749 2927 1808 2961 eo
