2071 3508
684 349 1071 408 PART1T10NES.
1454 358 1530 412 481

200 474 315 524 dem
367 476 627 540 aequitatis
680 477 938 525 sententiis
991 483 1165 524 contra
1210 478 1533 528 acerbitatem
1606 540 1610 543 ι

196 556 456 604 verborum
493 554 877 619 deprecandum.
965 554 1050 602 Sin
1092 554 1275 619 scripta
1315 556 1444 604 inter
1480 575 1532 608 se

199 633 518 683 dissentient:
556 639 696 680 tanta
719 633 868 681 series
892 633 1008 681 artis
1035 641 1124 690 est,
1158 641 1208 682 et
1232 633 1302 683 sic
1326 634 1457 682 inter
1481 652 1532 685 se

197 720 313 761 sunt
346 711 581 777 pleraque
624 727 852 760 connexa
876 720 926 760 et
950 720 1078 777 apta,
1122 720 1194 770 ut,
1233 729 1359 778 quae
1382 714 1532 778 paulo

191 798 308 839 ante
330 798 599 857 praecepta
616 790 843 840 dedimus
868 791 1106 857 ambigui,
1128 809 1353 857 quaeque
1368 794 1533 858 proxi-

193 883 274 917 me
315 871 592 919 sententiae
630 878 682 920 et
722 871 912 936 scripti,
949 871 1124 920 eadem
1164 871 1348 921 adhoc
1370 889 1532 937 genus

193 963 370 998 causae
386 949 590 999 tertium
612 949 987 1000 transferantur.
1058 951 1187 1000 Nam
1208 952 1384 1017 quibus
1408 952 1532 1002 locis

192 1028 246 1076 in
292 1030 527 1096 ambiguo
574 1030 887 1080 defendimus
941 1048 1050 1080 eam
1098 1032 1532 1096 significationem,

193 1124 320 1172 quae
361 1125 451 1157 nos
493 1109 712 1174 adjuvat,
755 1109 941 1159 eisdem
977 1111 1028 1158 in
1055 1111 1311 1160 contrariis
1335 1111 1530 1176 legibus

191 1194 361 1236 nostra
382 1188 466 1237 lex
491 1187 806 1237 defendenda
832 1197 922 1238 est.
993 1190 1193 1238 Deinde
1218 1198 1293 1238 est
1318 1190 1531 1240 efficien-

193 1265 333 1327 dum,
367 1276 425 1316 ut
448 1268 650 1317 alterius
675 1269 843 1334 scripti
869 1269 1180 1326 sententiam,
1200 1268 1399 1318 alterius
1423 1287 1530 1319 ver-s

190 1345 255 1394 ba
279 1345 620 1396 defendamus.
692 1347 771 1395 Ita
791 1365 916 1414 quae
940 1347 1089 1396 modo
1126 1347 1188 1396 de
1213 1348 1398 1413 scripto
1422 1365 1531 1398 sen-

190 1425 446 1490 tentiaque
494 1435 760 1492 praecepta
806 1433 934 1483 sunt,
997 1425 1171 1474 eadem
1218 1426 1317 1475 huc
1364 1428 1531 1476 omnia

188 1504 556 1554 transferemus.

257 1584 528 1649 Expositae
566 1591 682 1633 sunt
721 1584 812 1633 tibi
848 1600 1019 1633 omnes
1043 1585 1284 1635 oratoriae
1307 1585 1530 1651 partitio·
1560 1570 1668 1630 41..

190 1680 297 1723 nes,
323 1679 449 1728 quae
474 1662 674 1727 quidem
701 1679 727 1710 e
763 1662 927 1711 media
950 1661 1034 1710 illa
1057 1670 1225 1711 nostra
1251 1664 1529 1715 Academia

188 1741 496 1791 floruerunt:
533 1756 696 1805 neque
739 1739 843 1788 sine
879 1756 938 1788 ea
972 1748 1059 1788 aut
1081 1741 1311 1803 inveniri,
1347 1747 1529 1795 autin-

189 1821 369 1887 telligi,
417 1827 504 1868 aut
541 1819 742 1867 tractari
781 1826 1003 1884 possunt.
1097 1820 1229 1868 Nam
1271 1829 1323 1871 et
1357 1825 1528 1889 partiri

188 1903 370 1968 ipsum,
407 1908 458 1949 et
494 1899 718 1958 definire,
754 1906 804 1946 et
839 1898 1059 1964 ambigui
1091 1901 1383 1966 partitiones
1408 1905 1531 1954 divi*

191 1981 329 2039 dere,
371 1986 422 2029 et
461 1986 867 2043 argumentorum
907 1976 1045 2028 locos
1085 1995 1244 2038 nosse,
1297 1990 1347 2031 et
1385 2000 1530 2049 argu-

188 2059 546 2109 mentationem
570 2057 725 2123 ipsam
751 2057 1071 2118 concludere,
1104 2068 1155 2109 et
1177 2060 1361 2120 videre,
1401 2082 1527 2129 quae

191 2139 431 2189 sumenda
454 2139 505 2186 in
531 2137 926 2203 argumentando
962 2138 1077 2198 sint,
1119 2141 1337 2207 quidque
1364 2160 1426 2192 ex
1450 2146 1527 2207 iis,

191 2236 318 2286 quae
355 2226 552 2284 sumpta
593 2226 725 2276 sunt,
762 2216 1021 2278 efficiatur,
1063 2226 1113 2268 et
1153 2237 1268 2269 vera
1310 2240 1339 2270 a
1373 2223 1523 2284 falsis,

185 2298 468 2349 verisimilia
491 2299 551 2347 ab
575 2296 947 2347 incredibilibus
983 2297 1254 2363 dijudicare
1279 2310 1330 2351 et
1354 2303 1526 2355 distin„

185 2396 360 2446 gnere,
401 2386 453 2427 et
489 2386 575 2426 aut
598 2377 725 2426 male
750 2386 961 2443 sumpta,
1001 2387 1088 2427 aut
1127 2380 1255 2430 male
1291 2385 1527 2435 conclusa

187 2458 570 2526 reprehendere,
611 2465 662 2506 et
704 2457 878 2506 eadem
914 2457 994 2506 vel
1031 2469 1241 2524 anguste
1267 2461 1526 2526 disserere,

188 2548 248 2589 ut
287 2538 536 2587 dialectici
576 2537 659 2603 qui
684 2537 1012 2602 appellantur,
1046 2539 1145 2598 vel,
1181 2547 1238 2588 ut
1278 2550 1525 2594 oratorem

189 2620 351 2675 decet,
401 2617 500 2666 late
542 2616 848 2682 exprimere:
896 2616 1026 2666 illius
1067 2620 1435 2671 exercitationis
1474 2633 1525 2673 et

188 2697 434 2747 subtiliter
453 2695 756 2761 disputandi,
775 2703 825 2744 et
842 2696 1039 2761 copiose
1065 2697 1266 2747 dicendi
1290 2702 1406 2750 artis
1431 2711 1523 2753 est.

189 2777 272 2827 De
295 2777 437 2826 bonis
461 2792 579 2825 vero
603 2776 763 2832 rehu&
802 2783 853 2823 et
877 2774 1046 2836 malis;
1086 2777 1272 2841 aequis,
1307 2779 1520 2845 iniquis3

141 2924 144 2925 ⁷
185 2856 408 2918 utilibus,
453 2855 710 2907 inutilibus
730 2875 744 2918 3
793 2853 1031 2916 lionestiS‚
1066 2856 1323 2923 turpibus3
1376 2876 1522 2926 quam

1093 2952 1131 2986 H
1155 2936 1187 2985 h
