2071 3508
759 367 926 406 LIBER
956 367 1179 409 PRIMUS.
1583 373 1635 413 79

368 479 518 539 Quod
539 492 655 526 vero
678 471 1038 540 imp’udentiam
1071 475 1339 524 admiratus
1375 493 1427 525 es
1463 494 1632 526 eorum
1649 478 1754 539 56,

298 569 628 624 patronorum,
691 555 774 619 qui
832 562 936 614 aut,
996 571 1110 603 cum
1168 571 1318 620 parva
1365 557 1760 618 nescirent,237,

299 651 475 700 magna
498 633 880 699 profiterentur3
921 641 1007 681 aut
1049 650 1125 692 ea,
1165 650 1290 698 quae
1324 634 1543 682 maxima
1564 652 1634 684 es-

296 722 406 762 sent
438 714 490 761 in
510 712 623 777 jure
655 712 802 769 civili,
841 720 1054 760 tractare
1091 713 1333 762 auderent
1368 714 1419 761 in
1457 715 1637 775 causis,

295 809 408 842 cum
434 809 492 841 ea
526 792 793 851 nescirent,
830 808 1183 856 nunquamque
1221 793 1546 853 didicissent3
1581 812 1633 842 u-

290 872 511 937 triusque
535 871 605 919 rei
628 870 787 919 facilis
813 880 887 920 est
912 880 962 919 et
986 881 1181 936 promta
1207 871 1447 920 defensio.
1502 873 1632 921 Nam

290 967 453 1016 neque
494 950 618 999 illud
661 958 735 999 est
776 950 1075 1010 mirandum,
1116 952 1219 1016 qui,
1257 951 1434 1015 quibus
1469 953 1631 1000 verbis

291 1030 504 1079 coemtio
527 1029 626 1087 fiat,
648 1029 857 1089 nesciat,
879 1030 1095 1079 eundem
1116 1030 1219 1095 ejus
1246 1030 1482 1090 mulieris,
1504 1049 1631 1096 quae

292 1109 621 1158 coemtionem
661 1108 857 1168 fecerit,
896 1126 1094 1157 causam
1136 1127 1279 1174 posse
1320 1109 1629 1159 defendere:

292 1203 385 1237 nec
410 1188 448 1236 si
472 1188 609 1253 parvi
634 1187 819 1252 navigii
861 1195 912 1235 et
953 1189 1120 1252 magni
1161 1189 1334 1237 eadem
1368 1198 1441 1238 est
1465 1189 1516 1236 in
1540 1207 1631 1254 gu-

290 1267 546 1316 bernando
592 1267 815 1325 scientia,
863 1265 1051 1314 idcirco
1093 1267 1197 1331 qui,
1245 1268 1421 1331 quibus
1468 1269 1630 1317 verbis

291 1354 483 1394 erctum
509 1345 628 1394 cieri
653 1352 896 1410 oporteat,
936 1345 1144 1404 nesciat,
1182 1346 1315 1393 idem
1346 1347 1630 1396 herciscun-

290 1424 382 1473 dae
423 1424 637 1473 familiae
680 1440 877 1472 causam
917 1441 1063 1488 agere
1100 1441 1201 1472 non
1236 1426 1405 1489 possit.
1478 1426 1624 1485 Nam,
1643 1441 1755 1482 238.

289 1503 423 1567 quod
447 1504 684 1552 maximas
710 1503 1090 1551 centumvirales
1117 1521 1288 1552 causas
1325 1505 1376 1552 in
1404 1504 1518 1569 jure
1542 1524 1628 1571 po-

287 1582 401 1630 sitas
424 1581 707 1647 protulisti3
748 1597 873 1646 quae
909 1582 1114 1631 tandem
1147 1600 1315 1631 earum
1342 1601 1489 1633 causa
1512 1585 1628 1647 fuit,

286 1677 411 1725 quae
449 1662 509 1710 ab
548 1660 748 1709 homine
788 1660 1056 1726 eloquenti,
1085 1661 1210 1726 juris
1247 1664 1492 1729 imperito,
1525 1682 1627 1714 non

284 1740 591 1789 ornatissime
638 1742 859 1805 potuerit
906 1741 1042 1790 dici?
1103 1743 1279 1806 quibus
1327 1745 1529 1809 quidem
1575 1746 1628 1794 in

285 1821 443 1869 causis
469 1820 716 1880 omnibus,
743 1821 872 1870 sicut
895 1822 947 1869 in
972 1822 1077 1886 ipsa
1104 1821 1178 1870 M.
1208 1823 1365 1884 Curii,
1391 1842 1517 1889 quae
1541 1826 1627 1874 abs

282 1908 334 1949 te
359 1916 518 1965 nuper
543 1908 617 1947 est
642 1899 797 1959 dicta,
817 1908 868 1948 et
892 1900 943 1947 in
970 1900 1028 1949 C.
1051 1900 1236 1949 Hostili
1258 1902 1485 1951 Mancini
1512 1921 1627 1953 con-

284 1979 539 2038 troversia,
565 1986 713 2043 atque
745 1979 797 2026 in
823 1996 882 2028 eo
906 1996 1081 2043 puero,
1107 1981 1190 2044 qui
1216 1998 1278 2029 ex
1303 1980 1457 2031 altera
1481 1991 1627 2032 natus

283 2067 389 2108 erat
428 2074 602 2117 uxore,
640 2074 741 2106 non
779 2059 982 2106 remisso
1023 2060 1202 2108 nuntio
1237 2061 1494 2126 superiori,
1529 2061 1626 2111 fuit

282 2138 413 2186 inter
449 2137 769 2203 peritissimos
806 2136 1031 2186 homines
1069 2155 1260 2188 summa
1296 2139 1358 2189 de
1384 2140 1498 2205 jure
1530 2141 1624 2190 djs-

284 2217 461 2268 sensio,
534 2216 734 2274 Quaero
759 2217 926 2281 igitur,
963 2218 1083 2282 quid
1107 2218 1352 2283 adjuverit
1376 2228 1621 2270 oratorem
1637 2229 1749 2274 239.

282 2299 335 2347 in
358 2298 433 2346 his
462 2296 619 2346 causis
635 2296 760 2361 juris
787 2296 1011 2356 scientia,
1052 2314 1166 2346 cum
1202 2298 1284 2347 hic
1301 2298 1622 2364 jurisconsul-

282 2386 363 2428 tus
387 2377 608 2443 superior
630 2375 783 2425 fuerit
807 2376 1125 2434 discessurus,
1147 2378 1232 2442 qui
1257 2388 1385 2427 esset
1408 2396 1509 2428 non
1534 2398 1623 2431 suo

282 2457 509 2517 artificio,
548 2456 636 2506 sed
660 2455 836 2513 alieno,
877 2456 973 2506 hoc
999 2465 1092 2517 est,
1130 2473 1230 2506 non
1247 2456 1373 2522 juris
1399 2460 1621 2518 scientia,

282 2538 372 2587 sed
396 2536 679 2601 eloquentia
703 2544 1021 2585 sustentatus.
1082 2536 1329 2601 Equidem
1354 2538 1450 2586 hoc
1476 2555 1623 2603 saepe

283 2616 468 2675 audivi,
495 2632 608 2664 cum
633 2614 937 2664 aedilitatem
957 2615 1011 2663 P.
1034 2616 1235 2664 Crassus
1250 2625 1462 2681 peteret,
1489 2634 1622 2665 eum-

284 2713 381 2762 que
406 2694 560 2759 major
584 2703 720 2751 nam,
749 2695 897 2743 etiam
924 2694 1209 2754 consularis,
1236 2696 1338 2744 Ser.
1365 2695 1528 2745 Galba
1552 2714 1623 2746 as-

285 2782 577 2835 sectaretur,
616 2773 750 2839 quod
792 2774 953 2823 Crassi
993 2773 1141 2822 filiam
1180 2773 1238 2822 C.
1277 2763 1376 2823 filio
1413 2793 1500 2823 suo
1539 2776 1623 2826 de-

286 2854 585 2920 spondisset,
633 2855 895 2906 accessisse
943 2854 1007 2906 ad
1053 2854 1283 2905 Crassum
1332 2855 1623 2908 consulendi
