2071 3508
740 812 1444 874 ANNOTATIONES

1085 1024 1132 1050 IN

623 1195 1045 1247 ORATORIAS
1082 1196 1583 1247 PARTITIONES.

502 1590 595 1640 Pag.
615 1591 708 1627 434.
739 1587 804 1625 lin.
828 1589 887 1628 17.
955 1587 1161 1638 qzcczesita.]
1234 1587 1413 1638 Intellige
1452 1599 1551 1639 quae
1586 1600 1656 1639 per
1686 1594 1778 1633 tora,

447 1663 577 1694 menta
596 1666 778 1705 expressa
796 1660 897 1691 sunt.

501 1722 595 1772 Pag.
615 1723 706 1759 436.
735 1719 800 1756 lin.
822 1722 858 1757 3.
905 1718 1104 1771 proprium
1133 1717 1242 1756 habet
1262 1732 1306 1756 ex
1325 1733 1366 1757 eo
1385 1721 1553 1769 nomem]
1616 1720 1767 1771 Nempe

447 1796 491 1826 ut
510 1789 661 1826 dicatur
680 1785 902 1831 ἐπιδεικτικὸν,
922 1785 961 1822 in
982 1798 1058 1835 quo
1078 1797 1156 1822 non
1189 1785 1466 1823 demonstratio
1485 1785 1634 1836 vulgari
1653 1798 1768 1824 sensu

446 1854 686 1904 intelligitur,
716 1852 784 1890 sed
804 1851 1009 1889 ostentatio
1037 1850 1181 1901 ingenii
1212 1851 1262 1888 ad.
1289 1851 1534 1902 placendum,
1560 1854 1630 1890 ὅτε.
1665 1851 1769 1890 unde

448 1920 700 1959 exornationis
719 1932 842 1970 genus
860 1918 937 1956 hoc
955 1918 1042 1955 loco
1063 1917 1215 1955 dicitur.
1274 1917 1511 1955 ERNESTUS.

504 1987 597 2037 Pag.
617 1988 708 2027 437.
736 1985 801 2022 lin.
830 1987 894 2023 29.
949 1997 1046 2035 quae
1079 1983 1292 2036 signfficata
1325 1989 1413 2021 sunt
1443 1983 1589 2033 sensu]
1650 1982 1772 2021 Intel-

448 2052 526 2104 ligo
541 2068 549 2097 ;
578 2064 675 2102 quae
690 2051 859 2088 indicata
873 2056 913 2087 et
926 2049 1170 2100 suppeditata
1188 2056 1277 2087 sunt
1295 2062 1364 2100 per
1384 2062 1536 2087 sensum
1556 2061 1609 2086 sc.
1627 2061 1771 2097 rerum,

450 2120 499 2157 de
519 2119 656 2170 quibus
674 2117 828 2169 proprie
848 2116 1043 2162 dicuntur,
1075 2115 1179 2153 facta
1198 2129 1249 2154 ex
1267 2128 1393 2154 sensu.
1450 2115 1551 2153 Mox
1580 2115 1771 2167 adjunctio

450 2185 643 2223 verborum
691 2190 762 2229 est,
810 2195 925 2234 quam
964 2181 1215 2220 Grammatici
1261 2181 1396 2219 dicunt
1442 2181 1770 2233 compositionem.

450 2252 576 2290 IDEM.

507 2318 600 2367 Pag.
621 2320 712 2355 440.
738 2316 804 2353 lin.
828 2317 888 2356 17.
943 2314 986 2352 id
998 2313 1213 2366 genus—in
1233 2313 1517 2351 commutatione
1535 2313 1766 2365 verborum]

453 2384 552 2427 Quia
570 2384 610 2421 in
629 2383 703 2420 hoc
722 2383 809 2420 loco
829 2382 957 2433 plures
976 2381 1080 2418 modi
1099 2379 1282 2431 loquendi
1311 2387 1400 2417 sunt
1418 2379 1621 2425 rhetorici;
1649 2380 1715 2431 qui
1732 2380 1774 2418 in

450 2450 587 2489 libellis
607 2449 827 2500 vulgaribus
855 2461 900 2486 ac
919 2447 1135 2499 praeceptis
1161 2446 1209 2484 de
1229 2446 1415 2493 oratione,
1435 2445 1527 2492 sive,
1547 2452 1590 2483 ut
1608 2446 1773 2497 loquun-

450 2525 527 2564 tur,
556 2517 604 2555 de
630 2517 731 2563 stilo,
752 2529 830 2554 non
849 2522 1084 2566 usurpantur
1104 2520 1170 2551 aut
1197 2513 1467 2564 explanantur,
1497 2512 1775 2563 explicabimus

452 2584 613 2635 singula,
647 2583 686 2619 in
709 2582 845 2633 quibus
873 2582 1034 2619 haerere
1062 2579 1222 2617 studiosi
1247 2579 1406 2630 possint.
1462 2578 1633 2616 Primum
1657 2579 1776 2630 igitur

451 2651 561 2689 verba
581 2649 730 2703 singula
750 2649 789 2686 in
804 2649 914 2700 plura
930 2647 1177 2692 diducuntur,
1193 2659 1263 2697 per
1282 2645 1560 2698 synonymiam,
1578 2645 1776 2697 perIphra·

451 2718 524 2764 sin,
552 2716 755 2754 formulam
775 2716 992 2760 verborum,
1015 2726 1128 2764 quam
1147 2726 1241 2750 mox
1259 2712 1464 2751 orationem
1485 2712 1592 2757 dicit,
1625 2719 1668 2750 ut
1686 2725 1776 2751 cum

451 2796 522 2834 pro
557 2783 652 2822 mori
687 2780 1104 2833 dicitu1·‚fatofungi,
1135 2780 1231 2818 diem
1260 2779 1375 2826 obire,
1399 2793 1423 2817 e
1449 2784 1642 2831 conspectu
1660 2779 1776 2818 disce-

453 2850 555 2897 dere,
583 2853 652 2888 ἃς.
707 2849 880 2887 Verbum
891 2849 1047 2900 sactum
1070 2853 1129 2886 est
1148 2845 1415 2898 compositum.
1474 2845 1656 2884 Oratione
1683 2858 1776 2884 con-
