2071 3508
732 407 898 444 LIBER
928 407 1150 446 PRIMUS.
1556 415 1608 451 25

287 514 569 579 Apollonio,
600 530 675 573 ea,
700 530 824 578 quae
849 532 877 562 a
903 515 1137 564 Panaetio
1162 531 1467 580 acceperam,
1493 534 1608 566 con-

284 592 533 651 tulissem
578 592 724 640 irrisit
765 592 845 640 ille
893 594 1112 657 quidem,
1158 602 1214 641 ut
1255 594 1458 654 solebat,
1503 597 1609 660 phi-

281 669 570 734 losophiam,
606 678 754 735 atque
780 672 1062 731 contemsit,
1098 672 1349 737 multaque
1375 690 1473 720 non
1509 682 1609 722 tam

281 750 496 813 graviter
538 750 682 808 dixit,
724 766 869 814 quam
908 749 1085 798 facete.
1163 751 1274 799 Tua
1311 759 1477 799 autem
1514 752 1612 801 fuit

281 828 437 876 oratio
454 828 712 893 ejusmodi,
731 845 830 876 non
855 838 912 877 ut
935 829 1084 876 ullam
1101 838 1255 878 artem
1273 831 1610 880 doctrinamve

282 916 643 967 contemneres,
664 907 751 956 sed
769 916 825 956 ut
844 925 1031 968 omnes,
1058 910 1262 958 comites
1285 927 1342 958 ac
1368 910 1611 959 ministras
1654 937 1658 940 -

280 987 484 1035 oratoris
509 1004 613 1036 esse
639 987 844 1036 diceres.
905 988 1040 1045 Quas
1066 1005 1178 1053 ego,
1204 989 1242 1036 si
1268 989 1374 1053 quis
1400 990 1462 1037 sit
1485 1006 1610 1038 unus
1643 992 1720 1037 76.

282 1065 567 1131 complexus
591 1082 779 1124 omnes,
804 1066 1035 1131 idemque
1061 1067 1099 1115 si
1124 1068 1187 1115 ad
1219 1084 1299 1116 eas
1322 1067 1613 1117 facultatem

281 1144 423 1192 istam
471 1145 808 1193 ornatissimae
861 1146 1094 1194 orationis
1141 1145 1422 1210 adjunxerit
1443 1168 1455 1207 3
1511 1165 1614 1196 non¹

281 1239 479 1288 possum
523 1224 706 1283 dicere,
763 1241 875 1272 eum
923 1241 1023 1273 non
1066 1225 1320 1289 egregium
1364 1227 1611 1289 quendam

282 1301 550 1361 hominem,
586 1311 733 1366 atque
769 1302 1110 1350 admirandum
1147 1303 1268 1351 fore.
1340 1303 1437 1351 Sed
1476 1305 1535 1363 is,
1574 1305 1613 1352 si

283 1382 367 1445 qui
392 1390 536 1440 esset,
573 1390 658 1429 aut
689 1381 727 1429 si
752 1381 900 1429 etiam
924 1398 1140 1445 unquam
1164 1381 1355 1439 fuisset,
1381 1390 1465 1429 aut
1496 1399 1614 1431 vero

282 1460 321 1507 si
363 1478 466 1508 esse
508 1468 690 1524 posset,
738 1467 793 1507 tu
832 1475 960 1507 esses
1001 1475 1128 1506 unus
1162 1458 1406 1524 profecto,
1443 1460 1526 1524 qui
1563 1468 1615 1509 et

282 1554 395 1586 meo
437 1538 648 1602 judicio,
697 1546 748 1586 et
794 1537 1032 1596 omnium,
1079 1538 1163 1585 vix
1209 1538 1358 1586 ullam
1406 1539 1613 1587 caeteris

280 1618 553 1665 oratoribus
595 1619 741 1682 (pace
782 1616 958 1664 horum
1001 1616 1234 1678 dixerim)
1270 1617 1468 1666 laudem
1504 1618 1612 1666 reli-

280 1696 443 1760 quisti.
499 1696 687 1744 Verum
713 1696 751 1743 si
770 1696 860 1744 tibi
884 1695 976 1759 ipsi
994 1695 1115 1742 nihil
1135 1696 1292 1755 deest,
1308 1697 1441 1760 quod
1464 1697 1514 1744 in
1539 1697 1611 1745 fo·
1642 1707 1723 1754 77.

278 1774 501 1825 rensibus
525 1776 687 1834 rebus,
714 1775 1035 1840 civilibusque
1059 1782 1299 1834 versetur,
1318 1776 1436 1840 quin
1455 1776 1608 1837 scias3

279 1870 441 1921 neque
467 1871 573 1903 eam
597 1862 764 1903 tamen
790 1854 1066 1912 scientiam,
1086 1871 1230 1918 quam
1257 1854 1483 1920 adjungis
1507 1872 1612 1903 ora-

277 1935 391 1994 tori,
418 1933 705 1998 complexus
725 1951 774 1982 es
797 1955 809 1993 ;
848 1932 1120 1992 videamus,
1139 1950 1202 1981 ne
1221 1933 1330 1998 plus
1355 1934 1400 1982 ei
1424 1934 1610 1983 tribuas

279 2030 427 2078 quam
453 2031 529 2061 res
555 2021 606 2060 et
629 2014 808 2061 veritas
833 2013 937 2076 ipsa
962 2013 1222 2061 concedat.

337 2093 438 2141 Hic
459 2093 678 2150 Crassus,
701 2091 978 2151 Memento,
997 2091 1175 2155 inquit,
1191 2109 1269 2140 me
1285 2108 1385 2140 non
1405 2092 1466 2141 de
1482 2108 1611 2151 mea,
1643 2109 1722 2155 78,

281 2173 368 2221 sed
406 2172 467 2220 de
507 2171 709 2220 oratoris
754 2170 992 2219 facultate
1040 2170 1234 2218 dixisse.
1308 2171 1444 2228 Quid
1480 2172 1611 2219 enim

280 2267 369 2299 nos
407 2259 492 2299 aut
522 2250 802 2308 didicimus,
838 2258 922 2297 aut
947 2249 1070 2297 scire
1094 2250 1364 2314 potuimus,
1389 2251 1471 2315 qui
1496 2258 1612 2299 ante

280 2330 344 2379 ad
368 2330 636 2395 agendum,
663 2345 809 2393 quam
835 2329 898 2377 ad
923 2329 1325 2392 cognoscendum
1350 2330 1572 2378 venimus
1593 2331 1610 2378 ?

280 2425 404 2473 quos
438 2409 491 2455 in
525 2407 652 2466 foro,
683 2425 803 2471 quos
828 2408 878 2454 in
904 2408 1190 2467 ambitione,
1216 2425 1336 2472 quos
1361 2408 1411 2455 in
1437 2410 1611 2472 repub-

279 2487 376 2536 lica
400 2504 521 2551 quos
540 2488 589 2534 in
610 2486 878 2535 amicorum
898 2487 1110 2550 negotiis
1134 2503 1210 2534 res
1234 2487 1337 2551 ipsa
1355 2496 1469 2535 ante
1496 2503 1611 2534 con-

281 2566 422 2624 fecit,
447 2582 593 2629 quam
616 2582 870 2630 possemus
894 2565 1079 2629 aliquid
1104 2565 1165 2613 de
1190 2567 1335 2613 rebus
1361 2566 1509 2613 tantis
1534 2583 1610 2613 su-

283 2645 475 2710 spicari.
510 2644 660 2701 Quod
680 2645 717 2692 si
738 2645 826 2692 tibi
843 2645 1100 2692 tantumin
1118 2645 1256 2692 nobis
1275 2645 1608 2705 videturesse,
1642 2656 1720 2701 79,

283 2724 460 2789 quibus
485 2723 673 2772 etiamsi
699 2723 973 2789 ingenium,
992 2732 1048 2770 ut
1071 2731 1126 2770 tu
1149 2732 1311 2787 putas,
1337 2740 1435 2771 non
1461 2727 1611 2772 maxi-

283 2820 363 2851 me
389 2802 567 2862 defuit,
605 2803 831 2852 doctrina
863 2811 1016 2862 certe,
1053 2810 1103 2851 et
1127 2803 1301 2862 otium,
1338 2813 1387 2852 et
1412 2804 1612 2854 hercule

286 2882 432 2930 etiam
458 2882 675 2931 studium
699 2882 823 2932 illud
847 2882 1070 2932 discendi
1100 2882 1389 2932 acerrimum
1417 2883 1609 2946 defuit3
