2071 3508
361 1609 458 1667 11.

497 405 576 443 320
993 404 1068 443 DE
1100 403 1299 443 CLARIS

497 510 663 564 seculo
687 510 1044 560 Themistocles
1062 512 1312 560 insecutus
1338 518 1436 570 est;
1473 517 1530 559 ut
1553 510 1685 576 apud
1707 526 1817 571 nos,

495 590 843 654 perantiquus;
876 600 931 639 ut
955 591 1085 655 apud
1112 591 1460 649 Athenienses,
1486 606 1584 638 non
1608 590 1677 637 ita
1702 605 1817 637 sane

496 676 652 715 vetus.
723 670 836 716 Fuit
861 670 990 717 enim
1015 678 1253 733 regnante
1269 667 1373 732 jam
1399 668 1628 727 Graecia,
1653 675 1821 716 nostra

497 753 658 792 autem
700 746 897 793 civitate
940 763 1036 793 non
1075 746 1142 793 ita
1176 746 1366 809 pridem
1404 745 1657 794 dominatu
1680 745 1819 810 regio

495 822 713 871 liberata.
784 824 912 872 Nam
953 823 1136 871 bellum
1173 823 1465 871 Volscorum
1494 823 1617 871 illud
1639 823 1819 888 gravis-

496 901 689 959 simum,
744 902 823 949 cui
865 901 1151 949 Coriolanus
1194 901 1307 949 exul
1348 901 1590 960 interfuit,
1643 902 1819 951 eodem

494 977 596 1026 fere
622 989 862 1043 tempore,
903 997 999 1043 quo
1027 981 1280 1027 Persarum
1303 979 1507 1038 bellum,
1542 979 1656 1038 fuit,
1692 979 1821 1027 simi-

494 1056 649 1120 lisque
675 1057 872 1106 fortuna
898 1059 1137 1107 clarorum
1157 1060 1395 1107 virorum:
1423 1059 1664 1122 siquidem
1689 1065 1820 1107 uter-

496 1151 606 1198 que,
647 1153 759 1183 cum
798 1137 917 1184 civis
958 1138 1185 1200 egregius
1222 1137 1412 1195 fuisset,
1448 1137 1616 1201 popuJi
1640 1136 1821 1201 ingrati

492 1213 661 1276 pulsus
702 1214 894 1277 injuria,
930 1232 979 1262 se
1022 1215 1085 1262 ad
1108 1215 1272 1262 hostes
1306 1214 1530 1270 contulit,
1568 1222 1822 1262 conatum-

495 1308 590 1354 que
629 1291 911 1341 iracundiae
950 1310 1064 1340 suae
1103 1301 1261 1340 morte
1301 1292 1505 1340 sedavit.
1575 1292 1706 1339 Nam
1728 1292 1823 1340 etsi

496 1369 635 1417 aliter
677 1379 751 1418 est
791 1371 922 1435 apud
958 1380 1027 1430 te,
1067 1371 1253 1428 Attice,
1293 1371 1354 1418 de
1392 1369 1668 1427 Coriolano,
1707 1386 1824 1418 con-

497 1448 619 1495 cede
644 1457 828 1508 tamen,
870 1458 925 1498 ut
948 1450 1064 1499 huic
1088 1451 1259 1514 generi
1283 1450 1451 1498 mortis
1475 1449 1638 1514 potius
1663 1465 1822 1497 assen-

495 1525 603 1574 tiar.

563 1604 636 1652 At
675 1605 755 1653 ille
788 1606 970 1665 ridens,
1008 1607 1119 1655 Tuo
1157 1624 1292 1665 vero,
1334 1606 1511 1670 inquit,
1548 1605 1819 1654 arbitratu:

495 1683 725 1746 quoniam
743 1685 939 1747 quidem
958 1701 1245 1733 concessum
1263 1694 1336 1732 est
1360 1684 1634 1732 rhetoribus
1660 1699 1823 1732 emen·

494 1761 575 1808 tiri
612 1762 662 1808 in
700 1762 926 1819 historiis,
970 1771 1027 1810 ut
1049 1763 1234 1826 aliquid
1259 1763 1423 1811 dicere
1458 1762 1645 1826 possint
1680 1778 1822 1826 argu-

497 1839 606 1886 tius.
678 1841 749 1889 Ut
773 1842 903 1889 enim
929 1849 984 1888 tu
1008 1858 1140 1889 nunc
1161 1841 1223 1890 de
1249 1841 1528 1899 Coriolano,
1553 1841 1621 1888 sic
1648 1840 1821 1889 Clitar-

497 1917 635 1977 chus,
656 1919 725 1967 sic
751 1919 1016 1969 Stratocles
1036 1920 1098 1967 de
1115 1919 1449 1968 Themistocle
1465 1919 1623 1967 finxit.
1672 1920 1822 1980 Nam,

497 2013 642 2060 quem
685 1997 1022 2063 Thucydides,
1061 1999 1143 2062 qui
1183 2007 1233 2052 et
1269 1998 1588 2047 Atheniensis
1613 2006 1733 2055 erat,
1770 2006 1824 2048 et

497 2092 686 2124 summo
723 2077 833 2126 loco
875 2086 1033 2133 natus,
1088 2094 1403 2141 summusque
1442 2078 1530 2134 vir,
1585 2084 1636 2126 et
1673 2076 1823 2142 paulo

495 2163 655 2202 aetate
695 2157 952 2219 posterior,
993 2164 1185 2204 tantum
1224 2164 1470 2205 mortuum
1513 2156 1724 2221 scripsit,
1770 2164 1823 2206 et

496 2232 546 2278 in
591 2233 763 2280 Attica
804 2234 929 2281 clam
970 2234 1260 2293 humatum3
1299 2234 1508 2292 addidit,
1548 2233 1697 2283 fuisse
1721 2251 1822 2284 sus-

494 2310 744 2373 picionem
768 2328 960 2361 veneno
985 2312 1075 2360 sibi
1100 2313 1393 2364 conscivisse
1417 2322 1625 2361 mortem
1647 2331 1659 2360 ε
1685 2314 1820 2363 hunc

495 2387 574 2435 isti
599 2389 754 2447 aiunt,
792 2407 904 2437 cum
939 2398 1134 2438 taurum
1166 2391 1532 2449 immolavisset,
1567 2392 1820 2456 excepisse

497 2468 783 2531 sanguinem
809 2478 996 2533 patera,
1034 2476 1083 2517 et
1120 2485 1179 2516 eo
1202 2477 1340 2533 poto,
1381 2478 1629 2518 mortuum
1654 2471 1820 2522 conci-

497 2544 639 2594 disse.
712 2546 859 2594 Hanc
885 2547 1015 2595 enim
1040 2556 1247 2595 mortem
1284 2547 1528 2596 rhetorice
1556 2556 1607 2597 et
1630 2548 1819 2614 tragice

496 2641 669 2674 ornare
714 2634 1015 2690 potuerunt:
1074 2626 1156 2674 illa
1201 2643 1330 2674 mors
1374 2626 1588 2691 vulgaris
1633 2626 1817 2683 nullam

493 2706 761 2768 praebebat
795 2706 1047 2754 materiem
1083 2706 1145 2753 ad
1168 2714 1410 2754 ornatum.
1481 2707 1662 2764 Quare,
1700 2722 1817 2772 quo-

496 2783 628 2831 niam
668 2784 758 2832 tibi
798 2784 867 2832 ita
902 2784 1125 2850 quadrat,
1162 2785 1326 2834 omnia
1347 2784 1495 2834 fuisse
1518 2785 1570 2834 in
1594 2784 1816 2840 Themis-

495 2861 628 2913 tocle
650 2863 786 2929 paria
826 2871 877 2913 et
912 2864 1191 2926 Coriolano,
1225 2873 1443 2931 pateram
1468 2881 1662 2931 quoque
1684 2880 1715 2915 a
1735 2878 1815 2917 me
