2071 3508
447 451 524 492 378
953 447 1030 486 DE
1059 445 1258 488 CLARIS

445 556 539 609 lius
563 556 753 621 scripsit
778 556 955 605 Cottae
986 564 1178 620 rogatu.
1247 554 1362 602 Fuit
1392 554 1431 601 is
1472 554 1671 602 omnino
1694 554 1767 601 vir

445 636 693 700 egregius,
730 643 780 683 et
805 652 952 700 eques
978 636 1232 682 Romanus
1268 649 1382 681 cum
1406 632 1573 696 primis
1595 632 1770 681 hones-

449 722 547 774 tus,
581 714 810 778 idemque
846 714 1198 762 eruditissimus
1234 720 1285 761 et
1309 712 1515 760 Graecis
1536 711 1690 760 literis
1720 717 1771 758 et

450 792 673 847 Latinis:
712 793 1111 858 antiquitatisque
1152 800 1346 840 nostrae
1388 799 1438 839 et
1471 791 1521 838 in
1559 789 1772 839 inventis

451 872 614 930 rebUS,
651 879 700 919 et
734 871 785 918 in
809 871 945 927 actis,
984 870 1372 934 scriptorumque
1406 877 1629 917 veterum
1665 866 1773 915 lite-

450 958 556 998 rate
580 951 781 1014 peritus.
853 950 1014 1006 Quam
1045 949 1299 997 scientiam
1324 948 1482 997 Varro
1506 955 1671 996 noster
1695 963 1775 994 ac-

455 1036 646 1092 ceptam
673 1031 732 1077 ab
757 1028 859 1087 illo,
895 1036 1187 1092 auctamque
1210 1044 1298 1092 per
1322 1043 1445 1086 sese,
1478 1027 1552 1075 vir
1575 1025 1776 1091 ingenio

453 1116 723 1171 praestans,
758 1106 989 1169 omnique
1031 1106 1269 1163 doctrina,
1306 1106 1525 1170 pluribus
1561 1114 1614 1154 et
1646 1105 1777 1153 iUus-

453 1186 685 1233 trioribus
725 1185 877 1232 literis
919 1183 1198 1248 explicavit.
1276 1184 1374 1232 Sed
1410 1184 1543 1232 idem
1585 1182 1778 1242 Aelius,

395 1325 400 1329 .
458 1264 652 1312 Stoicus
676 1279 780 1311 esse
814 1262 1003 1322 voluit3
1048 1270 1210 1310 orator
1250 1269 1415 1310 autem
1455 1278 1550 1310 nec
1592 1260 1781 1309 studuit

327 2116 432 2176 57.

458 1358 694 1405 unquam,
729 1358 822 1389 nec
845 1341 956 1389 fuit.
1027 1340 1281 1390 Scribebat
1314 1348 1480 1389 tamen
1518 1339 1778 1395 orationes,

459 1438 579 1485 quas
621 1421 701 1469 alii
739 1421 990 1481 dicerent3
1035 1429 1092 1468 ut
1133 1421 1195 1478 Q.
1238 1419 1447 1468 Metello
1483 1419 1600 1478 filio,
1633 1425 1692 1466 ut
1716 1418 1780 1475 Q.

461 1500 718 1564 Caepioni,
754 1508 809 1547 ut
851 1501 915 1557 Q.
955 1501 1189 1565 Pompeio
1229 1499 1398 1547 Rufo:
1441 1513 1719 1563 quanquam
1742 1498 1784 1546 is

463 1579 609 1626 etiam
647 1579 750 1643 ipse
792 1579 983 1643 scripsit
1006 1596 1104 1637 eas,
1146 1579 1320 1643 quibus
1354 1594 1443 1643 pro
1478 1594 1529 1626 se
1551 1584 1628 1625 -est
1651 1593 1785 1636 usus,

464 1657 552 1704 sed
592 1673 691 1704 non
727 1657 830 1704 sine
868 1657 1029 1705 Aelio.
1109 1657 1202 1704 His
1239 1657 1370 1704 enim
1407 1655 1598 1720 scriptis
1635 1656 1784 1703 etiam

463 1736 567 1799 ipse
592 1735 811 1793 interfui,
847 1752 960 1785 cum
992 1752 1151 1783 essem
1187 1735 1318 1799 apud
1360 1734 1559 1782 Aelium
1600 1731 1787 1781 adoles-

465 1829 599 1871 cens,
620 1828 830 1876 eumque
856 1812 1023 1860 audire
1047 1812 1353 1877 perstudiose
1378 1811 1599 1859 solerem.
1670 1810 1786 1859 Cot-

464 1899 566 1938 tam
590 1899 755 1940 autem
780 1891 927 1939 miror
952 1908 1195 1939 summum
1219 1891 1377 1956 ipsum
1403 1897 1664 1948 oratorem,
1699 1889 1787 1937 mi-

466 1970 693 2033 nimeque
735 1970 999 2034 ineptum„
1027 1970 1258 2018 Aelianas
1292 1970 1424 2018 leves
1459 1967 1788 2017 oratiunculas

465 2047 674 2096 voluisse
701 2049 965 2097 existimari
990 2065 1114 2097 suas.

536 2127 629 2174 His
671 2127 862 2174 duobus
903 2127 1121 2191 ejusdem
1162 2129 1335 2176 aetatis
1380 2128 1790 2176 annumerabatur

467 2222 613 2253 nemo
660 2206 865 2252 tertius:
927 2207 1014 2254 sed
1055 2207 1172 2254 mihi
1218 2207 1445 2271 placebat
1493 2207 1791 2272 Pomponius

468 2284 702 2342 maxime3
732 2283 808 2330 vel
834 2284 1011 2342 dicam,
1037 2286 1236 2332 minime
1253 2285 1556 2349 displicebat.
1626 2285 1792 2334 Locus

470 2370 575 2409 erat
599 2362 797 2408 omnino
833 2362 883 2407 in
919 2363 1141 2409 maximis
1167 2364 1342 2422 causis,
1376 2372 1570 2427 praeter
1593 2380 1691 2419 eOS,
1729 2362 1791 2411 de

472 2439 646 2503 quibus
672 2456 815 2503 supra
840 2440 960 2497 dixi,
996 2441 1180 2487 nemini
1202 2459 1213 2488 z
1251 2451 1511 2505 propterea
1529 2441 1661 2506 quod
1687 2439 1792 2488 An-

471 2518 654 2575 tonius,
679 2518 761 2580 qui
786 2517 995 2564 maxime
1021 2520 1362 2581 expetebatur,
1379 2518 1536 2569 facilis
1559 2519 1610 2567 in
1634 2519 1793 2568 causis

472 2594 766 2658 recipiendis
791 2602 928 2653 erat3
956 2594 1250 2644 fastidiosior
1275 2597 1494 2656 Crassus,
1517 2598 1605 2646 sed
1627 2605 1795 2646 tamen

473 2672 756 2735 recipiebat.
831 2673 1022 2720 Horum
1049 2675 1132 2738 qui
1156 2682 1385 2722 neutrum
1408 2675 1638 2735 habebat,
1677 2692 1795 2724 con-

471 2749 694 2813 fugiebat
718 2749 780 2797 ad
817 2749 1096 2814 Philippum
1120 2750 1238 2809 fere,
1282 2760 1367 2801 aut
1401 2753 1464 2801 ad
1500 2754 1791 2803 Caesarem:

474 2826 622 2876 Cotta
647 2836 698 2875 et
723 2828 966 2892 Sulpicius
991 2831 1362 2894 expetebantur.
1435 2831 1513 2880 Ita
1535 2834 1595 2881 ab
1619 2832 1677 2881 iis
1709 2849 1794 2881 sex

471 2906 689 2967 patronis
713 2923 889 2957 causae
912 2906 1125 2959 illustres
1159 2910 1461 2974 agebantur:
1499 2927 1660 2976 neque
1692 2918 1793 2961 tam
