2071 3508
769 394 938 433 LIBER
969 394 1192 433 PRIMUS.
1594 405 1647 440 43

309 506 520 570 quando,
559 520 659 551 non
683 503 945 559 rhetorico,
980 503 1253 568 loquamur.
1328 504 1539 556 Minime
1564 525 1645 556 ve-

306 603 376 642 ro,
414 583 573 648 inquit
597 582 780 642 Cotta3
820 599 954 631 nunc
992 583 1122 631 enim
1160 591 1209 630 te
1243 582 1346 647 jam
1385 602 1644 635 exoremus

305 679 506 712 necesse
533 672 621 717 est,
650 662 880 726 quoniam
907 662 1089 710 retines
1114 679 1202 709 nos
1242 663 1291 709 in
1332 663 1426 711 lloc
1463 665 1642 722 studio,

304 760 398 791 nec
441 741 504 789 ad
541 741 683 788 aliam
721 741 928 789 dimittis
953 751 1125 797 artem,
1166 750 1220 789 ut
1246 743 1384 790 nobis
1410 743 1643 807 explices,

303 820 541 886 quicquid
584 828 658 867 est
696 820 842 876 istud,
883 821 1018 884 quod
1054 828 1109 868 tu
1147 821 1197 867 in
1235 822 1450 869 dicendo
1485 830 1642 887 potes,

304 900 482 964 Neque
509 900 640 948 enim
658 916 834 948 ⁴sumus
860 901 1004 948 nimis
1036 900 1200 948 avidi:
1240 901 1334 949 ista
1371 910 1457 949 tua
1493 902 1646 950 medi-

301 980 404 1028 ocri
444 979 728 1044 eloquentia
769 981 993 1028 contenti
1037 997 1238 1040 sumus3
1295 981 1446 1046 idque
1488 998 1551 1029 ex
1593 989 1644 1030 te

302 1061 582 1125 quaerimus
621 1064 702 1126 (ut
740 1077 802 1108 ne
844 1060 954 1125 plus
993 1077 1081 1108 nos
1120 1077 1450 1125 assequamur,
1496 1077 1644 1125 quam

301 1140 593 1206 quantulum
619 1148 675 1188 tu
700 1140 750 1187 in
771 1140 986 1188 dicendo
1011 1147 1263 1188 assecutus
1289 1140 1365 1201 es)
1393 1140 1641 1204 quoniam,

302 1237 428 1285 quae
466 1237 493 1267 a
530 1228 707 1268 natura
743 1219 1025 1284 expetenda
1048 1227 1178 1275 sunt,
1218 1236 1276 1267 ea
1301 1220 1423 1267 dicis
1447 1236 1548 1267 non
1573 1220 1648 1266 ni-v

300 1299 391 1346 mis
417 1299 586 1347 deesse
624 1298 780 1355 nobis,
822 1298 942 1362 quid
975 1306 1231 1363 praeterea
1267 1315 1372 1346 esse
1397 1315 1645 1346 assumen-

302 1377 420 1425 dum
445 1378 625 1442 putes?

367 1457 501 1504 Tum
542 1457 744 1504 Crassus
786 1455 1020 1512 arridens,
1062 1455 1200 1512 Quid
1238 1471 1424 1511 censes,
1462 1455 1639 1519 inquit,
1660 1462 1764 1521 30⁶

299 1535 464 1591 Cotta,
503 1535 595 1582 nisi
633 1534 867 1590 studium,
908 1542 959 1581 et
983 1533 1209 1582 ardorem
1235 1534 1483 1598 quendam
1509 1551 1768 1597 amo-134,

295 1613 398 1662 ris?
436 1614 539 1662 sine
566 1630 664 1678 quo
690 1630 804 1661 cum
829 1613 880 1660 in
904 1613 1006 1661 vita
1035 1613 1158 1660 nihil
1196 1613 1465 1678 quidquam
1503 1630 1640 1678 egre-

295 1692 449 1756 gium,
477 1702 584 1741 tum
611 1700 747 1741 certe
772 1692 888 1753 hoc,
908 1693 1043 1756 quod
1060 1700 1117 1741 tu
1143 1692 1350 1757 expetis,
1378 1709 1526 1741 nemo
1549 1710 1640 1741 un-

296 1789 443 1837 quam
482 1780 785 1836 assequetur.
857 1771 1036 1836 Neque
1061 1789 1178 1820 vero
1202 1789 1288 1820 vos
1313 1772 1377 1820 ad
1402 1789 1509 1821 eam
1534 1789 1640 1821 rem

294 1851 442 1899 video
468 1867 572 1899 esse
599 1850 961 1911 cohortandos3
991 1868 1127 1916 quos,
1157 1869 1271 1899 cum
1296 1851 1417 1899 mihi
1442 1869 1640 1917 quoque

296 1930 400 1977 sitis
423 1930 634 1986 molesti,
668 1930 813 1977 nimis
839 1930 987 1977 etiam
1013 1931 1219 1994 flagrare
1244 1930 1470 1994 intelligo
1504 1932 1639 1996 cupi-

295 2009 467 2057 ditate.
530 2009 628 2056 Sed
651 2008 880 2073 profecto
905 2009 1067 2056 studia
1091 2009 1212 2055 nihil
1237 2017 1445 2074 prosunt
1468 2026 1638 2074 perve-

295 2087 466 2135 niendi
491 2087 674 2151 aliquo,
706 2087 799 2134 nisi
825 2086 965 2146 illud,
992 2087 1126 2151 quod
1151 2104 1225 2143 eo,
1267 2105 1365 2152 quo
1390 2088 1635 2147 intendas,

293 2166 422 2214 ferat
464 2166 800 2231 deducatque,
843 2167 1086 2230 cognoris.
1177 2166 1360 2224 Quare,
1405 2169 1638 2232 quoniam

294 2245 415 2293 mihi
452 2245 609 2293 levius
648 2245 898 2310 quoddam
928 2262 1052 2293 onus
1077 2246 1344 2310 imponitiS,
1386 2264 1548 2312 neque
1575 2265 1636 2296 ex

294 2341 373 2373 me
399 2325 462 2373 de
488 2324 693 2372 oratoris
732 2332 851 2381 arte,
891 2324 978 2373 sed
1014 2325 1076 2372 de
1107 2324 1200 2373 hac
1226 2342 1351 2382 mea,
1379 2326 1636 2390 quantula-

293 2421 508 2468 cumque
535 2411 623 2460 est,
666 2403 905 2452 facultate
938 2404 1186 2468 quaeritis,
1228 2421 1473 2470 exponam
1498 2406 1636 2453 vobis

292 2483 541 2548 quandam
567 2498 666 2530 non
692 2490 778 2530 aut
801 2483 1214 2547 perreconditam,
1237 2494 1322 2532 aut
1347 2484 1489 2532 valde
1516 2484 1635 2532 diffi-

294 2562 457 2618 cilem,
507 2571 594 2610 aut
641 2562 968 2626 magnificam,
1019 2572 1104 2611 aut
1149 2581 1352 2627 gravem
1394 2565 1635 2612 rationem

294 2642 667 2690 consuetudinis
705 2659 863 2701 meae,
903 2659 999 2705 qua
1034 2643 1284 2706 quondam
1320 2643 1491 2691 solitus
1528 2661 1635 2691 sum

294 2721 382 2777 uti,
411 2737 524 2769 cum
551 2721 670 2768 mihi
708 2721 758 2767 in
795 2722 889 2768 isto
925 2721 1089 2769 studio
1125 2722 1305 2770 versari
1330 2722 1635 2772 adolescenti

292 2800 490 2848 licebat.
562 2800 695 2847 Tum
722 2799 984 2865 Sulpicius,
1022 2800 1070 2849 O
1095 2800 1245 2860 diem,
1283 2801 1447 2859 Cotta,
1476 2803 1630 2860 nobis,
1655 2840 1710 2879 13

294 2878 469 2943 inquit,
514 2881 768 2944 optatum!
822 2880 977 2938 Quod
1017 2880 1146 2928 enim
1196 2897 1358 2945 neque
1404 2883 1632 2947 precibus

1659 2049 1768 2089 135„

1717 2841 1761 2878 (ὁ.
