2071 3508
665 454 833 491 LIBER
856 450 1107 490 TERTIUS.
1479 455 1553 489 QGI

226 566 286 612 ab
311 565 386 623 iis,
423 560 580 628 (quod
605 559 999 623 indignissimum
1027 556 1124 617 est)
1151 556 1235 619 qui
1260 556 1310 602 in
1335 564 1557 605 nostrum

223 640 570 706 patrimonium
608 640 910 703 irruperunt,
965 636 1098 701 quod
1137 652 1259 699 opus
1298 642 1373 682 est
1397 635 1557 694 nobis,

221 728 517 767 mutuemur.

285 796 478 844 Dicunt
501 795 654 860 igitur
691 812 825 844 nunc
851 795 1051 859 quidem
1088 794 1176 853 illi,
1213 792 1296 856 qui
1322 808 1382 840 ex
1408 791 1556 856 parti-

1589 772 1696 833 28.

218 873 328 921 cula
351 891 502 938 parva
524 875 658 922 urbis
683 892 740 922 ac
777 874 873 922 loci
899 890 1081 922 nomen
1107 874 1309 930 habent,
1346 879 1397 919 et
1423 871 1556 918 Peri·
1592 865 1700 909 107·

215 952 420 1016 patetiei
444 953 741 1018 philosophi,
778 962 863 1001 aut
890 951 1184 1001 Academici
1209 950 1550 1008 nominantur3

216 1030 332 1078 olim
374 1041 560 1092 autem,
602 1041 803 1098 propter
845 1033 1075 1081 eximiam
1117 1047 1280 1079 rerum
1319 1029 1554 1077 maxima-

215 1126 323 1156 rum
350 1112 623 1168 seientiam‚
663 1130 690 1159 a
715 1112 922 1161 Graecis
955 1110 1144 1176 politici
1168 1109 1445 1175 philosophi
1471 1125 1553 1172 ap-

216 1188 404 1253 pellati,
442 1192 779 1239 universarum
818 1207 980 1239 rerum
1017 1190 1325 1254 publicarum
1352 1201 1552 1236 nomine

215 1281 558 1339 vocabantur3
599 1297 796 1328 omnem
837 1279 1031 1327 civilem
1074 1279 1346 1327 orationem
1382 1281 1433 1328 in
1467 1282 1552 1330 ho-

214 1373 323 1404 rum
349 1358 584 1407 alterutro
625 1376 808 1423 genere
846 1359 1024 1406 versari
1046 1379 1058 1417 3
1099 1365 1184 1404 aut
1209 1357 1410 1405 definita
1436 1377 1550 1408 con-

214 1437 450 1484 troversia
490 1438 636 1486 certis
678 1438 981 1501 temporibus
1023 1454 1080 1484 ac
1105 1436 1218 1494 reis,
1244 1436 1338 1483 hoc
1364 1438 1512 1485 modo
1535 1458 1546 1486 :

216 1514 480 1564 Placeatne
507 1533 534 1563 a
567 1515 1056 1579 Carthaginiensibus
1093 1515 1314 1578 captivos
1339 1523 1549 1575 nostros,

211 1593 418 1641 redditis
443 1594 556 1650 suis,
594 1593 907 1657 recuperari?
944 1600 1028 1639 aut
1054 1592 1242 1640 infinite
1269 1592 1330 1640 de
1356 1594 1550 1642 univer-

214 1686 266 1718 so
297 1687 481 1734 genere
519 1671 830 1735 quaerentis3
873 1670 1009 1726 Quid
1034 1670 1235 1717 omnino
1262 1670 1323 1718 de
1350 1673 1548 1736 captivo

210 1750 529 1798 statuendum
571 1767 628 1797 ac
665 1749 980 1797 sentiendum
1006 1749 1104 1796 sit?
1175 1749 1346 1812 Atque
1372 1750 1547 1799 horum

213 1829 434 1894 superius
478 1828 601 1876 illud
641 1845 818 1894 genus,
869 1845 1085 1887 causam,
1139 1836 1225 1876 aut.
1266 1839 1549 1878 controver-

210 1907 330 1955 siam
356 1906 624 1972 appellant,
667 1923 873 1970 eamque
898 1905 1072 1963 tribuS,
1113 1905 1218 1964 lite,
1254 1915 1340 1953 aut
1365 1907 1548 1956 delibe-

211 1987 419 2046 ratione,
456 1995 542 2035 aut
565 1987 868 2045 laudatione,
912 1985 1186 2034 definiunt:
1231 1986 1353 2034 haee
1379 1997 1546 2036 autem

211 2065 363 2113 altera
389 2066 610 2129 quaestio
635 2065 842 2123 infinita,
885 2072 934 2112 et
960 2064 1095 2127 quasi
1120 2065 1388 2129 proposita,
1431 2083 1547 2114 con-

212 2143 410 2192 sultatio
436 2145 717 2192 nominatur
739 2162 750 2191 :
803 2151 951 2207 atque
977 2143 1217 2190 hactenus
1257 2143 1544 2208 loquuntur.

211 2223 375 2271 Etiam
401 2224 493 2272 hae
518 2224 569 2271 in
595 2223 900 2271 instituendo
926 2222 1165 2269 divisione
1191 2230 1418 2283 utuntur,
1459 2226 1546 2273 sed

208 2302 296 2362 ita,
332 2320 432 2351 non
457 2312 512 2351 ut
528 2302 661 2367 jure,
703 2310 789 2349 aut
805 2301 1016 2366 judicio,
1054 2309 1141 2348 aut
1166 2301 1379 2366 denique
1405 2320 1545 2351 recu-

209 2401 380 2449 perare
406 2384 631 2431 amissam
657 2382 1030 2448 possessionem,
1071 2382 1157 2429 sed
1181 2391 1238 2430 ut
1262 2399 1322 2430 ex
1339 2381 1452 2446 jure
1479 2383 1545 2431 ci-

210 2463 309 2519 vili,
355 2463 551 2511 surculo
592 2462 939 2527 defringendo,
993 2478 1226 2525 usurpare
1263 2462 1542 2510 videantur.

210 2542 340 2590 Nam
379 2541 518 2589 illum
560 2542 768 2590 alterum
808 2558 985 2605 genus,
1023 2541 1157 2604 quod
1199 2549 1272 2588 est
1314 2542 1544 2605 tempori-

208 2622 318 2679 bus,
354 2620 493 2679 locis,
530 2621 624 2668 reis
650 2620 927 2678 definitum,
964 2620 1210 2677 obtinent,
1246 2627 1394 2682 atque
1420 2620 1544 2684 idip-

210 2715 318 2746 sum
360 2698 567 2746 lacinia:
608 2715 740 2746 nunc
767 2698 898 2746 enim
924 2697 1057 2761 apud
1083 2697 1355 2753 Philonem,
1395 2716 1542 2762 quem

209 2777 261 2824 in
289 2778 562 2826 Academia
582 2778 795 2825 maxime
815 2778 982 2840 vigere
1008 2777 1174 2835 audio,
1196 2778 1342 2824 etiam
1370 2777 1542 2826 harum

201 2854 307 2919 jam
350 2873 604 2904 causarum
643 2855 863 2920 cognitio
906 2855 1293 2919 exercitatioque
1331 2856 1544 2904 celebra-

211 2943 308 2986 tur.
381 2936 613 2986 Alterum
656 2952 772 2985 vero
810 2935 1156 2984 tantummodo
1186 2936 1235 2982 in
1261 2936 1416 3000 prima
1440 2944 1543 2984 arte

1118 3030 1148 3062 Β
1176 3022 1204 3061 3

1578 2220 1684 2260 110.
