2071 3508
350 544 450 604 15.

359 638 440 680 56.

384 1669 464 1714 57.

394 2689 473 2730 58.

484 439 563 477 242
963 437 1040 477 DE
1069 438 1338 477 ORATORE

561 546 728 606 Hanc,
768 545 988 611 inquam,
1041 549 1312 613 cogitandi,
1352 546 1813 612 pronuntiandique

487 627 748 686 rationem,
771 627 968 689 vimque
994 628 1211 686 dicendi,
1249 635 1441 675 veteres
1471 627 1655 675 Graeci
1691 627 1814 691 sapi-

489 706 673 753 entiam
714 705 1050 752 nominabant.
1140 705 1277 752 Hinc
1316 705 1385 751 illi
1427 705 1665 770 Lycurgi,
1700 705 1818 754 hinc

490 784 690 843 Pittaci,
715 785 830 832 hinc
858 783 1060 831 Solones
1082 804 1094 842 3
1123 792 1270 847 atque
1296 786 1356 832 ab
1376 784 1469 831 hac
1495 784 1818 833 similitudine

489 863 790 912 Coruncanii
825 863 997 921 nostri,
1039 863 1269 922 Fabricii,
1306 863 1539 922 CatoneS,
1565 863 1820 927 Scipiones

489 943 711 1001 fuerunt,
757 959 858 990 non
904 950 1004 990 tam
1052 942 1256 989 fortasse
1305 942 1458 999 docti,
1506 942 1594 988 sed
1627 942 1817 1005 impetu

490 1023 670 1070 mentis
712 1021 855 1068 simili
898 1029 948 1069 et
984 1020 1256 1068 voluntate.
1327 1019 1516 1067 Eadem
1548 1027 1714 1066 autem
1739 1020 1820 1067 alii

489 1101 771 1166 prudentia,
807 1100 895 1148 sed
930 1099 1134 1148 consilio
1171 1100 1234 1147 ad
1267 1099 1399 1165 vitae
1435 1097 1598 1145 studia
1623 1098 1822 1162 dispari,

492 1179 710 1243 quietem
749 1186 897 1242 atque
945 1178 1101 1226 otium
1149 1178 1341 1237 secuti3
1392 1184 1450 1224 ut
1497 1176 1822 1241 Pythagoras,

491 1258 831 1316 Democritus,
859 1257 1200 1321 Anaxagoras,
1232 1275 1260 1304 a
1283 1256 1513 1322 regendis
1539 1255 1823 1305 civitatibus

491 1345 624 1385 totos
665 1354 716 1384 se
758 1338 821 1384 ad
857 1337 1194 1401 cognitionem
1230 1353 1393 1384 rerum
1429 1334 1787 1383 transtulerunt
1806 1355 1821 1396 ;

493 1434 619 1480 quae
644 1417 746 1464 vita
769 1424 970 1480 propter
994 1415 1418 1480 tranquillitatem,
1456 1423 1506 1463 et
1529 1422 1731 1479 propter
1753 1415 1825 1479 ip-

494 1497 592 1544 sius
623 1496 858 1544 scientiae
898 1496 1207 1554 suavitatem,
1244 1513 1340 1560 qua
1375 1494 1497 1542 nihil
1522 1502 1596 1543 est
1617 1493 1826 1542 homini-

494 1576 586 1623 bus
602 1575 894 1639 jucundius,
918 1574 1102 1638 plures,
1119 1591 1266 1639 quam
1281 1574 1404 1622 utile
1419 1573 1515 1622 fuit
1533 1575 1679 1622 rebus
1702 1573 1825 1638 pub-

494 1653 614 1703 licis.
645 1653 926 1702 delectavit.
999 1653 1195 1716 Itaque,
1230 1661 1287 1700 ut
1325 1653 1369 1701 ei
1399 1653 1563 1700 studio
1588 1669 1638 1699 se
1664 1650 1827 1699 excel-

496 1734 778 1782 lentissimis
819 1733 1030 1795 ingeniis
1066 1733 1290 1780 homines
1316 1732 1634 1790 dediderunt,
1670 1747 1733 1778 ex
1769 1746 1828 1779 ea

498 1830 689 1862 summa
712 1809 950 1859 facultate
975 1811 1119 1857 vacui
1145 1828 1201 1856 ac
1226 1810 1368 1857 liberi
1391 1810 1646 1872 temporis,
1670 1807 1828 1856 multo

496 1893 656 1958 plura,
693 1906 839 1954 quam
877 1897 982 1937 erat
1023 1905 1244 1946 necesse,
1282 1887 1551 1935 doctissimi
1586 1887 1830 1946 homines,

497 1973 600 2020 otio
626 1970 797 2028 nimio,
835 1976 885 2016 et
919 1967 1132 2032 ingeniis
1156 1967 1413 2015 uberrimis
1438 1966 1712 2025 affluentes,
1748 1982 1831 2013 cu-

498 2051 651 2100 randa
692 2049 783 2096 sibi
826 2064 948 2106 esse,
985 2064 1042 2094 ac
1079 2047 1378 2110 quaerenda,
1416 2055 1466 2094 et
1488 2045 1834 2110 investiganda

499 2133 766 2180 duxerunt.
837 2128 968 2175 ‘Nam
987 2135 1128 2174 vetus
1151 2127 1351 2190 quidem
1375 2126 1458 2174 illa
1483 2125 1728 2183 doctrina,
1753 2141 1830 2172 ea-

500 2211 613 2258 dem
638 2207 853 2264 videtur,
893 2214 945 2252 et
968 2214 1103 2253 recte
1128 2203 1364 2264 faciendi,
1401 2213 1450 2253 et
1478 2206 1606 2252 bene
1631 2203 1833 2252 dicendi

499 2287 768 2350 magistra3
808 2301 969 2349 neque
1007 2282 1239 2347 disjuncti
1276 2284 1523 2342 doctores,
1560 2283 1648 2330 sed
1681 2281 1832 2329 iidem

502 2374 644 2415 erant
679 2363 879 2412 vivendi
918 2369 1264 2426 praeceptores
1306 2370 1453 2425 atque
1493 2360 1723 2408 dicendi:
1777 2367 1835 2407 ut

500 2446 583 2493 ille
625 2444 759 2509 apud
802 2443 1079 2490 Homerum
1123 2440 1365 2510 Phoenix,
1406 2439 1490 2503 qui
1531 2456 1581 2487 se
1619 2456 1649 2486 a
1680 2437 1835 2486 'Peleo
1900 2448 1902 2455 '

502 2533 643 2590 patre
685 2521 872 2570 Achilli
888 2520 1079 2585 ,juveni
1116 2519 1349 2567 comitem
1386 2535 1490 2566 esse
1517 2519 1688 2567 datum
1714 2517 1836 2566 dicit

504 2605 568 2652 ad
590 2602 791 2659 bellum,
813 2600 1021 2648 utillum
1047 2598 1263 2647 efficeret
1287 2606 1530 2646 oratorem
1555 2598 1835 2654 verborum,

505 2692 825 2746 actoremque
856 2696 1034 2728 rerum.
1107 2678 1204 2726 Sed
1239 2686 1296 2725 ut
1329 2677 1553 2726 homines
1575 2676 1742 2725 labore
1765 2691 1838 2722 as-

506 2763 648 2811 siduo
690 2769 742 2809 et
788 2759 1076 2825 quotidiano
1119 2758 1319 2817 assueti,
1369 2773 1482 2808 cum
1528 2754 1835 2821 tempestatis

507 2858 655 2888 causa
690 2857 838 2905 opere
879 2838 1219 2904 prohibentur,
1260 2836 1324 2885 ad
1358 2836 1513 2901 pilum
1549 2853 1619 2895 se,
1655 2841 1740 2883 aut
1774 2832 1837 2881 ad

507 2918 651 2978 talos,
692 2927 778 2968 aut
818 2919 883 2967 ad
918 2926 1127 2966 tesseras
1152 2915 1435 2975 conferunt,
1471 2923 1557 2964 aut
1580 2914 1728 2964 etiam
1752 2928 1836 2961 no-
