2071 3508
765 405 1139 445 ORATORIBUS.
1540 413 1620 450 405

284 531 422 564 mens
444 515 574 563 fuit:
612 514 695 577 qui
721 513 959 577 quamdiu
989 515 1275 562 auctoritati
1311 531 1450 564 meae
1475 533 1617 580 paru-

280 593 339 654 it,
364 594 474 643 talis
500 594 726 642 tribunus
761 592 921 657 plebis
944 591 1058 649 fuit,
1097 600 1154 641 ut
1178 610 1326 641 nemo
1351 602 1525 642 contra
1550 597 1616 644 ci-

280 672 414 720 vium
466 670 776 737 perditorum
827 670 1117 737 popularem
1176 672 1614 739 turbulentamque

277 750 594 807 dementiam,
632 767 661 798 a
685 758 879 810 senatu,
917 758 968 799 et
1006 769 1035 798 a
1075 752 1320 800 bonorum
1346 769 1495 801 causa
1519 761 1613 803 ste-

273 828 391 877 terit
415 829 752 878 constantius:
791 846 939 895 quam
966 828 1069 895 ejus
1094 830 1362 890 actionem,
1398 831 1611 881 multum

272 914 440 957 tamen
488 916 540 957 et
581 908 859 973 splendida,
903 916 954 957 et
990 909 1210 974 grandLS,
1248 917 1299 958 et
1340 911 1516 960 eadem
1555 912 1610 960 in

269 986 440 1051 primis
481 987 646 1037 faceta
683 996 734 1037 et
757 989 1036 1053 perurbana
1076 989 1459 1040 commendabat
1505 1007 1610 1039 ora-

269 1066 356 1116 tio.
429 1068 621 1117 Graves
658 1068 763 1133 ejus
798 1069 1065 1117 conciones
1091 1068 1279 1134 aliquot
1301 1069 1525 1131 fuerunt,
1562 1088 1611 1119 a·

270 1164 377 1196 cres
401 1149 743 1198 accusationes
768 1157 883 1206 tres,
923 1166 1110 1214 eaeque
1129 1166 1301 1198 omnes
1326 1167 1388 1198 ex
1412 1151 1610 1216 reipub-

268 1226 394 1277 licae
438 1229 761 1277 contentione
804 1236 1096 1294 susceptae:
1143 1228 1471 1286 defensiones,
1517 1231 1610 1278 etsi

269 1306 353 1355 illa
377 1315 518 1356 erant
541 1309 593 1356 in
619 1325 678 1357 eo
703 1308 926 1364 meliora,
953 1325 1079 1372 quae
1105 1309 1228 1368 dixi,
1259 1325 1360 1357 non
1387 1317 1609 1358 contem-

268 1386 464 1435 nendae
504 1395 692 1447 tamen,
735 1404 952 1451 saneque
992 1386 1290 1436 tolerabiles.
1364 1386 1466 1434 Hic
1493 1404 1607 1435 cum

267 1482 458 1514 summa
498 1466 756 1515 voluntate
792 1468 1034 1515 bonorum
1076 1466 1248 1514 aedilis
1291 1466 1474 1514 curulis
1506 1466 1608 1515 fac-

265 1552 345 1593 tus
371 1554 518 1605 esset,
555 1546 724 1595 nescio
751 1545 1001 1610 quomodo
1037 1545 1257 1593 discessu
1288 1561 1401 1594 meo
1427 1545 1607 1594 disces-

264 1624 327 1672 sit
364 1642 393 1673 a
431 1642 555 1685 sese,
593 1625 898 1689 ceciditque,
938 1632 1264 1689 posteaquam
1301 1641 1386 1672 eos
1423 1624 1606 1675 imitari

266 1706 451 1771 coepit,
487 1722 611 1770 quos
653 1706 757 1770 ipse
797 1712 1122 1770 perverterat.
1195 1704 1293 1752 Sed
1318 1705 1381 1752 de
1409 1704 1484 1752 M.
1513 1705 1607 1754 Ca-

263 1784 384 1834 lidio
410 1786 633 1834 dicamus
670 1785 872 1850 aliquid,
918 1784 1002 1848 qui
1041 1800 1142 1832 non
1166 1782 1264 1831 fuit
1288 1792 1453 1832 orator
1476 1801 1606 1834 unus

264 1881 291 1913 e
315 1864 515 1926 multis;
553 1865 718 1930 potius
754 1865 884 1912 inter
926 1863 1109 1912 multos
1149 1880 1304 1928 prope
1343 1863 1605 1927 singularis

261 1943 387 1992 fuit:
414 1945 484 1993 ita
502 1944 784 1993 reconditas
805 1944 1172 2009 exquisitasque
1193 1943 1463 1992 sententias
1483 1943 1604 1991 mol-

262 2023 320 2071 lis
345 2033 398 2073 et
419 2024 677 2090 pellucens
701 2024 947 2074 vestiebat
971 2024 1146 2072 oratio.
1218 2022 1358 2072 Nihil
1394 2031 1497 2071 tam
1528 2032 1601 2072 te-

262 2120 456 2163 nerum,
504 2120 650 2168 quam
698 2102 827 2153 illius
875 2102 1254 2167 comprehensio
1299 2103 1596 2163 verborum3

261 2183 383 2231 nihil
407 2192 509 2232 tam
535 2183 751 2232 flexibile
774 2203 786 2242 3
826 2182 968 2241 nihil,
1004 2183 1141 2246 quod
1165 2182 1322 2247 magis
1346 2182 1501 2247 ipsius
1526 2200 1599 2231 ar·
1663 2206 1668 2212 ·

260 2264 408 2311 bitrio
432 2263 722 2328 fingeretur,
748 2270 805 2310 ut
824 2262 1006 2310 nullius
1027 2262 1235 2310 oratoris
1255 2278 1412 2326 aeque
1436 2262 1487 2309 in
1512 2279 1598 2328 po-

258 2351 438 2393 testate
474 2343 655 2391 fuerit:
697 2359 823 2407 quae
859 2342 1074 2407 primum
1111 2342 1181 2390 ita
1214 2359 1338 2406 pura
1377 2350 1500 2402 erat,
1542 2352 1599 2392 ut

257 2423 380 2471 nihil
404 2423 671 2488 liquidius3
710 2422 781 2470 ita
817 2421 973 2474 libere
1009 2421 1215 2480 fluebat,
1255 2428 1312 2469 ut
1353 2437 1597 2486 nusquam

258 2501 668 2550 adhaerescet-et:
722 2500 934 2560 nullum,
981 2500 1075 2550 nisi
1115 2499 1230 2547 loco
1265 2500 1503 2564 positum,
1546 2509 1598 2549 et

257 2583 493 2646 tanquam
527 2581 609 2628 ‘in
626 2579 953 2629 vermiculato
973 2578 1306 2635 emblemate,'
1334 2587 1390 2627 ut
1409 2579 1477 2627 ait
1497 2579 1596 2628 Lu-

258 2659 418 2719 cilius,
461 2667 706 2708 structum
730 2659 938 2707 verbum
962 2658 1171 2706 videres.
1244 2658 1355 2706 Nec
1380 2675 1498 2706 vero
1524 2659 1595 2707 ul-

254 2739 358 2787 lum
383 2747 470 2788 aut
508 2739 703 2795 durum,
747 2745 834 2786 aut
871 2737 1105 2796 insolenS,
1148 2744 1235 2785 aut
1263 2736 1468 2797 humile,
1508 2746 1593 2787 aut

254 2818 452 2885 longius
495 2819 738 2868 ductum:
776 2834 835 2866 ac
871 2833 972 2865 non
996 2817 1194 2882 propria
1217 2817 1369 2866 verba
1408 2834 1591 2878 rerum,

256 2899 344 2949 sed
366 2899 602 2968 pleraque
627 2897 833 2949 tralata:
872 2897 943 2948 sic
978 2905 1162 2954 tamen,
1202 2904 1259 2945 ut
1301 2912 1360 2947 ea
1395 2913 1496 2947 non
1530 2898 1592 2950 ir*

1103 2994 1131 3027 e
1157 2994 1185 3027 c
1224 2987 1254 3026 3
