2071 3508
618 368 787 408 LIBER
817 365 1125 406 SECUNDUS.
1513 371 1589 409 129

242 481 361 546 quid
399 486 621 537 vocetur,
658 476 928 542 quaeritur,
965 491 1099 534 cum,
1139 490 1237 539 quo
1272 477 1424 523 verbo
1460 477 1582 540 quid

241 557 585 624 appellandum
610 555 687 611 sit,
715 552 1038 603 contenditur
1059 571 1071 600 :
1117 561 1174 600 ut
1199 553 1317 600 mihi
1343 553 1435 618 ipsi
1464 572 1578 603 cum

240 624 334 686 hoc
358 635 574 700 Sulpicio
597 633 694 682 fuit
727 633 779 680 in
819 632 1045 682 Norbani
1071 647 1218 679 causa
1242 647 1435 679 summa
1461 649 1576 680 con-

238 715 423 763 tentio:
460 712 695 778 pleraque
732 711 865 760 enim
902 710 965 758 de
989 710 1066 769 iis,
1100 727 1224 774 quae
1250 711 1310 758 ab
1337 710 1431 759 isto
1457 711 1578 776 obji-

237 793 512 851 ciebantur,
548 807 663 840 cum
700 789 980 848 confiterer,v
1022 797 1190 836 tamen
1215 789 1276 836 ab
1301 788 1385 837 illo
1410 791 1575 851 majes-

234 878 372 919 tatem
401 871 625 919 minutam
648 870 892 934 negabam
914 887 926 916 z
966 885 1028 916 ex
1054 884 1152 932 quo
1176 869 1328 916 verbo
1353 867 1465 933 lege
1503 869 1573 917 A-

233 949 398 1014 puleia
434 957 540 998 tota
579 949 662 996 illa
694 965 841 996 causa
862 948 1130 1012 pendebat.
1204 947 1376 1012 Atque
1399 948 1450 994 in
1477 949 1572 997 hoc
1609 952 1716 992 108·

232 1045 416 1094 genere
455 1045 713 1078 causarum
756 1026 980 1076 nonnulli
1017 1027 1350 1091 praecipiunt,
1387 1036 1443 1076 ut
1469 1046 1574 1077 ver-

231 1109 351 1157 bum
376 1108 516 1169 illud,
559 1109 693 1173 quod
729 1124 926 1156 causam
962 1105 1103 1166 facit,
1143 1106 1310 1155 lucide
1335 1108 1572 1156 breviter-

233 1203 329 1252 que
354 1189 572 1237 definiat.
645 1188 796 1245 Quod
820 1186 940 1234 inihi
965 1186 1167 1250 quidem
1190 1202 1428 1250 perquam
1452 1205 1573 1251 pue·

231 1267 320 1317 rile
339 1269 496 1317 videri
521 1268 660 1318 solet.
736 1268 852 1316 Alia
877 1275 951 1316 est
976 1267 1127 1325 enim,
1161 1283 1275 1315 cum
1300 1267 1429 1316 inter
1455 1269 1571 1316 doc-

232 1354 309 1395 tos
333 1347 557 1397 homines
594 1348 656 1396 de
697 1347 754 1395 iis
794 1347 909 1412 ipsis
947 1348 1112 1404 rebUS‚
1162 1362 1288 1410 quae
1313 1356 1571 1395 versantur

230 1426 282 1474 in
323 1428 528 1486 artibus,
565 1428 863 1491 disputatur,
899 1427 1161 1474 verborum
1199 1424 1422 1473 definitio
1442 1446 1456 1486 3
1496 1434 1568 1483 tu,

230 1522 344 1554 cum
388 1506 657 1571 quaeritur,
693 1505 813 1570 quid
851 1505 914 1552 sit
937 1520 1032 1563 ars,
1071 1503 1190 1567 quid
1227 1504 1290 1552 sit
1312 1503 1413 1559 lex,
1451 1505 1571 1570 quid

228 1584 291 1632 sit
317 1585 505 1633 civitas.
578 1585 638 1632 In
678 1584 857 1648 quibus
880 1584 975 1632 hoc
1000 1583 1244 1648 praecipit
1267 1583 1393 1631 ratio
1418 1591 1569 1648 atque

227 1663 471 1723 doctrina,
508 1674 565 1714 ut
588 1667 661 1715 vis
701 1666 804 1732 ejus
830 1667 919 1725 rei,
956 1683 1104 1731 quam
1131 1665 1348 1723 definias,
1392 1667 1460 1715 sic
1486 1684 1569 1715 ex-

225 1744 484 1807 primatur,
519 1753 577 1794 ut
600 1762 762 1811 neque
801 1746 929 1794 absit
968 1745 1258 1809 quidquam,
1294 1762 1456 1810 neque
1491 1765 1567 1795 su-

223 1825 392 1888 persit.
466 1825 618 1883 Quod
656 1827 855 1891 quidem
895 1827 946 1873 in
971 1825 1053 1873 illa
1093 1842 1240 1873 causa
1270 1842 1435 1891 neque
1461 1825 1567 1875 Sul-2
1603 1830 1712 1872 109.

224 1904 383 1968 picius
430 1903 570 1965 fecit,
637 1922 799 1970 neque
843 1923 937 1971 ego
977 1905 1146 1954 facere*
1191 1913 1398 1954 conatus
1440 1923 1564 1955 sum.

226 1983 374 2040 Nam5·
417 1990 659 2048 quantum
701 1993 910 2049 uterque
950 1993 1174 2032 nostrum
1211 1985 1395 2049 potuit,
1431 1987 1566 2033 omni

226 2062 370 2127 copia
410 2062 611 2111 dicendi
654 2063 896 2122 dilatavit,
947 2063 1066 2127 quid
1104 2072 1233 2111 esset
1257 2063 1565 2128 majestatem

227 2142 466 2190 minuere.
538 2141 739 2190 Etenim
782 2142 1003 2191 definitio
1027 2143 1240 2207 primum
1266 2142 1566 2207 reprehenso

226 2222 377 2269 verbo
401 2237 520 2280 uno,
557 2230 643 2270 aut
668 2222 857 2281 addito,
894 2230 980 2269 aut
1005 2222 1193 2281 demto,
1230 2238 1375 2287 saepe
1402 2231 1565 2271 extor-

225 2309 405 2366 quetur
429 2317 456 2350 e
493 2302 748 2350 manibus:
789 2301 969 2349 deinde
1010 2318 1195 2366 genere
1236 2302 1342 2366 ipso
1381 2302 1565 2351 doctri-

223 2396 338 2428 nam
362 2380 556 2430 redolet
592 2382 1102 2445 exercitationemque
1130 2398 1260 2445 pene
1283 2381 1525 2446 puerilem
1547 2401 1560 2431 z

222 2466 330 2508 tum
356 2468 408 2509 et
431 2461 482 2508 in
525 2477 722 2509 sensum
765 2470 816 2510 et
856 2462 907 2509 in
932 2469 1151 2509 mentem
1167 2460 1355 2525 judicis
1379 2461 1562 2510 intrare

222 2555 322 2588 non
361 2547 566 2604 potest:
622 2549 738 2590 ante
780 2542 912 2590 enim
958 2541 1355 2605 praeterlabitur3
1413 2557 1562 2603 quam

220 2626 459 2683 percepta
484 2626 573 2667 est.

291 2697 389 2746 Sed
412 2697 463 2744 in
489 2713 548 2746 eo
572 2713 776 2762 genere,
817 2699 868 2745 in
894 2714 1011 2761 quo,
1042 2698 1184 2762 quale
1211 2698 1273 2746 sit
1297 2698 1435 2761 quid,
1460 2715 1558 2746 am-
1592 2687 1701 2748 QG.

221 2776 427 2841 bigitur,
464 2777 656 2825 exsistit
680 2777 827 2825 etiam
866 2793 928 2825 ex
954 2777 1122 2842 scripti
1150 2777 1557 2840 interpretatione
1595 2788 1703 2827 110.

222 2872 368 2922 saepe
392 2856 649 2907 contentio
669 2877 684 2920 3
740 2857 790 2905 in
829 2873 929 2921 quo
954 2856 1089 2905 nulla
1110 2864 1277 2922 potest
1302 2873 1422 2915 esse,
1465 2857 1557 2908 nisi

1208 2951 1225 2982 1
