2071 3508
704 416 1077 457 ORATORIBUS.
1482 425 1561 461 323

225 523 602 572 cedaemonium
637 539 754 571 vero
793 541 950 588 usque
992 525 1055 572 ad
1097 526 1192 574 hoe
1234 534 1430 591 tempus
1478 547 1560 577 au-

223 602 323 650 divi
363 603 512 650 fuisse
551 602 816 650 neminem.
903 603 1194 652 Menelaum
1236 605 1417 670 ipsum,
1454 607 1561 655 dul-

222 696 331 728 cem
368 681 505 728 illum
547 681 747 744 quidem
789 683 941 731 tradit
981 684 1248 744 Homerus,
1289 685 1376 733 sed
1400 702 1561 749 pauca

219 759 484 808 dicentem.
574 760 796 809 Brevitas
848 771 1013 811 autem
1055 763 1160 811 laus
1197 772 1271 812 est
1306 765 1560 814 interdum

215 837 268 886 in
292 837 455 902 aliqua
478 847 617 904 parte
655 841 875 902 dicendi,
912 843 961 889 in
1002 843 1232 890 universa
1274 843 1559 908 eloquentia

213 915 414 966 laudem
455 935 556 967 non
598 919 762 968 habet.
849 921 922 970 At
960 939 1078 970 vero
1114 930 1255 970 extra
1291 923 1557 973 Graeciam

213 1012 396 1061 magna
420 998 622 1047 dicendi
647 1000 812 1048 studia
835 1000 1040 1049 fuerunt
1061 1019 1073 1049 z
1112 1002 1414 1067 maximique
1441 1004 1558 1052 huic

210 1075 347 1125 laudi
388 1078 543 1127 habiti
586 1080 816 1140 honores,
852 1080 1040 1130 illustre
1083 1092 1332 1130 oratorum
1373 1100 1556 1132 nomen

211 1157 554 1208 reddiderunt.
628 1160 758 1207 Nam
783 1169 838 1209 ut
865 1161 1015 1209 semel
1037 1179 1062 1210 e
1091 1162 1295 1210 Piraeeo
1321 1162 1555 1227 eloquen-

211 1237 281 1285 tia
306 1247 480 1287 evecta
505 1247 597 1298 est,
634 1256 805 1288 omnes
845 1242 1125 1305 peragravit
1165 1242 1367 1301 insulas,
1403 1252 1553 1308 atque

210 1315 282 1365 ita
304 1319 619 1383 peregrinata
643 1327 749 1367 tota
784 1320 905 1368 Asia
940 1329 1029 1377 est,
1068 1328 1125 1369 ut
1150 1337 1200 1368 se
1226 1322 1444 1368 externis
1469 1323 1554 1370 ob-

209 1396 389 1447 lineret
436 1401 672 1459 moribus,
708 1417 1006 1464 omnemque
1040 1399 1173 1448 illam
1212 1400 1551 1449 salubritatem

213 1476 418 1526 Atticae
445 1479 691 1536 dictionis,
720 1480 858 1544 quasi
885 1480 1165 1538 sanitatem,
1204 1480 1454 1544 perderet,
1491 1498 1551 1528 ac

208 1555 343 1621 loqui
367 1575 525 1622 paene
552 1559 846 1607 dedisceret.
921 1559 1058 1607 Hinc
1097 1559 1307 1607 Asiatici
1333 1568 1553 1608 oratores

207 1650 310 1684 non
351 1638 707 1686 contemnendi
756 1638 956 1702 quidem
996 1655 1090 1687 nec
1133 1638 1406 1698 celeritate,
1456 1655 1552 1687 nec

207 1715 368 1780 copia,
412 1716 499 1764 sed
539 1733 711 1780 parum
737 1718 909 1781 pressi,
947 1726 997 1765 et
1023 1717 1166 1764 nimis
1192 1717 1550 1766 redundantes,

207 1794 395 1843 Rhodii
421 1796 650 1852 saniores,
691 1804 742 1843 et
785 1797 1071 1844 Atticorum
1106 1796 1377 1844 similiores.
1449 1796 1550 1845 Sed

207 1873 269 1922 de
295 1874 503 1923 Graecis
528 1875 799 1923 hactenus:
841 1875 1024 1923 etenim
1051 1875 1174 1922 haec
1200 1875 1305 1938 ipsa
1341 1876 1549 1923 forsitan

204 1952 393 2002 fuerint
412 1971 511 2002 non
538 1954 829 2002 necessaria.
902 1954 1034 2001 Tum
1056 1954 1253 2008 Brutus,
1285 1954 1386 2001 Ista
1411 1970 1549 2013 vero,

203 2033 384 2098 iuquit,
421 2050 566 2098 quam
593 2034 869 2082 necessaria
892 2032 1096 2092 fuerint,
1133 2050 1233 2080 non
1269 2032 1415 2080 facile
1441 2034 1549 2081 dix-

207 2113 328 2161 erim
351 2132 363 2161 :
395 2113 621 2178 jucunda
647 2122 782 2161 certe
808 2113 927 2160 mihi
953 2112 1174 2171 fuerunt,
1200 2129 1363 2176 neque
1388 2113 1547 2161 solum

203 2209 305 2241 non
346 2193 514 2257 longa,
554 2193 641 2241 sed
683 2193 830 2241 etiam
873 2194 1115 2252 breviora,
1160 2210 1307 2256 quam
1350 2192 1544 2240 vellem.

206 2271 428 2336 Optime,
467 2273 702 2336 inquam:
743 2272 831 2320 sed
855 2272 1109 2320 veniamus
1148 2271 1211 2318 ad
1236 2281 1443 2326 nostros,
1484 2269 1547 2318 de

203 2352 382 2416 quibus
407 2350 604 2399 difficile
642 2358 716 2398 est
739 2351 849 2415 plus
886 2350 1182 2414 intelligere,
1219 2366 1366 2415 quam
1394 2365 1546 2413 quan-

203 2440 310 2479 tum
337 2447 398 2478 ex
424 2430 758 2478 monumentis
783 2430 1017 2495 suspicari
1042 2430 1176 2478 licet.

272 2508 397 2565 Quis
436 2508 567 2556 enim
606 2515 749 2571 putet
791 2516 877 2555 aut
919 2506 1223 2555 celeritatem
1267 2504 1453 2568 ingenii
1480 2503 1538 2551 L.
1564 2488 1662 2549 14⁴.

204 2589 361 2637 Bruto
385 2586 472 2646 illi,
510 2586 778 2634 nobilitatis
802 2595 994 2634 vestrae
1029 2585 1260 2649 principi,
1286 2582 1501 2630 defuisse
1523 2583 1540 2631 ?

203 2668 287 2733 qui
305 2667 366 2715 de
384 2675 538 2714 matre
565 2665 831 2713 suavianda
857 2682 918 2713 ex
939 2664 1139 2712 oraculo
1167 2662 1413 2727 Apollinis
1438 2671 1541 2709 tam

204 2755 350 2796 acute
387 2754 658 2811 arguteque
702 2745 1007 2808 conjecerit3
1053 2744 1135 2808 qui
1161 2758 1401 2790 summam
1426 2758 1540 2805 pru-

203 2826 422 2874 dentiam
466 2823 776 2872 simulatione
815 2822 1053 2870 stultitiae
1095 2822 1307 2880 texerit3
1347 2820 1430 2884 qui
1454 2835 1540 2884 po-

202 2904 533 2954 tentissimum
574 2921 763 2970 regem,
800 2902 1052 2952 clarissimi
1093 2901 1223 2965 regis
1247 2900 1420 2959 filium,
1456 2914 1539 2947 ex-

1139 2997 1171 3030 X
1199 2988 1228 3028 2
