2071 3508
685 367 853 406 LIBER
883 365 1190 405 SECUNDUS.
1539 373 1613 409 111

282 473 531 526 historiam
556 473 906 533 contulerunt3
937 491 1106 523 causas
1132 476 1334 524 omnino
1360 491 1611 542 nunquam

281 555 566 618 attigerunt.
638 552 871 617 Denique
909 553 1055 602 etiam
1096 571 1125 601 a
1160 553 1471 619 philosophia
1505 555 1734 618 pro-14⁴,

278 631 440 680 fectus
463 632 692 696 princeps
717 631 1020 697 Xenophon,
1042 632 1322 682 Socraticus
1346 632 1428 680 ille
1451 653 1464 694 3
1501 642 1614 698 post

280 711 340 758 ab
390 709 659 758 Aristotele
708 709 1055 771 Callisthenes,
1103 728 1270 760 comes
1319 711 1616 773 Alexandri,

279 788 472 853 scripsit
495 788 748 838 historiam
771 790 783 838 ἐ
822 790 971 840 ethic
993 791 1194 856 quidem
1213 791 1462 840 rhetorico
1486 808 1615 856 pene

277 883 446 928 more;
484 867 566 916 ille
603 877 770 917 autem
796 869 1017 935 superior
1040 869 1229 919 leniore
1255 870 1469 934 quodam
1495 888 1617 920 sono

279 953 354 994 est
377 962 512 1006 USUS,
537 956 587 996 et
612 949 698 1012 qui
723 947 862 996 illum
897 949 1140 1014 impetum
1178 950 1383 998 oratoris
1408 967 1509 999 non
1533 950 1617 999 ha-

276 1024 423 1085 beat;
461 1027 728 1077 vehemens
769 1028 975 1079 fortasse
1014 1029 1194 1089 miuus,
1234 1028 1322 1077 sed
1363 1029 1616 1094 aliquanto

278 1111 446 1153 tamen
493 1115 587 1166 est,
633 1115 690 1156 ut
736 1108 856 1156 mihi
904 1108 1105 1172 quidem
1151 1108 1368 1168 videtur,
1407 1109 1616 1157 dulcior.

281 1181 523 1234 Minimus
547 1195 669 1236 natu
693 1187 870 1236 horum
907 1188 1129 1235 omnium
1167 1187 1421 1246 Timaeus,
1465 1205 1617 1252 quan-

279 1270 387 1311 tum
428 1272 595 1313 autem
624 1265 853 1330 judicare
892 1283 1111 1331 possum,
1158 1265 1308 1330 longe
1350 1266 1619 1315 eruditissi-

281 1358 407 1403 mus,
446 1352 496 1392 et
537 1362 700 1393 rerum
738 1345 881 1410 copia
905 1352 956 1393 et
981 1345 1341 1392 sententiarum
1378 1345 1617 1393 varietate

280 1421 748 1484 abundantissimus,
773 1432 824 1473 et
848 1424 951 1490 ipsa
972 1423 1330 1488 compositione
1354 1424 1618 1471 verborum

279 1514 380 1547 non
404 1501 675 1566 impolitus,
701 1519 931 1567 magnam
957 1501 1291 1566 eloquentiam
1316 1502 1380 1550 ad
1405 1503 1620 1551 scriben-

280 1578 397 1626 dum
426 1579 609 1639 retulit,
635 1581 722 1629 sed
746 1580 938 1628 nullum
963 1597 1107 1629 usum
1135 1581 1400 1630 forensem.

348 1657 491 1705 Haec
519 1675 633 1706 cum
659 1659 741 1707 ille
767 1659 992 1720 dixisset,
1030 1660 1168 1718 Quid
1193 1669 1285 1720 est,
1310 1662 1491 1725 inquit,
1529 1662 1619 1710 Ca-

278 1736 402 1796 tule,
427 1736 646 1786 Caesar?
683 1737 768 1785 ubi
807 1746 941 1796 sunt,
983 1739 1067 1802 qui
1105 1739 1385 1786 Antonium
1423 1740 1620 1790 Graece

278 1825 468 1880 negant
491 1817 616 1865 scire
639 1817 655 1864 ?
693 1824 815 1881 quot
838 1816 1098 1864 historicos
1124 1818 1398 1866 nominavit
1419 1819 1435 1867 ?
1473 1837 1620 1884 quam

279 1895 528 1955 scienter?
565 1911 712 1960 quam
731 1896 928 1960 proprie
949 1896 1011 1944 de
1037 1913 1337 1960 unoquoque
1357 1897 1485 1946 dixit
1505 1899 1521 1947 ?
1559 1899 1622 1948 Id

281 1975 586 2035 mehercule,
622 1976 785 2040 inquit
810 1975 1036 2035 Catulus,
1062 1976 1327 2035 admirans,
1363 1975 1487 2024 illud
1513 1977 1620 2042 jam

280 2054 447 2102 mirari
471 2054 662 2114 desino,
699 2054 835 2119 quod
869 2054 1027 2102 multo
1063 2054 1219 2118 magis
1244 2062 1359 2103 ante
1391 2056 1622 2117 mirabar,

282 2133 436 2192 hamc,
475 2151 590 2182 cum
615 2134 738 2183 haec
763 2134 996 2193 nesciret,
1032 2134 1083 2181 in
1109 2133 1324 2183 dicendo
1346 2152 1491 2200 posse
1514 2145 1622 2185 tan-

281 2221 406 2262 tum.
481 2213 659 2279 Atqui,
686 2213 882 2273 Catule,
909 2214 1072 2277 inquit
1103 2213 1372 2272 Antonius,
1401 2231 1501 2264 non
1527 2234 1622 2281 ego

282 2293 547 2342 utilitatem
575 2293 790 2358 aliquam
832 2293 896 2341 ad
937 2292 1205 2340 dicendum
1231 2311 1502 2359 aucupans,
1538 2296 1624 2345 ho-

283 2390 392 2423 rum
417 2373 585 2433 libros,
622 2382 673 2422 et
698 2372 962 2422 nonnullos
987 2372 1124 2432 alios,
1165 2373 1252 2422 sed
1277 2373 1623 2426 delectationis

285 2469 450 2513 causa,
476 2470 589 2502 cum
616 2462 691 2502 est
715 2453 891 2512 otium,
926 2452 1093 2517 legere
1119 2452 1269 2501 soleo.
1342 2454 1480 2511 Quid
1505 2473 1623 2521 ergo

285 2534 398 2582 est?
430 2520 658 2593 ‘fateb0r3
698 2533 884 2597 aliquid
924 2541 1126 2582 tamen:
1164 2541 1240 2592 ut,
1282 2551 1396 2582 cum
1435 2535 1486 2582 in
1522 2535 1623 2584 sole

285 2611 554 2671 ambulem,
596 2613 786 2661 etiamsi
828 2612 971 2660 aliam
1011 2613 1074 2661 ob
1112 2629 1309 2660 causam
1357 2613 1624 2674 ambulem,

286 2692 391 2741 fieri
416 2699 592 2739 natura
617 2699 803 2750 tamen,
828 2698 883 2739 ut
910 2690 1100 2739 colorer
1121 2711 1134 2750 ;
1174 2691 1259 2746 sic,
1288 2708 1402 2739 cum
1428 2692 1546 2741 istos
1570 2693 1625 2741 li-

286 2772 400 2820 bros
425 2769 489 2818 ad
515 2770 769 2818 Misenum
808 2772 947 2834 (nam
978 2769 1168 2816 Romae
1193 2769 1277 2816 vix
1301 2769 1444 2832 licet)
1471 2773 1624 2821 studia

288 2851 419 2901 osius
459 2850 685 2916 legerim,
727 2850 887 2900 sentio
928 2849 1202 2901 orationem
1238 2866 1399 2899 meam
1430 2849 1623 2900 illorum

1645 649 1724 688 58.

1649 1671 1731 1713 59,

1656 2473 1733 2513 60.
