2071 3508
706 365 875 405 LIBER
896 365 1148 408 TERTIUS.
1518 375 1598 413 5257

248 479 384 542 quod
424 494 525 527 non
551 477 707 525 solum
751 476 989 535 delectet,
1034 476 1122 524 sed
1147 476 1295 523 etiam
1321 477 1424 525 sine
1451 481 1594 528 satie-

248 565 352 606 tate
395 557 640 606 delectet:
681 555 824 620 (Non
864 555 996 602 enim
1038 571 1068 602 a
1107 570 1186 602 me
1203 554 1309 619 jam
1336 560 1591 620 expectari

248 645 389 700 puto,
425 643 480 683 ut
506 651 753 693 moneam,
789 641 846 682 ut
871 634 1106 693 caveatis,
1148 650 1210 682 ne
1237 634 1391 691 exilis,
1431 652 1494 683 ne
1519 637 1590 683 in-

248 715 382 763 culta
401 715 462 762 sit
486 722 649 762 vestra
673 714 849 772 oratio,
885 730 948 762 ne
973 713 1207 777 vulgaris,
1244 731 1307 763 ne
1333 715 1554 763 obsoleta
1575 734 1588 764 ε

247 793 381 842 aliud
419 792 653 857 quiddam
694 792 850 858 majus
889 801 940 842 et
977 794 1179 858 ingenia
1214 811 1293 842 me
1330 795 1592 842 hortantur

245 880 424 931 vestra,
475 879 526 920 et
567 872 798 934 aetates)
883 872 1100 921 Difficile
1144 874 1276 921 enim
1320 874 1459 922 dictu
1496 882 1589 935 est,

245 967 488 1014 quaenam
532 969 678 1000 causa
720 952 796 1008 sit,
854 969 942 1000 cur
979 969 1054 1012 ea,
1091 970 1217 1017 quae
1241 953 1456 1001 maxime
1482 970 1591 1001 sen-

244 1046 325 1078 sus
350 1038 542 1078 nostros
568 1030 831 1096 impellunt
855 1031 1129 1096 voluptate,
1167 1040 1218 1080 et
1242 1033 1407 1097 specie
1432 1033 1592 1097 prima

243 1109 483 1158 acerrime
527 1118 860 1167 commovent,
916 1112 976 1159 ab
1013 1111 1071 1158 iis
1108 1111 1365 1160 celerrime
1389 1110 1590 1161 fastidio

244 1188 460 1252 quodam
487 1197 538 1238 et
554 1190 780 1237 satietate
806 1189 1158 1238 abalienemur.
1231 1191 1434 1248 Quanto
1460 1193 1590 1241 colo·
1622 1207 1702 1250 98,

244 1284 352 1315 rum
377 1268 750 1333 pulchritudine
777 1277 827 1317 et
862 1269 1101 1318 varietate
1126 1269 1374 1318 floridiora
1400 1280 1514 1319 sunt
1537 1272 1590 1320 in

243 1347 450 1412 picturis
497 1348 637 1396 novis
684 1348 938 1413 pleraque,
1001 1366 1152 1413 quam
1200 1349 1252 1395 in
1298 1350 1587 1400 veteribus?

245 1443 371 1490 quae
407 1435 592 1484 tamen,
633 1428 823 1475 etiamsi
865 1428 1026 1490 primo
1064 1428 1305 1491 adspectu
1331 1445 1420 1475 nos
1446 1446 1589 1494 cepe-

243 1515 378 1566 runt,
416 1507 601 1554 diutius
627 1522 727 1554 non
764 1506 1053 1566 delectant3
1095 1524 1208 1554 cum
1246 1507 1398 1555 iidem
1423 1525 1512 1557 nos
1537 1510 1589 1558 in

243 1589 457 1654 antiquis
482 1589 662 1637 tabulis
704 1588 788 1637 illo
813 1590 920 1654 ipso
944 1589 1145 1638 horrido
1171 1590 1493 1654 obsoletoque
1518 1597 1590 1638 te-

240 1685 463 1717 neamur.
536 1668 740 1723 Quanto
765 1667 1013 1718 molliores
1050 1676 1166 1717 sunt
1202 1677 1253 1718 et
1278 1670 1590 1718 delicatiores

240 1748 293 1796 in
319 1755 470 1796 cantu
506 1746 746 1795 flexiones
784 1754 835 1794 et
872 1745 1024 1795 falsae
1049 1748 1272 1806 voculae,
1313 1767 1460 1814 quam
1486 1767 1591 1799 cer-

239 1835 321 1878 tae
346 1835 398 1876 et
421 1826 653 1876 severae?
691 1826 868 1891 quibus
893 1834 1062 1875 tamen
1086 1844 1187 1876 non
1212 1829 1362 1877 modo
1388 1829 1589 1889 auste1·1‚

239 1908 346 1962 sed,
389 1907 427 1955 si
470 1906 665 1971 saepius
700 1905 846 1965 fiunt,
882 1905 1151 1956 multitudo
1192 1907 1299 1972 ipsa
1333 1907 1585 1956 reclamat.

240 1987 389 2036 Licet
429 1987 524 2034 hoc
550 1986 719 2034 videre
745 1986 795 2033 in
821 1986 1021 2050 reliquis
1047 1988 1269 2036 sensibus
1291 2009 1304 2048 ;
1359 2005 1584 2053 unguen·
1618 2009 1698 2053 99,

240 2067 304 2115 tis
343 2066 504 2113 minus
548 2064 634 2113 diu
675 2081 765 2113 nos
791 2064 1029 2113 delectari
1056 2083 1247 2115 summa
1271 2075 1322 2116 et
1346 2068 1586 2116 acerrima

241 2146 483 2195 suavitate
509 2145 742 2204 conditis,
787 2162 934 2209 quam
959 2145 1034 2193 his
1059 2147 1358 2207 moderatis3
1399 2155 1450 2196 et
1485 2165 1586 2196 ma-

239 2226 315 2290 gis
339 2224 528 2273 laudari
554 2225 689 2289 quod
723 2216 925 2284 terram{
962 2242 1110 2289 quam
1144 2226 1278 2290 quod
1305 2243 1507 2275 crocum
1534 2245 1584 2276 o-

238 2305 340 2353 lere
364 2304 592 2354 videatur
613 2322 625 2353 :
665 2305 715 2352 in
731 2304 837 2369 ipso
862 2312 1002 2353 tactu
1028 2322 1133 2353 esse
1158 2305 1362 2353 modum
1388 2314 1440 2354 et
1464 2307 1584 2355 mol-

238 2384 462 2432 litudinis
487 2391 537 2432 et
561 2383 821 2432 laevitatis.
895 2383 1184 2441 Quinetiam
1209 2393 1455 2449 gustatus,
1497 2387 1583 2449 qui

239 2471 315 2511 est
333 2479 503 2511 sensus
529 2480 590 2511 ex
617 2463 845 2512 omnibus
869 2463 1084 2511 maxime
1108 2463 1432 2528 voluptarius,
1476 2465 1581 2528 qui-

239 2559 335 2607 que
362 2542 672 2592 dulcitudine
696 2552 893 2609 praeter
919 2552 1141 2593 caeteros
1167 2561 1336 2592 sensus
1362 2561 1580 2592 commo-

238 2631 401 2681 vetur,
438 2640 584 2687 quam
627 2624 728 2672 cito
768 2624 839 2683 id,
876 2624 1010 2690 quod
1032 2623 1176 2672 valde
1203 2624 1349 2672 dulce
1376 2632 1468 2682 est,
1504 2641 1577 2672 as-

238 2711 476 2768 pernatur
517 2721 574 2752 ac
599 2704 823 2769 respuit?
858 2691 861 2693 A
895 2704 1020 2761 Quis
1044 2704 1247 2768 potione
1278 2704 1351 2751 uti
1388 2711 1474 2752 aut
1510 2705 1578 2751 ci-

238 2785 304 2832 bo
329 2783 464 2832 dulci
503 2783 687 2832 diutius
726 2783 925 2848 potest?
963 2800 1077 2831 cum
1116 2792 1325 2848 utroque
1351 2783 1401 2830 in
1425 2799 1577 2848 gene-

238 2879 292 2912 re
317 2880 392 2921 ea‚
429 2880 554 2928 quae
594 2862 770 2913 leviter
805 2879 1000 2912 sensum
1027 2862 1283 2927 voluptate
1326 2871 1575 2921 moveant,

1212 2958 1241 2990 n
