2071 3508
738 395 1112 436 ORATORIBUS.
1512 400 1587 438 381

326 505 558 555 Similiter
581 505 732 569 igitur
768 504 1003 568 suspicor,
1042 508 1123 568 (ut
1148 502 1459 552 conferamus
1483 522 1591 570 par·
1626 496 1733 557 59.

259 603 318 635 va
344 585 556 650 magnis)
599 583 845 643 Curionis,
887 584 978 632 etsi
1002 582 1218 647 pupillus
1254 582 1456 631 relictus
1499 594 1592 645 est,

255 666 416 730 patrio
456 663 606 711 fuisse
647 663 875 710 instituto
916 679 1042 727 puro
1083 678 1308 710 sermone
1350 664 1594 714 assuefac-

257 752 357 792 tam
384 743 617 791 domum:
663 749 713 790 et
738 759 796 791 eo
822 742 977 807 magis
1002 742 1097 791 hoc
1121 741 1316 806 judico,
1353 743 1486 806 quod
1511 761 1597 792 ne-

256 822 440 870 minem
467 838 528 870 ex
553 822 610 869 iis
635 821 857 886 quidem,
884 822 967 886 qui
993 821 1158 886 aliquo
1183 822 1231 868 in
1257 838 1464 871 numero
1489 823 1595 872 fue-

255 910 385 959 runt,
405 901 617 966 cognovi
642 901 693 948 in
713 902 847 949 omni
871 918 1056 965 genere
1076 901 1393 950 honestarum
1414 903 1593 951 artium

253 988 355 1030 tam
396 980 675 1040 indoctum,
710 989 812 1029 tam
854 981 1045 1030 rudem.
1117 980 1324 1029 Nullum
1360 981 1442 1030 ille
1477 987 1594 1046 poe-

255 1069 355 1110 tam
392 1071 612 1118 noverat‚
651 1060 842 1109 nullum
878 1060 1068 1125 legerat
1103 1069 1368 1119 oratorem,
1405 1060 1592 1110 nullam

255 1142 543 1189 memoriam
590 1140 897 1204 antiquitatis
934 1139 1203 1205 collegerat
1225 1158 1236 1188 :
1292 1156 1391 1189 non
1434 1141 1593 1205 publi-

256 1236 371 1267 cum
403 1219 506 1285 jus,
555 1236 656 1268 non
690 1220 936 1284 privatum
981 1228 1031 1268 et
1069 1218 1212 1268 civile
1256 1228 1588 1284 cognoverat:

254 1313 536 1363 quanquam
561 1297 613 1346 id
636 1298 838 1363 quidem
864 1298 962 1347 fuit
980 1298 1129 1347 etiam
1154 1298 1204 1344 in
1231 1297 1355 1357 aliis,
1381 1306 1432 1346 et
1457 1315 1592 1364 mag-

254 1376 330 1424 nis
355 1376 555 1441 quidem
597 1378 887 1434 oratoribus,
929 1394 1050 1442 quos
1085 1393 1258 1441 parum
1283 1376 1357 1424 his
1381 1377 1591 1427 instruc-

252 1464 330 1503 tos
355 1457 540 1505 artibus
558 1456 789 1514 vidimus,
815 1465 871 1503 ut
899 1455 1189 1519 Sulpicium,
1209 1462 1265 1502 ut
1292 1455 1588 1505 Antonium.

255 1534 353 1583 Sed
388 1536 421 1582 ii
445 1545 613 1584 tamen
648 1552 803 1583 unum
827 1535 951 1583 illud
968 1535 1219 1583 habebant
1243 1534 1443 1582 dicendi
1467 1552 1591 1600 opus

255 1613 590 1663 elaboratum:
645 1615 796 1679 idque
837 1630 950 1662 cum
989 1621 1238 1661 constaret
1273 1630 1337 1661 ex
1372 1614 1591 1679 quinque.

252 1692 517 1741 notissimis
540 1694 778 1758 partibUS‚
822 1708 970 1741 nemo
995 1693 1044 1740 in
1070 1692 1233 1756 aliqua
1256 1702 1396 1757 parte
1421 1709 1589 1741 earum

253 1771 455 1820 omnino
477 1772 599 1820 nihil
633 1779 845 1837 poterat.
917 1772 976 1820 In
1013 1787 1308 1835 quacunque
1334 1771 1465 1820 enim
1492 1788 1590 1821 una

253 1851 400 1917 plane
437 1852 757 1910 claudicaret,
794 1860 958 1899 orator
981 1868 1086 1899 esse
1111 1867 1210 1899 non
1240 1859 1420 1916 posset.
1492 1853 1588 1900 Sed

253 1940 419 1980 tamen
447 1932 562 1980 alim
594 1949 643 1978 m
669 1932 762 1979 alia
787 1930 1063 1979 excellebat
1087 1930 1267 1994 magis:
1294 1931 1586 1995 reperiebat,

255 2009 375 2074 quid
400 2011 468 2058 di<
489 2034 494 2044 ·
527 2028 644 2066 omes-3
673 2017 817 2067 esset,
844 2017 894 2056 et
919 2026 1016 2073 quo
1041 2008 1190 2056 modo
1213 2009 1510 2073 praeparari,
1536 2018 1590 2058 et

254 2105 353 2153 quo
376 2087 487 2136 loco
529 2099 586 2133 ειη
620 2089 708 2135 ··.·{:
749 2087 1084 2151 memoriaque
1119 2102 1177 2134 ea
1202 2086 1589 2151 comprehende-

253 2169 340 2216 bat
366 2167 647 2215 Antomus:
677 2164 953 2214 excellebat
976 2174 1141 2214 autem
1168 2164 1364 2214 actione
1387 2183 1398 2213 :
1426 2174 1589 2215 erant-

255 2263 351 2312 que
376 2246 421 2294 ei
447 2246 690 2310 quaedam
715 2262 778 2294 ex
813 2244 887 2291 his
911 2244 1047 2308 paria
1072 2261 1185 2293 cum
1211 2244 1406 2304 Crasso,
1442 2262 1588 2309 quae-

255 2326 369 2375 dam
395 2326 543 2374 etiam
569 2325 833 2390 superiora.
906 2324 978 2372 At
1003 2324 1164 2373 Crassi
1188 2325 1344 2389 magis
1369 2324 1586 2374 enitebat

254 2405 427 2454 oratio.
498 2405 608 2452 Nec
632 2420 749 2452 vero
776 2402 1012 2467 Sulpicio,
1031 2418 1192 2467 neque
1218 2402 1397 2450 Cottae
1422 2404 1588 2452 dicere

255 2500 530 2549 possumus,
583 2500 744 2548 neque
793 2483 1022 2546 cuiquam
1063 2483 1196 2530 bono
1236 2482 1433 2538 oratori,
1484 2499 1586 2532 rem

256 2563 407 2611 ullam
433 2580 494 2611 ex
519 2563 612 2611 illis
638 2564 854 2627 quinque
879 2562 1099 2626 partibus
1122 2560 1284 2625 plane,
1313 2570 1460 2625 atque
1486 2579 1586 2610 om-

255 2642 375 2689 nino
400 2641 629 2690 defuisse.
704 2641 876 2704 Itaque
900 2640 951 2687 in
977 2639 1192 2688 Curione
1219 2638 1313 2688 hoc
1338 2639 1587 2689 verissime

246 2719 461 2786 judicari
501 2728 684 2785 potest,
737 2719 870 2767 nulla
916 2735 969 2767 re
1008 2734 1106 2766 una
1146 2717 1302 2783 magis
1343 2726 1586 2768 oratorem

258 2800 609 2856 commendari,
648 2815 794 2864 quam
835 2799 1097 2847 verborum
1134 2795 1396 2860 splendore
1430 2804 1483 2846 et
1507 2813 1585 2846 co-
