2071 3508
460 415 537 452 186
932 410 1008 449 DE
1038 406 1306 449 ORATORE

460 520 501 568 ri
522 519 710 586 optimi,
736 519 890 568 nostri
913 518 1179 577 familiaris,
1203 524 1360 581 pater,
1396 514 1602 562 Nostros
1625 510 1780 560 homi-

460 615 548 648 nes
578 598 757 647 similes
788 615 893 647 esse
924 599 1153 663 Syrorum
1184 595 1458 644 venalium:
1496 600 1552 640 ut
1577 591 1781 655 quisque

463 678 649 743 optime
697 678 891 726 Graece
938 678 1103 735 sciret,
1159 676 1229 722 ita
1275 691 1379 722 esse
1414 670 1781 737 nequissimum.

322 762 435 805 266·
465 757 627 806 Valde
651 765 817 805 autem
841 756 1064 805 ridentur
1088 755 1236 802 etiam
1270 753 1527 817 imagines,
1559 765 1683 815 quae
1714 746 1784 795 fe-

464 854 517 885 re
549 837 600 883 in
633 835 1014 893 deformitatem,
1051 841 1136 881 aut
1166 833 1218 879 in
1250 831 1449 896 aliquod
1471 830 1645 877 vitium
1681 842 1785 875 cor-

465 915 598 980 poris
634 915 886 981 ducuntur
922 930 1035 961 cum
1071 910 1390 959 similitudine
1424 907 1688 972 turpioris;
1730 911 1788 951 ut

466 1010 633 1041 meum
664 992 786 1039 illud
817 993 868 1039 in
904 991 1159 1039 Helinium
1186 989 1458 1046 Manciam,
1492 987 1604 1036 Jam
1629 990 1790 1031 osten-

470 1071 583 1118 dam
610 1070 885 1134 cujusmodi
911 1071 1003 1117 sis:
1043 1085 1156 1117 cum
1187 1067 1288 1126 ille,
1325 1065 1548 1114 Ostende
1574 1070 1790 1126 quaesoi

469 1149 801 1197 demonstravi
837 1149 994 1212 digito
1028 1148 1218 1212 pictum
1243 1145 1445 1194 Gallum
1480 1144 1530 1190 in
1565 1141 1793 1189 Mariano

471 1235 614 1276 scuto
639 1228 890 1276 Cimbrico
914 1228 1003 1275 sub
1029 1226 1184 1273 Novis
1209 1225 1489 1281 distortum,
1525 1220 1684 1286 ejecta
1704 1219 1795 1265 lin-

471 1322 590 1370 gua,
635 1305 808 1355 buccis
848 1303 1147 1352 fluentibus:
1202 1302 1325 1350 risus
1366 1309 1441 1349 est
1483 1305 1793 1358 commotus3

473 1385 596 1433 nihil
632 1392 734 1433 tam
761 1383 994 1432 Manciae
1032 1381 1188 1431 simile
1224 1381 1384 1429 visum
1416 1387 1505 1428 est.
1576 1378 1648 1426 Ut
1684 1392 1799 1425 cum

476 1464 596 1512 Tito
633 1463 840 1511 Penario
880 1469 1104 1510 mentum
1139 1460 1192 1507 in
1227 1459 1441 1508 dicendo
1476 1455 1800 1522 intorquenti,

477 1542 610 1589 Tum
635 1549 692 1589 ut
716 1541 924 1599 diceret,
960 1539 1120 1604 siquid
1142 1538 1310 1598 vellet,
1347 1538 1386 1586 si
1417 1553 1598 1585 nucem
1632 1534 1803 1599 fregis-

336 1623 447 1669 267.
479 1628 568 1669 set.
638 1620 802 1668 Etiam
837 1619 937 1677 illa,
979 1634 1103 1682 quae
1144 1616 1419 1675 minuendi,
1460 1622 1546 1663 aut
1586 1613 1800 1679 augendi

481 1715 628 1749 causa
651 1698 715 1746 ad
737 1696 1079 1746 incredibilem
1110 1695 1485 1744 admirationem
1518 1693 1804 1751 efferuntur,

483 1777 618 1826 velut
653 1785 727 1836 tu,
770 1777 962 1836 Crasse,
1008 1775 1061 1822 in
1098 1775 1357 1833 concione,
1406 1774 1484 1822 Ita
1519 1772 1610 1820 sibi
1643 1772 1804 1837 ipsum

482 1871 717 1920 magnum
741 1854 897 1903 videri
923 1853 1238 1913 Memmium,
1262 1860 1319 1901 ut
1342 1853 1393 1899 in
1416 1851 1578 1899 forum
1604 1851 1806 1900 descen-

483 1934 606 1982 dens
642 1940 793 1998 caput
827 1933 891 1981 ad
923 1933 1164 1981 fornicem
1198 1931 1335 1981 Fabii
1360 1930 1660 1980 demitteret.
1730 1930 1809 1978 Ex

486 2029 584 2077 quo
620 2028 803 2076 genere
840 2012 987 2060 etiam
1018 2011 1140 2059 illud
1179 2019 1271 2070 est,
1306 2010 1441 2075 quod
1478 2010 1642 2074 Scipio
1677 2010 1810 2074 apud

488 2093 829 2152 Numantiam,
854 2108 969 2140 cum
993 2091 1383 2140 stomacharetur
1406 2106 1520 2139 cum
1545 2090 1604 2138 C.
1632 2089 1811 2138 Metel-

489 2171 554 2228 lo,
598 2171 778 2219 dixisse
820 2171 1019 2230 dicitur,
1067 2171 1116 2217 Si
1152 2170 1380 2234 quintum
1419 2176 1616 2233 pareret
1654 2177 1812 2218 mater

348 2258 460 2300 268.
492 2248 614 2313 ejus,
654 2250 844 2297 asinum
883 2249 1033 2296 fuisse
1073 2249 1355 2312 parituram.
1427 2248 1625 2312 Arguta
1665 2249 1814 2297 etiam

491 2327 784 2392 significatio
816 2334 907 2385 est,
944 2343 1076 2385 cum,
1110 2343 1260 2390 parva
1291 2343 1362 2385 re,
1399 2334 1449 2373 et
1477 2342 1621 2390 saepe
1645 2328 1814 2386 verbo,

492 2425 569 2456 res
593 2409 801 2457 obscura
825 2414 876 2454 et
897 2405 1054 2454 latens
1076 2405 1376 2464 illustratum
1414 2412 1472 2452 ut
1504 2421 1616 2453 cum
1643 2405 1699 2453 C.
1727 2406 1816 2454 Fa-

491 2486 648 2536 bricio
668 2487 721 2534 P.
741 2484 1016 2543 Cornelius,
1034 2484 1181 2531 homo
1198 2487 1279 2548 (ut
1294 2483 1688 2545 existimabatur)
1707 2501 1817 2532 ava-

495 2582 576 2613 rus
600 2573 651 2614 et
673 2563 836 2622 furax,
860 2563 948 2611 sed
972 2563 1170 2627 egregie
1194 2562 1334 2610 fortis
1358 2570 1409 2610 et
1431 2562 1589 2609 bonus
1612 2562 1818 2626 impera-

494 2650 591 2702 tor,
624 2641 806 2707 gratias
829 2649 1017 2705 ageret,
1050 2641 1181 2705 quod
1207 2657 1257 2689 se
1282 2642 1430 2689 homo
1454 2639 1681 2688 inimicus
1705 2657 1819 2689 con-

497 2721 653 2769 sulem
675 2719 888 2776 fecisset,
914 2719 1044 2768 bello
1067 2719 1353 2784 praesertim
1377 2735 1557 2784 magno
1577 2726 1628 2768 et
1649 2719 1785 2784 gravi
1804 2738 1815 2767 ε

498 2799 638 2847 Nihil
673 2807 765 2858 est,
790 2815 887 2863 quo
918 2798 1037 2846 mihi
1064 2799 1247 2864 gratias
1269 2815 1404 2864 agas,
1438 2798 1617 2862 inquit,
1652 2798 1691 2846 si
1719 2814 1819 2846 ma·

499 2874 569 2924 lui
604 2876 876 2941 compilari,
900 2891 1048 2941 quam
1070 2876 1255 2926 venire.
1323 2876 1396 2925 Ut
1431 2874 1603 2925 Asello
1627 2873 1819 2925 Africa-
