2071 3508
666 394 1038 435 ORATORIBUS.
1431 401 1505 439 371

175 504 197 528 “
222 517 363 560 cane,
389 510 440 551 et
466 501 626 550 Musis
643 503 676 549 ι’
702 518 796 564 ego
812 500 928 548 huic
951 502 1107 550 Bruto
1133 502 1335 559 dicenti,
1363 513 1418 552 ut
1438 522 1512 552 so.

179 578 269 639 let,
294 580 427 644 apud
454 578 849 637 multitudinem,
881 583 896 604 ‘
922 579 1042 626 mihi
1068 596 1206 636 cane,
1234 588 1284 628 et
1309 582 1508 645 populo,

180 662 194 684 ‘
221 658 287 705 mi
313 659 503 715 Brute‚'
531 655 740 704 dixerim
763 674 774 703 :
802 663 876 715 ut,
902 656 985 720 qui
1011 657 1232 716 audient,
1259 659 1378 722 quid
1413 660 1511 707 effi-

178 736 339 785 ciatur
357 755 371 795 3
412 751 525 799 ego,
562 734 710 783 etiam
747 751 835 782 cur
859 735 911 783 id
936 735 1190 793 efficiatur,
1218 737 1510 802 intelligam.

177 814 352 863 Credit
374 813 447 870 iis,
487 830 613 878 quae
649 813 902 874 dicuntur,
944 816 1027 880 qui
1052 816 1192 864 audit
1226 825 1508 879 oratorem;

173 909 290 942 vera
311 900 487 958 putat3
516 893 812 959 assentitur3
849 895 1026 958 probat
1047 915 1060 955 ;
1088 895 1236 943 fidem
1260 895 1382 944 facit
1405 914 1511 946 ora-

171 971 260 1023 tio.
330 971 413 1020 Tu
437 971 635 1033 artifex,
672 973 792 1037 quid
817 974 1008 1038 quaeris
1034 974 1278 1039 amplius?
1327 976 1511 1026 Delec-

170 1058 306 1100 tatur
329 1052 535 1100 audiens
560 1052 843 1110 multitudo,
883 1061 934 1102 et
959 1054 1158 1103 ducitur
1179 1055 1422 1115 oratione,
1457 1064 1511 1104 et

157 1131 310 1194 ,quasi
361 1131 617 1196 voluptate
665 1132 877 1196 quadam
923 1132 1254 1197 perfunditur.
1371 1135 1510 1192 Quid

159 1210 323 1260 ‚habes
348 1211 483 1275 quod
509 1211 729 1276 disputes
750 1212 768 1260 ?
805 1212 1028 1271 Gaudet,
1054 1213 1208 1273 dolet,
1233 1214 1381 1274 ridet,
1405 1215 1508 1280 plo-

170 1297 266 1349 rat,
290 1290 440 1348 favet,
479 1292 604 1351 odit,
641 1293 935 1351 contemnit,
971 1293 1196 1353 invidet3
1235 1295 1299 1342 ad
1323 1295 1507 1342 miseri-

168 1368 389 1418 cordiam
414 1369 683 1427 inducitur,
710 1370 773 1418 ad
788 1370 1094 1435 pudendum,
1122 1372 1185 1419 ad
1201 1373 1501 1436 pigendum3

166 1450 408 1507 irascitur,
447 1452 669 1510 miratur,
705 1459 887 1517 sperat,
922 1451 1096 1499 timet:
1134 1451 1258 1500 haec
1293 1453 1504 1516 perinde

164 1530 419 1586 accidunt,
457 1539 513 1579 ut
538 1547 723 1588 eorum,
763 1531 846 1595 qui
871 1531 1069 1586 adsunt,
1105 1538 1299 1579 mentes
1324 1532 1503 1591 verbis,

163 1618 216 1658 et
240 1611 517 1669 sententiis,
558 1618 610 1659 et
633 1610 830 1659 actione
866 1618 1156 1659 tractantur.
1233 1611 1372 1666 Quid
1408 1618 1501 1670 est,

162 1689 299 1753 quod
331 1697 626 1754 expectetur
651 1690 787 1738 docti
811 1688 1017 1755 alicujus
1041 1689 1289 1738 sententia
1312 1691 1329 1738 ?
1367 1690 1503 1755 quod

164 1769 295 1816 enim
314 1769 492 1833 probat
515 1767 803 1828 multitudo,
827 1769 924 1818 hoc
947 1769 1081 1817 idem
1107 1769 1267 1817 doctis
1290 1771 1502 1833 proban-

162 1847 282 1896 dum
308 1855 397 1899 est.
469 1849 702 1913 Denique
726 1848 822 1897 hoc
848 1849 1101 1914 specimen
1137 1855 1212 1897 est
1246 1848 1498 1913 popularis

154 1924 354 1990 judieii,
391 1928 442 1974 in
469 1943 567 1992 quo
591 1944 845 1992 nunquam
869 1928 964 1976 fuit
988 1927 1172 1992 populo
1198 1944 1312 1975 cum
1339 1927 1500 1976 doctis

176 2005 652 2071 ntelligentibusque
679 2007 931 2056 dissensio.
1004 2007 1132 2055 Cum
1157 2006 1300 2054 multi
1333 2015 1499 2056 essent

160 2092 379 2133 oratores
415 2085 466 2132 in
503 2086 638 2134 vario
663 2103 847 2151 genere
874 2086 1093 2145 dicendi,
1130 2087 1237 2150 quis
1273 2103 1492 2151 uuquam

160 2179 223 2211 ex
248 2163 323 2211 his
349 2163 595 2213 excellere
612 2165 868 2229 judicatus
893 2173 968 2213 est
992 2164 1128 2229 vulgi
1155 2164 1368 2228 judicio,
1411 2166 1496 2231 qui

158 2258 259 2291 nou
284 2243 419 2290 idem
456 2260 484 2291 a
519 2244 680 2292 doctis
714 2245 1043 2309 probaretur?
1087 2243 1303 2301 Quando
1327 2252 1496 2292 autem

157 2321 365 2370 dubium
389 2320 567 2371 fuisset
591 2323 723 2388 apud
747 2331 912 2388 patres
938 2331 1144 2380 nostros,
1173 2322 1391 2388 eligendi
1412 2323 1493 2372 cui

154 2387 351 2465 patroni
388 2401 588 2450 daretur
623 2403 778 2467 optio,
815 2403 933 2467 quin
969 2411 1056 2450 aut
1093 2402 1372 2450 Antonium
1409 2419 1494 2466 op-

155 2487 302 2538 taret,
327 2487 414 2528 aut
438 2481 702 2530 Crassum?
752 2481 980 2529 Aderant
1004 2481 1147 2529 multi
1172 2481 1284 2540 alii;
1323 2489 1492 2529 tamen

154 2566 322 2606 utrum
348 2558 409 2607 de
433 2559 508 2607 his
531 2561 710 2624 potius,
737 2560 1011 2609 dubitasset
1035 2560 1207 2624 aliquis
1229 2581 1243 2620 3
1282 2560 1400 2624 quin
1426 2559 1492 2607 al-

155 2645 522 2697 terum,‘nemo.
564 2639 734 2696 Quid?
760 2639 1157 2687 adolescentibus
1188 2639 1345 2695 nobis,
1373 2655 1489 2687 cum

155 2725 285 2764 esset
310 2718 478 2776 Cotta,
520 2725 572 2766 et
610 2718 927 2777 Hortensius,
962 2735 1082 2766 num
1107 2717 1233 2782 quis,
1276 2718 1356 2765 cui
1382 2718 1488 2781 qui-

154 2795 268 2844 dem
306 2795 524 2860 eligendi
558 2804 776 2862 potestas
804 2804 950 2856 esset,
983 2812 1279 2861 quemquam
1305 2796 1379 2845 his
1403 2812 1487 2845 an-

152 2877 424 2941 teponebat
440 2877 458 2926 ?

1013 2970 1043 3002 A
1069 2971 1094 3002 a
1122 2962 1151 3001 2
