2071 3508
299 1753 406 1814 QS.

303 1846 412 1887 126.

433 403 486 437 ‘an
909 402 985 440 DE
1015 401 1283 440 ORATORE

437 514 512 556 est
535 508 677 567 haec,
713 509 776 556 de
800 526 895 573 qua
920 511 1055 574 queri
1081 527 1224 574 saepe
1250 509 1415 556 soleo:
1455 518 1760 557 caeterarum

435 587 657 636 homines
698 588 874 635 artium
913 589 1119 652 spectati
1157 596 1207 636 et
1242 588 1453 652 probati,
1489 588 1527 635 si
1566 588 1766 651 quando

436 667 622 731 aliquid
658 666 818 714 minus
854 668 982 715 bene
1017 666 1260 725 fecerunt,
1298 683 1443 729 quam
1468 666 1640 722 solent,
1679 673 1766 713 aut

436 745 669 802 noluisse,
710 752 795 792 aut
834 745 1115 793 valetudine
1151 744 1375 809 impediti
1412 761 1512 792 non
1546 744 1764 808 potuisse

438 824 673 887 consequi
697 823 766 881 id,
793 824 924 886 quod
949 824 1147 881 scirent,
1171 831 1422 887 putantur.
1478 821 1670 880 Noluit,
1694 822 1766 868 in-

439 903 634 966 quiunt,
669 901 815 948 hodie
841 918 986 965 agere
1013 902 1257 961 Roscius,
1296 909 1398 959 aut,
1436 900 1631 948 crudior
1653 898 1767 947 fuit.

398 1010 409 1021 ·
440 980 662 1028 Oratoris
697 987 977 1043 peccatum,
1020 980 1058 1026 si
1095 979 1228 1043 quod
1258 987 1332 1027 est
1355 978 1769 1036 animadversum,

441 1058 676 1106 stultitiae
718 1066 980 1122 peccatum
1031 1058 1243 1106 videtur.
1337 1057 1554 1105 Stultitia
1601 1065 1768 1104 autem

440 1137 810 1184 excusationem
847 1151 947 1182 non
989 1135 1170 1183 habet:
1221 1136 1334 1200 quia
1371 1151 1517 1183 nemo
1554 1135 1769 1193 videtur,

439 1222 524 1260 aut
563 1215 676 1276 quia
714 1214 897 1260 crudus
933 1212 1100 1271 fuerit,
1139 1221 1224 1261 aut
1256 1214 1390 1277 quod
1424 1214 1493 1261 ita
1525 1213 1769 1272 maluerit,

439 1290 618 1338 stultus
642 1289 808 1337 fuisse.
881 1290 995 1344 Quo
1032 1291 1180 1337 etiam
1215 1291 1411 1354 gravius
1438 1291 1683 1355 judicium
1718 1292 1770 1339 in

440 1369 654 1417 dicendo
679 1370 931 1416 subimus:
969 1369 1160 1432 quoties
1199 1369 1331 1417 enim
1362 1369 1589 1428 dicimus,
1623 1370 1772 1417 toties

441 1448 504 1495 de
528 1448 668 1496 nobis
692 1447 946 1511 judicatur
968 1465 981 1494 ε
1032 1456 1096 1503 et,
1132 1448 1214 1511 qui
1240 1448 1391 1497 semel
1414 1464 1466 1495 m
1489 1456 1634 1513 gestu
1656 1465 1772 1512 pec-

441 1526 586 1582 cavit,
613 1541 711 1572 non
737 1524 974 1572 continuo
999 1525 1306 1573 existimatur
1329 1527 1519 1573 nescire
1543 1534 1770 1589 gestum:

443 1604 582 1668 cujus
607 1613 772 1652 autem
791 1604 842 1650 in
867 1603 1080 1651 dicendo
1097 1603 1282 1668 aliquid
1304 1604 1655 1668 reprehensum
1681 1615 1771 1660 est,

445 1692 531 1732 aut
554 1690 754 1730 aeterna
791 1682 842 1729 in
881 1699 954 1737 eo,
993 1690 1078 1729 aut
1103 1690 1236 1730 certe
1262 1683 1495 1730 diuturna
1517 1682 1648 1730 valet
1672 1683 1773 1746 opi-

444 1763 526 1810 nio
550 1761 811 1810 tarditatis.
881 1760 1013 1807 Illud
1036 1777 1167 1817 vero,
1195 1760 1327 1824 quod
1346 1778 1373 1808 a
1396 1769 1446 1809 te
1467 1761 1656 1809 dictum
1682 1769 1776 1821 est,

446 1859 550 1890 esse
573 1839 833 1905 permulta,
860 1855 985 1902 quae
1010 1847 1172 1886 orator
1196 1839 1287 1886 nisi
1312 1857 1339 1887 a
1361 1848 1537 1887 natura
1554 1840 1776 1900 haberet,

444 1938 544 1970 non
577 1918 788 1966 multum
829 1935 856 1964 a
895 1918 1129 1981 magistro
1154 1917 1484 1982 adjuvaretur,
1506 1920 1650 1968 valde
1685 1921 1776 1968 tibi

445 2000 712 2057 assentior3
752 1999 901 2061 inque
942 2015 1001 2045 eo
1039 1998 1371 2046 vel-maxime
1408 2000 1611 2063 probavi
1649 2016 1776 2047 sum-

446 2096 581 2127 mum
615 2077 753 2124 illum
790 2077 1046 2124 doctorem
1084 2075 1487 2125 Alabandensem
1520 2077 1776 2142 Apolloni-

446 2177 545 2215 um,
574 2159 674 2222 qui,
696 2174 808 2204 cum
833 2156 1063 2203 mercede
1089 2156 1305 2212 doceret,
1323 2163 1490 2203 tamen
1506 2173 1605 2204 non
1623 2157 1777 2221 patie-

445 2239 590 2286 batur
631 2252 728 2291 eos,
769 2251 888 2297 quos
922 2233 1180 2296 judicabat
1226 2250 1326 2281 non
1372 2252 1513 2298 posse
1560 2245 1778 2286 oratores

449 2315 673 2369 evadere,
700 2329 897 2376 operam
922 2312 1054 2375 apud
1078 2329 1181 2359 sese
1211 2312 1449 2376 perdere3
1477 2313 1779 2365 dimittebat-

450 2411 560 2458 que,
605 2401 668 2448 et,
713 2392 775 2439 ad
799 2407 944 2454 quam
971 2407 1215 2454 quemque
1251 2399 1406 2438 artem
1436 2394 1643 2456 putabat
1672 2411 1777 2444 esse

449 2480 634 2537 aptum,
674 2470 738 2517 ad
778 2485 886 2517 eam
920 2467 1170 2531 impellere
1196 2476 1342 2532 atque
1367 2470 1549 2518 hortari
1574 2471 1777 2523 solebat.

405 2580 415 2590 ·
450 2552 577 2600 Satis
601 2558 673 2599 est
698 2549 828 2596 enim
845 2548 1050 2595 caeteris
1066 2547 1279 2595 artificiis
1303 2549 1646 2613 percipiendis,
1674 2560 1779 2600 tan-

449 2629 706 2678 tummodo
731 2626 938 2674 similem
964 2643 1066 2673 esse
1092 2626 1331 2686 homini&
1361 2636 1410 2674 et
1434 2628 1502 2684 id,
1529 2629 1661 2692 quod
1685 2639 1779 2678 tra..

452 2709 609 2762 datur,
636 2706 713 2754 vel
734 2705 880 2753 etiam
906 2703 1199 2759 inculcetur,
1220 2705 1370 2769 siquis
1392 2704 1519 2754 forte
1546 2707 1607 2755 sit
1632 2709 1778 2755 tardi-

451 2803 520 2841 or,
546 2802 685 2849 posse
704 2783 957 2848 percipere
983 2783 1160 2838 animo,
1173 2791 1230 2837 ,et
1254 2785 1489 2831 memoria
1513 2786 1777 2834 custodire.

451 2863 568 2911 Non
611 2862 858 2927 quaeritru·
898 2861 1142 2910 mobilitas
1178 2861 1391 2925 linguae,
1430 2879 1529 2911 non
1555 2863 1778 2913 celeritas
