<?xml version="1.0" encoding="UTF-8"?>
<!DOCTYPE html PUBLIC "-//W3C//DTD XHTML 1.0 Transitional//EN"
    "http://www.w3.org/TR/xhtml1/DTD/xhtml1-transitional.dtd">
<html xmlns="http://www.w3.org/1999/xhtml" xml:lang="en" lang="en">
 <head>
  <title>
</title>
<meta http-equiv="Content-Type" content="text/html;charset=utf-8" />
  <meta name='ocr-system' content='tesseract 3.04.00' />
  <meta name='ocr-capabilities' content='ocr_page ocr_carea ocr_par ocr_line ocrx_word'/>
</head>
<body>
  <div class='ocr_page' id='page_1' title='image "./deoratorelibrit00ciceuoft_0416.png"; bbox 0 0 2071 3508; ppageno 0'>
   <div class='ocr_carea' id='block_1_1' title="bbox 421 428 1240 470">
    <p class='ocr_par' dir='ltr' id='par_1_1' title="bbox 421 428 1240 470">
     <span class='ocr_line' id='line_1_1' title="bbox 421 428 1240 470; baseline -0.001 -2"><span class='ocrx_word' id='word_1_1' title='bbox 421 432 500 470; x_wconf 78' lang='lat'>408</span> <span class='ocrx_word' id='word_1_2' title='bbox 929 429 1006 468; x_wconf 91' lang='lat' dir='ltr'>DE</span> <span class='ocrx_word' id='word_1_3' title='bbox 1036 428 1240 470; x_wconf 90' lang='lat' dir='ltr'><strong>CLARIS</strong></span> 
     </span>
    </p>
   </div>
   <div class='ocr_carea' id='block_1_2' title="bbox 420 536 1754 2965">
    <p class='ocr_par' dir='ltr' id='par_1_2' title="bbox 420 536 1754 2965">
     <span class='ocr_line' id='line_1_2' title="bbox 420 536 1748 602; baseline 0.001 -17"><span class='ocrx_word' id='word_1_4' title='bbox 420 554 581 602; x_wconf 89' lang='lat' dir='ltr'>pauca</span> <span class='ocrx_word' id='word_1_5' title='bbox 620 536 859 586; x_wconf 81' lang='lat' dir='ltr'><strong>dicemus.</strong></span> <span class='ocrx_word' id='word_1_6' title='bbox 945 539 1243 602; x_wconf 80' lang='lat' dir='ltr'>Quanquam</span> <span class='ocrx_word' id='word_1_7' title='bbox 1283 536 1513 586; x_wconf 80' lang='lat' dir='ltr'>facienda</span> <span class='ocrx_word' id='word_1_8' title='bbox 1561 536 1748 586; x_wconf 83' lang='lat' dir='ltr'>mentio</span> 
     </span>
     <span class='ocr_line' id='line_1_3' title="bbox 424 614 1749 681; baseline 0.001 -17"><span class='ocrx_word' id='word_1_9' title='bbox 424 624 513 673; x_wconf 87' lang='lat' dir='ltr'>est,</span> <span class='ocrx_word' id='word_1_10' title='bbox 561 624 619 665; x_wconf 90' lang='lat' dir='ltr'>ut</span> <span class='ocrx_word' id='word_1_11' title='bbox 659 618 859 681; x_wconf 90' lang='lat' dir='ltr'>quidem</span> <span class='ocrx_word' id='word_1_12' title='bbox 901 617 1020 665; x_wconf 90' lang='lat' dir='ltr'>mihi</span> <span class='ocrx_word' id='word_1_13' title='bbox 1058 617 1273 675; x_wconf 86' lang='lat' dir='ltr'>videtur,</span> <span class='ocrx_word' id='word_1_14' title='bbox 1310 616 1519 664; x_wconf 90' lang='lat' dir='ltr'>duorum</span> <span class='ocrx_word' id='word_1_15' title='bbox 1561 614 1749 665; x_wconf 67' lang='lat' dir='ltr'>adoles÷</span> 
     </span>
     <span class='ocr_line' id='line_1_4' title="bbox 424 695 1751 759; baseline -0.002 -15"><span class='ocrx_word' id='word_1_16' title='bbox 424 695 679 755; x_wconf 83' lang='lat' dir='ltr'>centium3</span> <span class='ocrx_word' id='word_1_17' title='bbox 718 695 802 759; x_wconf 89' lang='lat' dir='ltr'>qui</span> <span class='ocrx_word' id='word_1_18' title='bbox 840 696 879 744; x_wconf 83' lang='lat' dir='ltr'>si</span> <span class='ocrx_word' id='word_1_19' title='bbox 918 695 1102 742; x_wconf 88' lang='lat' dir='ltr'>diutius</span> <span class='ocrx_word' id='word_1_20' title='bbox 1131 695 1387 754; x_wconf 84' lang='lat' dir='ltr'><strong>vixissent,</strong></span> <span class='ocrx_word' id='word_1_21' title='bbox 1423 710 1653 759; x_wconf 88' lang='lat' dir='ltr'>magnam</span> <span class='ocrx_word' id='word_1_22' title='bbox 1678 709 1751 741; x_wconf 85' lang='lat' dir='ltr'>es-</span> 
     </span>
     <span class='ocr_line' id='line_1_5' title="bbox 424 771 1750 838; baseline -0.002 -16"><span class='ocrx_word' id='word_1_23' title='bbox 424 782 534 822; x_wconf 84' lang='lat' dir='ltr'>sent</span> <span class='ocrx_word' id='word_1_24' title='bbox 571 773 881 838; x_wconf 83' lang='lat' dir='ltr'>eloquentiae</span> <span class='ocrx_word' id='word_1_25' title='bbox 915 773 1114 826; x_wconf 86' lang='lat' dir='ltr'>laudem</span> <span class='ocrx_word' id='word_1_26' title='bbox 1139 773 1412 821; x_wconf 83' lang='lat' dir='ltr'>consecuti.</span> <span class='ocrx_word' id='word_1_27' title='bbox 1484 773 1541 821; x_wconf 88' lang='lat' dir='ltr'>C.</span> <span class='ocrx_word' id='word_1_28' title='bbox 1579 771 1750 821; x_wconf 88' lang='lat' dir='ltr'>Curio-</span> 
     </span>
     <span class='ocr_line' id='line_1_6' title="bbox 423 849 1749 916; baseline -0.003 -15"><span class='ocrx_word' id='word_1_29' title='bbox 423 868 537 902; x_wconf 87' lang='lat' dir='ltr'>nem</span> <span class='ocrx_word' id='word_1_30' title='bbox 560 860 632 912; x_wconf 81' lang='lat' dir='ltr'>te,</span> <span class='ocrx_word' id='word_1_31' title='bbox 666 852 829 916; x_wconf 90' lang='lat' dir='ltr'>inquit</span> <span class='ocrx_word' id='word_1_32' title='bbox 859 852 1055 907; x_wconf 80' lang='lat' dir='ltr'>BrutUS‚</span> <span class='ocrx_word' id='word_1_33' title='bbox 1095 858 1146 900; x_wconf 89' lang='lat' dir='ltr'>et</span> <span class='ocrx_word' id='word_1_34' title='bbox 1182 851 1239 900; x_wconf 91' lang='lat' dir='ltr'>C.</span> <span class='ocrx_word' id='word_1_35' title='bbox 1265 851 1516 908; x_wconf 89' lang='lat' dir='ltr'>Licinium</span> <span class='ocrx_word' id='word_1_36' title='bbox 1542 849 1749 906; x_wconf 87' lang='lat' dir='ltr'>Calvum</span> 
     </span>
     <span class='ocr_line' id='line_1_7' title="bbox 424 928 1748 994; baseline -0.002 -16"><span class='ocrx_word' id='word_1_37' title='bbox 424 932 632 980; x_wconf 79' lang='lat' dir='ltr'>arbitror</span> <span class='ocrx_word' id='word_1_38' title='bbox 679 931 860 980; x_wconf 84' lang='lat' dir='ltr'>dicere.</span> <span class='ocrx_word' id='word_1_39' title='bbox 956 931 1136 990; x_wconf 82' lang='lat' dir='ltr'>Recte,</span> <span class='ocrx_word' id='word_1_40' title='bbox 1194 930 1414 994; x_wconf 90' lang='lat' dir='ltr'>inquam,</span> <span class='ocrx_word' id='word_1_41' title='bbox 1468 928 1748 978; x_wconf 83' lang='lat' dir='ltr'>arbitraris:</span> 
     </span>
     <span class='ocr_line' id='line_1_8' title="bbox 424 1008 1750 1073; baseline 0 -17"><span class='ocrx_word' id='word_1_42' title='bbox 424 1026 634 1072; x_wconf 89' lang='lat' dir='ltr'>quorum</span> <span class='ocrx_word' id='word_1_43' title='bbox 675 1009 876 1073; x_wconf 90' lang='lat' dir='ltr'>quidem</span> <span class='ocrx_word' id='word_1_44' title='bbox 906 1008 1047 1067; x_wconf 89' lang='lat' dir='ltr'>alter,</span> <span class='ocrx_word' id='word_1_45' title='bbox 1083 1008 1218 1073; x_wconf 90' lang='lat' dir='ltr'>quod</span> <span class='ocrx_word' id='word_1_46' title='bbox 1241 1008 1502 1057; x_wconf 89' lang='lat' dir='ltr'>verisimile</span> <span class='ocrx_word' id='word_1_47' title='bbox 1528 1008 1750 1066; x_wconf 86' lang='lat' dir='ltr'>dixisset,</span> 
     </span>
     <span class='ocr_line' id='line_1_9' title="bbox 422 1087 1752 1151; baseline -0.002 -15"><span class='ocrx_word' id='word_1_48' title='bbox 422 1089 493 1136; x_wconf 88' lang='lat' dir='ltr'>ita</span> <span class='ocrx_word' id='word_1_49' title='bbox 527 1087 673 1136; x_wconf 88' lang='lat' dir='ltr'>facile</span> <span class='ocrx_word' id='word_1_50' title='bbox 710 1087 968 1151; x_wconf 88' lang='lat' dir='ltr'>soluteque</span> <span class='ocrx_word' id='word_1_51' title='bbox 997 1087 1159 1136; x_wconf 87' lang='lat' dir='ltr'>verbis</span> <span class='ocrx_word' id='word_1_52' title='bbox 1182 1087 1413 1136; x_wconf 84' lang='lat' dir='ltr'>volvebat</span> <span class='ocrx_word' id='word_1_53' title='bbox 1448 1088 1562 1135; x_wconf 88' lang='lat' dir='ltr'>satis</span> <span class='ocrx_word' id='word_1_54' title='bbox 1602 1088 1752 1135; x_wconf 87' lang='lat' dir='ltr'>inter-</span> 
     </span>
     <span class='ocr_line' id='line_1_10' title="bbox 426 1165 1752 1230; baseline -0.002 -15"><span class='ocrx_word' id='word_1_55' title='bbox 426 1167 544 1216; x_wconf 91' lang='lat' dir='ltr'>dum</span> <span class='ocrx_word' id='word_1_56' title='bbox 582 1174 771 1225; x_wconf 85' lang='lat' dir='ltr'>acutas,</span> <span class='ocrx_word' id='word_1_57' title='bbox 809 1168 1003 1215; x_wconf 88' lang='lat' dir='ltr'>crebras</span> <span class='ocrx_word' id='word_1_58' title='bbox 1045 1166 1245 1230; x_wconf 90' lang='lat' dir='ltr'>quidem</span> <span class='ocrx_word' id='word_1_59' title='bbox 1286 1174 1422 1214; x_wconf 88' lang='lat' dir='ltr'>certe</span> <span class='ocrx_word' id='word_1_60' title='bbox 1464 1165 1752 1224; x_wconf 84' lang='lat' dir='ltr'>sententias,</span> 
     </span>
     <span class='ocr_line' id='line_1_11' title="bbox 424 1244 1751 1310; baseline -0.002 -17"><span class='ocrx_word' id='word_1_61' title='bbox 424 1254 482 1294; x_wconf 88' lang='lat' dir='ltr'>ut</span> <span class='ocrx_word' id='word_1_62' title='bbox 515 1246 636 1293; x_wconf 86' lang='lat' dir='ltr'>nihil</span> <span class='ocrx_word' id='word_1_63' title='bbox 671 1254 838 1310; x_wconf 82' lang='lat' dir='ltr'>posset</span> <span class='ocrx_word' id='word_1_64' title='bbox 875 1246 1093 1294; x_wconf 89' lang='lat' dir='ltr'>ornatius</span> <span class='ocrx_word' id='word_1_65' title='bbox 1132 1262 1256 1304; x_wconf 89' lang='lat' dir='ltr'>esse,</span> <span class='ocrx_word' id='word_1_66' title='bbox 1291 1244 1413 1292; x_wconf 90' lang='lat' dir='ltr'>nihil</span> <span class='ocrx_word' id='word_1_67' title='bbox 1455 1244 1751 1308; x_wconf 87' lang='lat' dir='ltr'>expeditius.</span> 
     </span>
     <span class='ocr_line' id='line_1_12' title="bbox 426 1324 1753 1389; baseline -0.001 -17"><span class='ocrx_word' id='word_1_68' title='bbox 426 1324 597 1389; x_wconf 88' lang='lat' dir='ltr'>Atque</span> <span class='ocrx_word' id='word_1_69' title='bbox 639 1325 720 1373; x_wconf 87' lang='lat' dir='ltr'>hic</span> <span class='ocrx_word' id='word_1_70' title='bbox 756 1342 784 1373; x_wconf 92' lang='lat' dir='ltr'>a</span> <span class='ocrx_word' id='word_1_71' title='bbox 820 1325 1064 1389; x_wconf 83' lang='lat' dir='ltr'>magistris</span> <span class='ocrx_word' id='word_1_72' title='bbox 1106 1340 1280 1389; x_wconf 88' lang='lat' dir='ltr'>parum</span> <span class='ocrx_word' id='word_1_73' title='bbox 1304 1324 1577 1383; x_wconf 89' lang='lat' dir='ltr'>institutus,</span> <span class='ocrx_word' id='word_1_74' title='bbox 1613 1331 1753 1372; x_wconf 91' lang='lat' dir='ltr'>natu-</span> 
     </span>
     <span class='ocr_line' id='line_1_13' title="bbox 424 1401 1753 1454; baseline -0.001 -3"><span class='ocrx_word' id='word_1_75' title='bbox 424 1421 528 1452; x_wconf 85' lang='lat' dir='ltr'>ram</span> <span class='ocrx_word' id='word_1_76' title='bbox 569 1404 743 1452; x_wconf 86' lang='lat' dir='ltr'>habuit</span> <span class='ocrx_word' id='word_1_77' title='bbox 782 1403 1121 1452; x_wconf 86' lang='lat' dir='ltr'>admirabilem</span> <span class='ocrx_word' id='word_1_78' title='bbox 1159 1403 1223 1454; x_wconf 87' lang='lat' dir='ltr'>ad</span> <span class='ocrx_word' id='word_1_79' title='bbox 1247 1401 1550 1451; x_wconf 91' lang='lat' dir='ltr'>dicendum:</span> <span class='ocrx_word' id='word_1_80' title='bbox 1588 1402 1753 1451; x_wconf 90' lang='lat' dir='ltr'>indus-</span> 
     </span>
     <span class='ocr_line' id='line_1_14' title="bbox 424 1481 1751 1546; baseline 0.001 -17"><span class='ocrx_word' id='word_1_81' title='bbox 424 1482 568 1529; x_wconf 85' lang='lat' dir='ltr'>triam</span> <span class='ocrx_word' id='word_1_82' title='bbox 609 1498 710 1530; x_wconf 94' lang='lat' dir='ltr'>non</span> <span class='ocrx_word' id='word_1_83' title='bbox 749 1499 856 1529; x_wconf 90' lang='lat' dir='ltr'>sum</span> <span class='ocrx_word' id='word_1_84' title='bbox 895 1490 1160 1546; x_wconf 81' lang='lat' dir='ltr'>expertus:</span> <span class='ocrx_word' id='word_1_85' title='bbox 1200 1481 1419 1529; x_wconf 89' lang='lat' dir='ltr'>studium</span> <span class='ocrx_word' id='word_1_86' title='bbox 1459 1489 1594 1531; x_wconf 86' lang='lat' dir='ltr'>certe</span> <span class='ocrx_word' id='word_1_87' title='bbox 1622 1481 1751 1530; x_wconf 73' lang='lat' dir='ltr'>fuit2</span> 
     </span>
     <span class='ocr_line' id='line_1_15' title="bbox 425 1560 1754 1625; baseline 0 -17"><span class='ocrx_word' id='word_1_88' title='bbox 425 1562 508 1624; x_wconf 92' lang='lat' dir='ltr'>qui</span> <span class='ocrx_word' id='word_1_89' title='bbox 534 1561 572 1609; x_wconf 87' lang='lat' dir='ltr'>si</span> <span class='ocrx_word' id='word_1_90' title='bbox 595 1577 676 1609; x_wconf 89' lang='lat' dir='ltr'>me</span> <span class='ocrx_word' id='word_1_91' title='bbox 700 1561 871 1609; x_wconf 90' lang='lat' dir='ltr'>audire</span> <span class='ocrx_word' id='word_1_92' title='bbox 895 1561 1149 1619; x_wconf 79' lang='lat' dir='ltr'>voluisset,</span> <span class='ocrx_word' id='word_1_93' title='bbox 1174 1569 1230 1608; x_wconf 88' lang='lat' dir='ltr'>ut</span> <span class='ocrx_word' id='word_1_94' title='bbox 1249 1568 1500 1625; x_wconf 88' lang='lat' dir='ltr'>coeperat,</span> <span class='ocrx_word' id='word_1_95' title='bbox 1524 1560 1754 1619; x_wconf 87' lang='lat' dir='ltr'>honores,</span> 
     </span>
     <span class='ocr_line' id='line_1_16' title="bbox 425 1639 1753 1704; baseline 0.001 -17"><span class='ocrx_word' id='word_1_96' title='bbox 425 1657 571 1704; x_wconf 89' lang='lat' dir='ltr'>quam</span> <span class='ocrx_word' id='word_1_97' title='bbox 598 1656 733 1704; x_wconf 85' lang='lat' dir='ltr'>opes,</span> <span class='ocrx_word' id='word_1_98' title='bbox 771 1640 1006 1703; x_wconf 87' lang='lat' dir='ltr'>consequi</span> <span class='ocrx_word' id='word_1_99' title='bbox 1031 1639 1298 1687; x_wconf 86' lang='lat' dir='ltr'>maluisset.</span> <span class='ocrx_word' id='word_1_100' title='bbox 1371 1639 1625 1696; x_wconf 83' lang='lat' dir='ltr'>Quidnam</span> <span class='ocrx_word' id='word_1_101' title='bbox 1660 1648 1753 1699; x_wconf 88' lang='lat' dir='ltr'>est,</span> 
     </span>
     <span class='ocr_line' id='line_1_17' title="bbox 423 1717 1751 1783; baseline 0.003 -19"><span class='ocrx_word' id='word_1_102' title='bbox 423 1718 604 1782; x_wconf 82' lang='lat' dir='ltr'>inquit,</span> <span class='ocrx_word' id='word_1_103' title='bbox 661 1718 829 1766; x_wconf 87' lang='lat' dir='ltr'>istud?</span> <span class='ocrx_word' id='word_1_104' title='bbox 889 1726 940 1766; x_wconf 92' lang='lat' dir='ltr'>et</span> <span class='ocrx_word' id='word_1_105' title='bbox 987 1717 1404 1782; x_wconf 91' lang='lat' dir='ltr'>quemadmodum</span> <span class='ocrx_word' id='word_1_106' title='bbox 1453 1718 1751 1783; x_wconf 83' lang='lat' dir='ltr'>distinguis?</span> 
     </span>
     <span class='ocr_line' id='line_1_18' title="bbox 426 1796 1752 1861; baseline 0.001 -16"><span class='ocrx_word' id='word_1_107' title='bbox 426 1797 542 1846; x_wconf 92' lang='lat' dir='ltr'>Hoc</span> <span class='ocrx_word' id='word_1_108' title='bbox 567 1798 735 1856; x_wconf 89' lang='lat' dir='ltr'>modo,</span> <span class='ocrx_word' id='word_1_109' title='bbox 773 1798 989 1861; x_wconf 89' lang='lat' dir='ltr'>inquam.</span> <span class='ocrx_word' id='word_1_110' title='bbox 1062 1797 1190 1845; x_wconf 90' lang='lat' dir='ltr'>Cum</span> <span class='ocrx_word' id='word_1_111' title='bbox 1214 1796 1370 1844; x_wconf 91' lang='lat' dir='ltr'>honos</span> <span class='ocrx_word' id='word_1_112' title='bbox 1395 1796 1457 1844; x_wconf 86' lang='lat' dir='ltr'>sit</span> <span class='ocrx_word' id='word_1_113' title='bbox 1478 1798 1752 1861; x_wconf 89' lang='lat' dir='ltr'>praemium</span> 
     </span>
     <span class='ocr_line' id='line_1_19' title="bbox 423 1875 1754 1940; baseline 0.002 -17"><span class='ocrx_word' id='word_1_114' title='bbox 423 1876 636 1935; x_wconf 82' lang='lat' dir='ltr'>virtutis,</span> <span class='ocrx_word' id='word_1_115' title='bbox 680 1876 874 1940; x_wconf 87' lang='lat' dir='ltr'>judicio</span> <span class='ocrx_word' id='word_1_116' title='bbox 911 1875 1173 1939; x_wconf 87' lang='lat' dir='ltr'>studioque</span> <span class='ocrx_word' id='word_1_117' title='bbox 1214 1875 1396 1923; x_wconf 86' lang='lat' dir='ltr'>civium</span> <span class='ocrx_word' id='word_1_118' title='bbox 1434 1875 1654 1924; x_wconf 87' lang='lat' dir='ltr'>delatum</span> <span class='ocrx_word' id='word_1_119' title='bbox 1689 1878 1754 1926; x_wconf 87' lang='lat' dir='ltr'>ad</span> 
     </span>
     <span class='ocr_line' id='line_1_20' title="bbox 423 1954 1753 2021; baseline 0.001 -18"><span class='ocrx_word' id='word_1_120' title='bbox 423 1955 656 2020; x_wconf 81' lang='lat' dir='ltr'>aliquem,</span> <span class='ocrx_word' id='word_1_121' title='bbox 693 1955 777 2020; x_wconf 90' lang='lat' dir='ltr'>qui</span> <span class='ocrx_word' id='word_1_122' title='bbox 803 1972 914 2004; x_wconf 90' lang='lat' dir='ltr'>eum</span> <span class='ocrx_word' id='word_1_123' title='bbox 941 1955 1216 2014; x_wconf 80' lang='lat' dir='ltr'>sententiis,</span> <span class='ocrx_word' id='word_1_124' title='bbox 1242 1954 1324 2018; x_wconf 90' lang='lat' dir='ltr'>qui</span> <span class='ocrx_word' id='word_1_125' title='bbox 1349 1954 1588 2019; x_wconf 83' lang='lat' dir='ltr'>suffiagiis</span> <span class='ocrx_word' id='word_1_126' title='bbox 1607 1956 1753 2021; x_wconf 86' lang='lat' dir='ltr'>adep-</span> 
     </span>
     <span class='ocr_line' id='line_1_21' title="bbox 423 2032 1752 2094; baseline 0.002 -13"><span class='ocrx_word' id='word_1_127' title='bbox 423 2042 502 2082; x_wconf 84' lang='lat' dir='ltr'>tus</span> <span class='ocrx_word' id='word_1_128' title='bbox 527 2042 635 2094; x_wconf 80' lang='lat' dir='ltr'>est3</span> <span class='ocrx_word' id='word_1_129' title='bbox 674 2033 714 2080; x_wconf 88' lang='lat' dir='ltr'>is</span> <span class='ocrx_word' id='word_1_130' title='bbox 750 2032 870 2080; x_wconf 89' lang='lat' dir='ltr'>mihi</span> <span class='ocrx_word' id='word_1_131' title='bbox 896 2041 947 2081; x_wconf 92' lang='lat' dir='ltr'>et</span> <span class='ocrx_word' id='word_1_132' title='bbox 970 2033 1206 2080; x_wconf 88' lang='lat' dir='ltr'>honestus</span> <span class='ocrx_word' id='word_1_133' title='bbox 1243 2040 1294 2080; x_wconf 83' lang='lat' dir='ltr'>et</span> <span class='ocrx_word' id='word_1_134' title='bbox 1328 2032 1596 2082; x_wconf 85' lang='lat' dir='ltr'>honoratus</span> <span class='ocrx_word' id='word_1_135' title='bbox 1620 2034 1752 2083; x_wconf 91' lang='lat' dir='ltr'>vide-</span> 
     </span>
     <span class='ocr_line' id='line_1_22' title="bbox 422 2107 1752 2176; baseline 0.001 -14"><span class='ocrx_word' id='word_1_136' title='bbox 422 2123 518 2163; x_wconf 90' lang='lat' dir='ltr'>tur.</span> <span class='ocrx_word' id='word_1_137' title='bbox 592 2113 693 2168; x_wconf 89' lang='lat' dir='ltr'>Qui</span> <span class='ocrx_word' id='word_1_138' title='bbox 725 2120 891 2160; x_wconf 89' lang='lat' dir='ltr'>autem</span> <span class='ocrx_word' id='word_1_139' title='bbox 917 2112 1177 2161; x_wconf 83' lang='lat' dir='ltr'>occasione</span> <span class='ocrx_word' id='word_1_140' title='bbox 1202 2111 1379 2176; x_wconf 89' lang='lat' dir='ltr'>aliqua,</span> <span class='ocrx_word' id='word_1_141' title='bbox 1413 2107 1562 2160; x_wconf 83' lang='lat' dir='ltr'>etiarn</span> <span class='ocrx_word' id='word_1_142' title='bbox 1586 2113 1752 2163; x_wconf 85' lang='lat' dir='ltr'>invitis</span> 
     </span>
     <span class='ocr_line' id='line_1_23' title="bbox 424 2191 1752 2258; baseline 0.001 -18"><span class='ocrx_word' id='word_1_143' title='bbox 424 2194 521 2240; x_wconf 80' lang='lat' dir='ltr'>suis</span> <span class='ocrx_word' id='word_1_144' title='bbox 547 2192 755 2250; x_wconf 84' lang='lat' dir='ltr'>civibus,</span> <span class='ocrx_word' id='word_1_145' title='bbox 790 2199 967 2239; x_wconf 83' lang='lat' dir='ltr'>nactus</span> <span class='ocrx_word' id='word_1_146' title='bbox 993 2199 1067 2240; x_wconf 86' lang='lat' dir='ltr'>est</span> <span class='ocrx_word' id='word_1_147' title='bbox 1090 2191 1367 2254; x_wconf 89' lang='lat' dir='ltr'>imperium,</span> <span class='ocrx_word' id='word_1_148' title='bbox 1406 2200 1462 2239; x_wconf 89' lang='lat' dir='ltr'>ut</span> <span class='ocrx_word' id='word_1_149' title='bbox 1485 2191 1567 2240; x_wconf 90' lang='lat' dir='ltr'>ille</span> <span class='ocrx_word' id='word_1_150' title='bbox 1587 2193 1752 2258; x_wconf 89' lang='lat' dir='ltr'>cupie-</span> 
     </span>
     <span class='ocr_line' id='line_1_24' title="bbox 423 2269 1752 2334; baseline 0.001 -14"><span class='ocrx_word' id='word_1_151' title='bbox 423 2273 543 2330; x_wconf 79' lang='lat' dir='ltr'>bat3</span> <span class='ocrx_word' id='word_1_152' title='bbox 581 2271 715 2318; x_wconf 90' lang='lat' dir='ltr'>hunc</span> <span class='ocrx_word' id='word_1_153' title='bbox 741 2286 922 2318; x_wconf 89' lang='lat' dir='ltr'>nomen</span> <span class='ocrx_word' id='word_1_154' title='bbox 958 2270 1156 2318; x_wconf 89' lang='lat' dir='ltr'>honoris</span> <span class='ocrx_word' id='word_1_155' title='bbox 1187 2269 1439 2334; x_wconf 89' lang='lat' dir='ltr'>adeptum,</span> <span class='ocrx_word' id='word_1_156' title='bbox 1477 2287 1578 2318; x_wconf 89' lang='lat' dir='ltr'>non</span> <span class='ocrx_word' id='word_1_157' title='bbox 1602 2271 1752 2321; x_wconf 92' lang='lat' dir='ltr'>hono-</span> 
     </span>
     <span class='ocr_line' id='line_1_25' title="bbox 423 2349 1752 2414; baseline 0.002 -17"><span class='ocrx_word' id='word_1_158' title='bbox 423 2367 527 2398; x_wconf 86' lang='lat' dir='ltr'>rem</span> <span class='ocrx_word' id='word_1_159' title='bbox 551 2358 690 2414; x_wconf 85' lang='lat' dir='ltr'>puto.</span> <span class='ocrx_word' id='word_1_160' title='bbox 764 2349 904 2406; x_wconf 82' lang='lat' dir='ltr'>Quae</span> <span class='ocrx_word' id='word_1_161' title='bbox 941 2350 979 2396; x_wconf 86' lang='lat' dir='ltr'>si</span> <span class='ocrx_word' id='word_1_162' title='bbox 1010 2349 1092 2397; x_wconf 88' lang='lat' dir='ltr'>ille</span> <span class='ocrx_word' id='word_1_163' title='bbox 1117 2349 1287 2396; x_wconf 87' lang='lat' dir='ltr'>audire</span> <span class='ocrx_word' id='word_1_164' title='bbox 1314 2349 1563 2409; x_wconf 85' lang='lat' dir='ltr'>voluisset,</span> <span class='ocrx_word' id='word_1_165' title='bbox 1601 2352 1752 2401; x_wconf 84' lang='lat' dir='ltr'>maxi-</span> 
     </span>
     <span class='ocr_line' id='line_1_26' title="bbox 425 2428 1750 2493; baseline 0.002 -17"><span class='ocrx_word' id='word_1_166' title='bbox 425 2447 505 2477; x_wconf 87' lang='lat' dir='ltr'>ma</span> <span class='ocrx_word' id='word_1_167' title='bbox 530 2446 643 2479; x_wconf 89' lang='lat' dir='ltr'>cum</span> <span class='ocrx_word' id='word_1_168' title='bbox 667 2429 827 2493; x_wconf 86' lang='lat' dir='ltr'>gratia</span> <span class='ocrx_word' id='word_1_169' title='bbox 851 2437 900 2477; x_wconf 91' lang='lat' dir='ltr'>et</span> <span class='ocrx_word' id='word_1_170' title='bbox 923 2428 1079 2492; x_wconf 86' lang='lat' dir='ltr'>gloria</span> <span class='ocrx_word' id='word_1_171' title='bbox 1103 2428 1167 2476; x_wconf 87' lang='lat' dir='ltr'>ad</span> <span class='ocrx_word' id='word_1_172' title='bbox 1191 2445 1430 2476; x_wconf 87' lang='lat' dir='ltr'>summam</span> <span class='ocrx_word' id='word_1_173' title='bbox 1470 2428 1750 2493; x_wconf 86' lang='lat' dir='ltr'>amplitudi-</span> 
     </span>
     <span class='ocr_line' id='line_1_27' title="bbox 424 2507 1752 2573; baseline 0.001 -17"><span class='ocrx_word' id='word_1_174' title='bbox 424 2526 536 2557; x_wconf 83' lang='lat' dir='ltr'>nem</span> <span class='ocrx_word' id='word_1_175' title='bbox 561 2508 883 2573; x_wconf 86' lang='lat' dir='ltr'>pervenisset,</span> <span class='ocrx_word' id='word_1_176' title='bbox 910 2507 1218 2558; x_wconf 84' lang='lat' dir='ltr'>adscendens</span> <span class='ocrx_word' id='word_1_177' title='bbox 1241 2507 1474 2571; x_wconf 83' lang='lat' dir='ltr'>gradibus</span> <span class='ocrx_word' id='word_1_178' title='bbox 1498 2508 1752 2572; x_wconf 84' lang='lat' dir='ltr'>magistra-</span> 
     </span>
     <span class='ocr_line' id='line_1_28' title="bbox 422 2586 1750 2652; baseline 0.001 -17"><span class='ocrx_word' id='word_1_179' title='bbox 422 2597 582 2648; x_wconf 72' lang='lat' dir='ltr'>tuum,</span> <span class='ocrx_word' id='word_1_180' title='bbox 618 2596 674 2636; x_wconf 91' lang='lat' dir='ltr'>ut</span> <span class='ocrx_word' id='word_1_181' title='bbox 697 2596 837 2652; x_wconf 88' lang='lat' dir='ltr'>pater</span> <span class='ocrx_word' id='word_1_182' title='bbox 862 2587 965 2651; x_wconf 82' lang='lat' dir='ltr'>ejus</span> <span class='ocrx_word' id='word_1_183' title='bbox 989 2586 1193 2643; x_wconf 84' lang='lat' dir='ltr'>fecerat,</span> <span class='ocrx_word' id='word_1_184' title='bbox 1231 2595 1287 2635; x_wconf 92' lang='lat' dir='ltr'>ut</span> <span class='ocrx_word' id='word_1_185' title='bbox 1323 2586 1498 2651; x_wconf 88' lang='lat' dir='ltr'>reliqui</span> <span class='ocrx_word' id='word_1_186' title='bbox 1522 2587 1750 2636; x_wconf 85' lang='lat' dir='ltr'>clariores</span> 
     </span>
     <span class='ocr_line' id='line_1_29' title="bbox 426 2665 1745 2730; baseline 0.001 -17"><span class='ocrx_word' id='word_1_187' title='bbox 426 2667 527 2714; x_wconf 61' lang='lat' dir='ltr'>viri.</span> <span class='ocrx_word' id='word_1_188' title='bbox 601 2667 742 2724; x_wconf 87' lang='lat' dir='ltr'>Quae</span> <span class='ocrx_word' id='word_1_189' title='bbox 768 2666 970 2730; x_wconf 89' lang='lat' dir='ltr'>quidem</span> <span class='ocrx_word' id='word_1_190' title='bbox 1008 2666 1157 2713; x_wconf 87' lang='lat' dir='ltr'>etiam</span> <span class='ocrx_word' id='word_1_191' title='bbox 1195 2682 1309 2716; x_wconf 86' lang='lat' dir='ltr'>cum</span> <span class='ocrx_word' id='word_1_192' title='bbox 1352 2666 1406 2713; x_wconf 88' lang='lat' dir='ltr'>P.</span> <span class='ocrx_word' id='word_1_193' title='bbox 1434 2665 1629 2725; x_wconf 87' lang='lat' dir='ltr'>Crasso,</span> <span class='ocrx_word' id='word_1_194' title='bbox 1671 2665 1745 2714; x_wconf 88' lang='lat' dir='ltr'>M.</span> 
     </span>
     <span class='ocr_line' id='line_1_30' title="bbox 423 2745 1745 2805; baseline 0.001 -12"><span class='ocrx_word' id='word_1_195' title='bbox 423 2747 537 2805; x_wconf 72' lang='lat' dir='ltr'>filio,</span> <span class='ocrx_word' id='word_1_196' title='bbox 576 2763 689 2795; x_wconf 83' lang='grc'><strong>011111</strong></span> <span class='ocrx_word' id='word_1_197' title='bbox 713 2746 855 2795; x_wconf 90' lang='lat' dir='ltr'>initio</span> <span class='ocrx_word' id='word_1_198' title='bbox 880 2745 1054 2797; x_wconf 85' lang='lat' dir='ltr'>aetatis</span> <span class='ocrx_word' id='word_1_199' title='bbox 1090 2745 1153 2793; x_wconf 92' lang='lat' dir='ltr'>ad</span> <span class='ocrx_word' id='word_1_200' title='bbox 1188 2745 1456 2794; x_wconf 82' lang='lat' dir='ltr'>amicitiam</span> <span class='ocrx_word' id='word_1_201' title='bbox 1494 2761 1545 2799; x_wconf 86' lang='lat' dir='ltr'>se</span> <span class='ocrx_word' id='word_1_202' title='bbox 1586 2761 1745 2794; x_wconf 82' lang='lat' dir='ltr'>meam</span> 
     </span>
     <span class='ocr_line' id='line_1_31' title="bbox 423 2823 1747 2889; baseline -0.002 -16"><span class='ocrx_word' id='word_1_203' title='bbox 423 2825 728 2884; x_wconf 71' lang='lat' dir='ltr'>contulisset,</span> <span class='ocrx_word' id='word_1_204' title='bbox 765 2841 910 2889; x_wconf 84' lang='lat' dir='ltr'>saepe</span> <span class='ocrx_word' id='word_1_205' title='bbox 935 2824 1094 2888; x_wconf 84' lang='lat' dir='ltr'>egisse</span> <span class='ocrx_word' id='word_1_206' title='bbox 1119 2839 1199 2872; x_wconf 90' lang='lat' dir='ltr'>me</span> <span class='ocrx_word' id='word_1_207' title='bbox 1223 2823 1446 2882; x_wconf 85' lang='lat' dir='ltr'>arbitror,</span> <span class='ocrx_word' id='word_1_208' title='bbox 1481 2839 1595 2872; x_wconf 88' lang='lat' dir='ltr'>cum</span> <span class='ocrx_word' id='word_1_209' title='bbox 1631 2838 1747 2872; x_wconf 89' lang='lat' dir='ltr'>eum</span> 
     </span>
     <span class='ocr_line' id='line_1_32' title="bbox 421 2901 1745 2965; baseline -0.001 -14"><span class='ocrx_word' id='word_1_210' title='bbox 421 2904 738 2965; x_wconf 70' lang='lat' dir='ltr'>vehementer</span> <span class='ocrx_word' id='word_1_211' title='bbox 778 2905 1018 2964; x_wconf 79' lang='lat' dir='ltr'>hortarer,</span> <span class='ocrx_word' id='word_1_212' title='bbox 1054 2911 1111 2954; x_wconf 88' lang='lat' dir='ltr'>ut</span> <span class='ocrx_word' id='word_1_213' title='bbox 1149 2919 1256 2961; x_wconf 80' lang='lat' dir='ltr'>eam</span> <span class='ocrx_word' id='word_1_214' title='bbox 1292 2902 1452 2952; x_wconf 87' lang='lat' dir='ltr'>laudis</span> <span class='ocrx_word' id='word_1_215' title='bbox 1476 2901 1605 2953; x_wconf 85' lang='lat' dir='ltr'>viam</span> <span class='ocrx_word' id='word_1_216' title='bbox 1641 2917 1745 2951; x_wconf 55' lang='lat' dir='ltr'>recu</span> 
     </span>
    </p>
   </div>
  </div>
 </body>
</html>
