2071 3508
706 394 875 435 LIBER
906 393 1213 435 SECUNDUS,
1554 404 1629 440 105

299 513 416 554 ant:
454 506 552 563 hic,
593 503 686 550 nisi
727 503 1010 551 domesticis
1052 520 1103 551 se
1142 504 1432 554 instruxerit
1457 508 1628 572 copiis,

299 584 496 632 aliunde
521 581 720 630 dicendi
747 582 939 646 copiam
962 590 1134 646 petere
1159 599 1259 631 non
1277 584 1446 648 possit.

364 662 494 709 Tum
537 660 762 719 Catulus,
796 660 921 719 Etsi,
957 660 1137 725 inquit,
1175 662 1388 722 Antoni,
1424 662 1627 711 minime
1649 655 1749 715 10,

296 738 641 803 impediendus
666 748 741 787 est
765 739 1164 804 interpellatione
1199 740 1291 789 iste
1330 758 1500 790 cursus
1524 759 1629 790 ora·
1660 747 1737 789 39.

295 816 441 865 tionis
487 825 622 876 tuae,
668 818 856 882 patiere
897 825 1085 876 tamen,
1124 817 1342 882 mihique
1383 819 1627 884 ignosces.

293 896 415 943 Non
438 896 559 943 enim
574 911 783 959 possum,
825 897 937 960 quin
961 897 1228 956 eaeclamem,
1265 905 1322 945 ut
1357 897 1426 946 ait
1460 899 1542 948 ille
1579 901 1631 948 in

298 974 624 1022 Trinummo:
663 974 733 1023 ita
773 975 893 1022 mihi
934 975 1033 1023 vim
1073 976 1277 1024 oratoris
1315 993 1429 1024 cum
1472 979 1631 1043 expri-

296 1069 429 1101 mere
455 1052 698 1102 subtiliter
722 1054 853 1102 visus
879 1072 948 1113 es,
986 1062 1108 1103 tum»
1132 1051 1334 1103 laudare
1360 1056 1631 1121 copiosissi-

296 1148 375 1181 me
397 1151 408 1181 :
437 1133 571 1198 quod
589 1133 789 1197 quidem
810 1133 1126 1198 eloquentem
1151 1134 1229 1182 vel
1255 1135 1441 1199 optime
1465 1134 1632 1184 facere

296 1220 510 1277 oportet,
544 1220 603 1260 ut
638 1212 971 1277 eloquentiam
995 1212 1198 1261 laudet:
1239 1214 1390 1262 debet
1414 1215 1545 1262 enim
1571 1215 1635 1264 ad

298 1308 406 1340 eam
451 1291 770 1351 laudandam,
817 1293 970 1356 ipsam
1009 1291 1142 1340 illam
1184 1292 1438 1352 adhibere,
1486 1310 1632 1358 quam

298 1370 480 1433 laudat.
555 1372 652 1420 Sed
692 1389 844 1437 perge
882 1389 1058 1437 porro:
1097 1373 1186 1420 tibi
1218 1373 1351 1420 enim
1376 1373 1633 1431 assentior,

297 1463 515 1499 vestrum
555 1468 659 1501 esse
699 1451 793 1498 hoe
818 1459 998 1509 totum,
1038 1451 1219 1499 diserte
1246 1451 1444 1512 dicere3
1482 1451 1633 1515 idque

299 1530 338 1577 si
364 1531 470 1594 quis
494 1530 546 1577 in
570 1529 664 1577 alia
688 1538 792 1578 arte
817 1530 984 1586 faciat,
1019 1547 1132 1578 eum
1158 1538 1410 1595 assumpto
1435 1530 1634 1579 aliunde

298 1609 372 1657 uti
412 1611 563 1668 bono,
602 1625 701 1657 non
742 1610 959 1674 proprio,
997 1626 1091 1658 nec
1134 1627 1238 1658 suo.
1310 1611 1377 1659 Et
1413 1610 1636 1671 Crassus,

297 1687 414 1736 Nox
439 1697 508 1748 te,
549 1690 729 1754 inquit,
763 1691 924 1749 nobis,
962 1690 1174 1750 Antoni,
1201 1692 1454 1756 expolivit,
1481 1692 1635 1740 homi-

297 1783 510 1832 nemque
534 1769 767 1818 reddidit.
829 1770 960 1818 Nam
985 1769 1216 1818 hesterno
1242 1787 1467 1820 sermone
1491 1773 1637 1820 unius

295 1847 540 1910 cujusdam
576 1851 750 1913 operis,
791 1857 849 1897 ut
885 1849 954 1897 ait
997 1849 1264 1909 Caecilius,
1299 1852 1526 1914 remigem
1554 1854 1636 1900 ali-

296 1944 445 1992 quem,
471 1936 557 1976 aut
578 1929 801 1991 bajulum,
837 1929 978 1978 nobis
1013 1936 1258 1977 oratorem
1292 1929 1637 1995 descripseras,

296 2007 496 2071 inopem
523 2009 770 2072 quendam
795 2008 1135 2067 humanitatis,
1154 2016 1302 2073 atque
1322 2009 1635 2058 inurbanum.

300 2085 432 2134 Tum
476 2087 746 2147 Antonius,
796 2087 922 2135 Heri
965 2088 1115 2147 enim,
1157 2088 1337 2152 inquit,
1380 2088 1476 2137 hoc
1516 2090 1636 2137 mihi

297 2182 668 2230 proposueram,
702 2175 778 2226 ut,
817 2167 855 2214 si
882 2175 932 2215 te
957 2166 1265 2226 refellissem,
1300 2167 1389 2215 hos
1415 2186 1443 2215 a
1466 2176 1517 2216 te
1543 2168 1637 2215 dis-

299 2246 488 2311 cipulos
512 2247 843 2296 abducerem:
882 2264 1036 2308 nunc,
1073 2248 1253 2296 Catulo
1289 2248 1543 2306 audiente,
1587 2256 1638 2295 et

299 2325 529 2385 Caesare,
553 2325 725 2374 videor
750 2325 931 2375 debere
956 2342 1056 2374 non
1081 2333 1182 2374 tam
1206 2343 1430 2392 pugnare
1449 2334 1636 2386 tecum,

300 2420 468 2469 quam,
493 2404 613 2469 quid
637 2405 742 2469 ipse
769 2405 997 2464 sentiam,
1037 2405 1220 2454 dicere.
1293 2405 1524 2470 Sequitur
1548 2406 1637 2470 igi-

298 2491 398 2543 tur,
424 2484 655 2548 quoniam
680 2484 821 2532 nobis
847 2492 922 2532 est
946 2483 1046 2543 hic,
1072 2484 1134 2533 de
1160 2501 1258 2549 quo
1282 2484 1547 2549 loquimur,
1586 2485 1636 2531 in

298 2561 407 2610 foro
446 2570 594 2625 atque
632 2562 683 2609 in
725 2562 881 2611 oculis
925 2563 1107 2611 civium
1150 2564 1546 2622 constituendus,
1583 2572 1639 2611 ut

298 2639 574 2699 videamus,
615 2640 735 2704 quid
777 2642 821 2688 ei
863 2642 1052 2705 negotii
1089 2641 1281 2700 demus,
1319 2642 1498 2705 cuique
1525 2658 1636 2689 eum

301 2719 493 2767 muneri
518 2718 726 2767 velimus
752 2736 857 2767 esse
881 2719 1233 2784 praepositum.
1279 2720 1409 2768 Nam
1437 2720 1638 2768 Crassus

300 2798 426 2857 heri,
452 2814 566 2845 cum
592 2814 697 2856 vos,
732 2797 910 2846 Catule
948 2805 999 2846 et
1025 2797 1222 2857 Caesar,
1259 2815 1359 2846 non
1384 2798 1638 2857 adessetis‚

301 2877 467 2943 posuit
490 2876 705 2933 breviter
729 2876 780 2925 in
805 2876 921 2925 artis
947 2875 1294 2928 distributione
1317 2877 1470 2938 idem,
1506 2879 1636 2944 quod

1667 1630 1746 1670 40.

1668 2423 1747 2462 41.
