2071 3508
272 1356 375 1419 34.

394 394 475 432 350
515 430 518 433 ,
910 387 988 427 DE
1019 384 1221 426 CLARIS

398 501 456 550 C.
484 499 664 559 Galba,
701 497 856 547 Servii
890 497 1020 545 illius
1060 492 1448 560 eloquentissimi
1471 491 1562 541 viri
1585 489 1731 551 filius,

400 581 453 629 P.
482 579 643 628 Crassi
668 576 942 643 eloquentis
978 584 1028 625 et
1055 573 1329 640 jurisperiti
1361 587 1530 637 gener.
1601 570 1733 618 Lau-

401 659 586 707 dabant
609 658 742 705 hunc
765 663 929 721 patres
953 654 1122 710 nostri,
1160 653 1395 701 favebant
1418 650 1567 699 etiam
1590 664 1735 713 prop-

401 745 479 787 ter
501 738 653 802 patris
677 735 984 792 memoriam,
999 732 1087 781 sed
1106 730 1291 780 cecidit
1314 729 1548 783 incursu.
1602 727 1737 775 Nam

403 815 661 880 rogatione
704 811 947 869 Mamilia,
1004 807 1336 873 ,Iugurthinae
1385 803 1740 870 conjurationis

403 892 608 950 invidia,
647 907 762 939 cum
800 905 890 954 pro
929 904 1034 936 sese
1075 887 1178 951 ipse
1218 884 1442 942 dixisset,
1479 897 1738 948 oppressus

407 980 496 1020 est.
548 971 726 1018 Exstat
750 967 854 1032 ejus
877 965 1142 1031 peroratio,
1167 963 1251 1028 qui
1276 961 1500 1027 epilogus
1526 960 1738 1009 dicitur:

408 1050 492 1115 qui
516 1055 656 1096 tanto
680 1047 732 1093 in
756 1045 966 1102 honore,
1000 1043 1165 1107 pueris
1201 1041 1361 1099 nobis,
1398 1047 1518 1097 erat,
1545 1047 1603 1087 ut
1627 1055 1743 1088 eum

409 1128 559 1177 etiam
585 1125 933 1174 edisceremus.
1007 1121 1124 1177 Hic,
1152 1120 1236 1184 qui
1270 1119 1323 1165 in
1348 1117 1561 1182 collegio
1585 1133 1744 1166 sacer-

411 1207 585 1255 dotum
610 1210 756 1261 esset,
791 1201 978 1265 primus
1011 1205 1125 1263 post
1159 1198 1374 1245 Romam
1397 1195 1652 1243 conditam
1666 1192 1747 1259 ju-

412 1297 545 1346 dicio
567 1294 770 1361 publico
795 1300 870 1341 est
894 1290 1272 1340 condemnatus.

481 1376 535 1424 P.
564 1373 745 1438 Scipio,
786 1371 870 1436 qui
906 1377 981 1418 est
1015 1369 1066 1416 in
1093 1366 1355 1416 consulatu
1379 1373 1623 1426 mortuus,
1647 1381 1750 1415 non

413 1455 627 1505 multum
651 1451 733 1498 ille
758 1449 980 1514 quidem,
1004 1464 1098 1496 nec
1125 1462 1273 1511 saepe
1305 1445 1537 1494 dicebat:
1576 1444 1664 1493 sed
1699 1453 1753 1494 et

415 1535 595 1584 Latine
619 1529 870 1594 loquendo
895 1527 1050 1582 cuivis
1076 1534 1181 1575 erat
1216 1542 1323 1590 par,
1366 1532 1417 1572 et
1454 1539 1627 1571 omnes
1652 1523 1752 1574 sale

414 1613 707 1675 facetiisque
744 1609 1021 1672 superabat.
1094 1605 1213 1670 Ejus
1250 1603 1444 1668 collega
1478 1603 1538 1651 L.
1567 1604 1753 1664 Bestia,

416 1693 560 1744 bonis
583 1689 735 1737 initiis
760 1703 897 1735 orsus
921 1685 1220 1742 tribunatuS‚
1258 1685 1399 1748 (nam
1424 1682 1478 1729 P.
1506 1681 1754 1746 Popilium

419 1773 468 1822 vi
494 1771 551 1820 C.
579 1766 800 1818 Gracchi
832 1764 1092 1830 expulsum
1118 1780 1205 1811 sua
1229 1761 1486 1826 rogatione
1510 1761 1753 1824 restituit)

419 1853 495 1900 vir
530 1858 581 1898 et
622 1864 735 1896 acer
771 1854 822 1894 et
861 1861 962 1892 non
987 1842 1271 1900 indisertus,
1296 1840 1460 1888 tristes
1485 1840 1649 1888 exitus
1672 1840 1757 1889 ha-

422 1931 533 1979 buit
567 1925 866 1978 consulatus.
937 1922 1068 1970 Nam
1104 1920 1347 1968 invidiosa
1381 1918 1494 1983 lege
1532 1918 1759 1969 Mamilia

425 2011 483 2059 C.
509 2008 723 2058 Galbam
759 2001 1085 2057 sacerdotem,
1123 2008 1175 2048 et
1210 1989 1422 2063 quatuor
1457 1998 1758 2061 consulares,

425 2090 485 2139 L.
512 2087 749 2144 Bestiam,
788 2083 845 2131 C.
874 2082 1137 2138 Catonem,
1174 2079 1255 2143 Sp.
1286 2077 1547 2137 Albinum,
1577 2078 1758 2128 civem-

425 2186 522 2236 que
545 2161 1020 2232 ptaestantissimum
1046 2159 1104 2206 L.
1133 2157 1410 2223 Opimium,
1437 2156 1658 2206 Gracchi
1687 2158 1761 2208 in-

425 2247 765 2303 terfectorem,
789 2262 817 2292 a
840 2242 1025 2309 populo
1051 2240 1350 2299 absolutum,
1381 2256 1496 2288 cum
1520 2240 1561 2289 is
1586 2249 1762 2292 contra

427 2325 598 2394 populi
623 2323 842 2372 studium
866 2321 1100 2379 stetisset,
1137 2319 1421 2368 Gracchani
1437 2318 1636 2382 judices
1660 2337 1761 2371 sus-

427 2406 666 2456 tulerunt.
717 2401 768 2450 H
774 2401 881 2466 ujus
892 2398 1151 2448 ‘dissimilis
1175 2399 1225 2445 in
1250 2398 1525 2457 tribunatu,
1549 2398 1758 2464 reliqua.

429 2502 524 2551 que
550 2482 686 2532 omni
708 2481 830 2538 vita,
855 2479 974 2527 civis
991 2477 1242 2542 improbus
1268 2475 1325 2524 C.
1348 2475 1571 2525 Licinius
1596 2477 1764 2528 Nerva

430 2581 531 2614 non
557 2561 820 2609 indisertus
843 2557 954 2605 fuit.
1027 2555 1083 2603 C.
1116 2555 1332 2603 Fimbria
1354 2556 1660 2620 temporibus
1683 2557 1762 2606 iis-

432 2645 546 2693 dem
571 2639 690 2696 fere,
731 2637 819 2686 sed
840 2635 1035 2700 longius
1060 2642 1222 2682 aetate
1248 2644 1531 2698 provectus,
1566 2635 1763 2686 habitus

433 2731 509 2770 est
548 2734 664 2767 sane
707 2719 789 2782 (ut
824 2716 894 2763 ita
941 2712 1129 2774 dicam)
1175 2711 1460 2761 luculentus
1505 2721 1763 2778 patronus,

435 2815 594 2864 asper,
617 2795 907 2853 maledicus,
921 2809 1106 2858 genere
1130 2800 1239 2840 toto
1262 2792 1410 2856 paulo
1433 2790 1669 2842 fervidior
1691 2800 1764 2842 at-

437 2893 533 2942 que
574 2873 867 2924 commotior
888 2890 900 2921 :
956 2871 1215 2938 diligentia
1259 2879 1448 2932 tamen,
1487 2878 1542 2922 et
1578 2871 1763 2923 virtute
