2071 3508
356 1001 463 1063 48.

361 1096 465 1141 198.

359 1974 466 2017 199.

502 436 579 474 160
990 430 1066 471 DE
1096 430 1362 471 ORATORE

501 535 844 591 crudelitatem
869 540 1192 600 tribunitiam,
1216 542 1267 588 in
1293 540 1552 604 Caepionis
1576 540 1714 605 gravi
1737 542 1823 589 mi-

501 619 791 683 serabilique
817 635 949 677 casu,
991 619 1042 665 in
1075 618 1320 683 judicium
1360 620 1598 667 vocabas:
1645 619 1825 667 deinde

499 698 773 764 principem
800 705 851 745 et
875 704 1071 745 senatus
1097 705 1147 745 et
1172 698 1401 755 civitatis,
1433 696 1506 745 M.
1535 697 1826 757 Aemilium,

498 776 662 841 lapide
700 790 987 839 percussum
1012 790 1115 822 esse
1142 775 1425 822 constabat:
1474 775 1522 821 vi
1545 775 1739 839 pulsum
1765 791 1828 822 ex

499 853 686 918 templo
714 853 772 900 L.
801 853 1018 911 Cottam,
1055 860 1105 900 et
1140 852 1201 898 T.
1229 851 1454 909 Didium,
1481 869 1593 899 cum
1618 853 1828 902 interce-

501 930 618 981 dere
659 932 844 980 vellent
889 931 1152 995 rogationi,
1201 947 1346 977 nemo
1392 938 1588 994 poterat
1627 947 1826 994 negare.

503 1010 815 1068 Accedebat,
847 1018 904 1056 ut
927 1009 1050 1056 haec
1074 1017 1130 1056 tu.
1155 1007 1439 1056 adolescens
1463 1025 1552 1072 pro
1576 1008 1830 1072 republica

501 1089 638 1152 queri
676 1104 866 1135 summa
892 1104 1007 1135 cum
1040 1087 1282 1150 dignitate
1309 1086 1674 1134 existimarere:
1714 1103 1827 1150 ego,

498 1167 647 1214 homo
673 1165 940 1223 censorius,
959 1164 1042 1211 vix
1071 1164 1185 1210 satis
1218 1164 1423 1210 honeste
1447 1163 1640 1211 viderer
1664 1164 1828 1211 sediti-

498 1260 638 1292 osum
664 1243 842 1301 civem,
884 1250 935 1290 et
969 1243 1020 1288 in
1055 1241 1265 1288 hominis
1291 1241 1556 1289 consularis
1582 1242 1828 1290 calamita-

496 1330 547 1372 te
587 1322 859 1380 crudelem,
899 1337 1041 1386 posse
1084 1319 1367 1368 defendere.
1460 1321 1616 1368 Erant
1655 1321 1829 1385 optimi

500 1402 632 1449 cives
661 1399 877 1465 judices,
914 1401 1157 1448 bonorum
1181 1399 1395 1446 virorum
1421 1399 1621 1464 plenum
1646 1398 1827 1460 forum,

495 1479 582 1527 vix
605 1487 663 1527 ut
686 1479 805 1526 mihi
830 1479 992 1526 tenuis
1023 1478 1263 1542 quaedam
1287 1477 1432 1525 venia
1457 1478 1656 1526 daretur
1680 1494 1828 1526 excu-

499 1558 698 1607 sationis
719 1546 761 1617 ς’
783 1557 917 1621 quod
941 1565 1106 1604 tamen
1132 1573 1244 1604 eum
1271 1555 1608 1616 defenderem,
1633 1557 1716 1620 qui
1741 1556 1828 1603 mi-

497 1636 549 1683 hi
574 1644 802 1700 quaestor
825 1635 1013 1683 fuisset.
1077 1635 1178 1682 Hic
1203 1652 1297 1698 ego
1323 1635 1442 1699 quid
1467 1635 1627 1682 dicam
1652 1651 1730 1683 me
1755 1652 1827 1682 ar-

497 1722 599 1762 tem
625 1714 837 1778 aliquam
863 1713 1164 1773 adhibuisse3
1194 1713 1312 1777 quid
1336 1712 1558 1772 fecerim,
1583 1715 1789 1761 narrabo
1810 1734 1824 1774 ς

498 1793 537 1840 si
577 1793 838 1858 placuerit,
879 1810 965 1841 vos
1004 1809 1163 1840 meam
1200 1792 1536 1840 defensionem
1572 1792 1622 1839 in
1664 1792 1827 1856 aliquo

497 1872 613 1919 artis
635 1872 746 1919 loco
771 1872 1034 1936 reponetis.

564 1949 803 1998 Omnium
846 1951 1143 1998 seditionum
1183 1966 1384 2013 genera,
1425 1950 1561 2008 vitia,
1607 1950 1826 2014 pericula

498 2028 696 2093 collegi,
732 2045 938 2093 eamque
981 2029 1251 2076 orationem
1282 2046 1343 2076 ex
1369 2029 1502 2076 omni
1526 2028 1826 2092 reipublicae

497 2116 692 2155 nostrae
730 2116 1009 2172 temporum
1051 2108 1275 2155 varietati
1317 2107 1542 2171 repetivi,
1585 2106 1826 2155 conclusi-

497 2201 592 2249 que
616 2187 703 2244 ita,
727 2194 784 2233 ut
803 2186 1038 2244 dicerem,
1064 2186 1154 2233 etsi
1180 2203 1349 2233 omnes
1373 2185 1607 2234 molestae
1633 2202 1826 2250 semper

498 2264 763 2311 seditiones
799 2263 1023 2322 fuissent,
1052 2264 1208 2327 justas
1244 2271 1410 2311 tamen
1434 2263 1582 2311 fuisse
1618 2262 1827 2310 nonnul-

496 2339 585 2400 las,
622 2349 672 2389 et
706 2358 858 2405 prope
894 2342 1205 2389 necessarias.
1284 2342 1415 2388 Tum
1440 2341 1538 2399 illa,
1575 2357 1699 2404 quae
1724 2357 1827 2388 mo-

499 2420 563 2467 do
603 2420 803 2467 Crassus
846 2421 1278 2477 commemorabat,
1321 2420 1399 2483 egi
1422 2440 1435 2478 3
1482 2436 1644 2483 neque
1684 2435 1829 2486 reges

498 2513 561 2545 ex
584 2498 677 2545 hac
704 2499 903 2546 civitate
937 2499 1087 2563 exigi,
1112 2515 1273 2562 neque
1298 2498 1519 2545 tribunos
1543 2497 1698 2560 plebis
1724 2513 1826 2545 cre-

497 2577 584 2635 ari,
621 2592 781 2641 neque
804 2576 1073 2640 plebiscitis
1111 2577 1258 2624 toties
1284 2575 1587 2624 consularem
1611 2582 1825 2638 potesta-

496 2661 599 2702 tem
636 2655 810 2714 minui,
851 2671 1012 2718 neque
1036 2655 1456 2718 provocationem,
1490 2660 1746 2717 patronam
1770 2653 1825 2700 il-

496 2731 593 2779 lam
636 2733 846 2781 civitatis
870 2750 927 2781 ac
951 2732 1199 2780 vindicem
1224 2731 1480 2790 libertatis,
1516 2730 1698 2795 populo
1723 2730 1823 2778 Ro.

497 2824 643 2858 mano
681 2811 785 2858 dari
823 2812 926 2859 sine
967 2810 1205 2858 nobilium
1243 2809 1542 2858 dissensione
1569 2809 1819 2874 potuisse3

498 2902 574 2946 ac,
599 2888 638 2936 si
655 2888 766 2937 illae
785 2889 1050 2939 seditiones
1075 2889 1217 2938 saluti
1241 2888 1357 2939 huic
1384 2888 1570 2939 civitati
1593 2887 1820 2946 fuissent,
