2071 3508
291 2143 415 2204 24„

430 465 512 501 460
923 458 1255 498 ORATORIAE

433 570 748 635 captatioque
789 569 1070 628 verborum,
1112 576 1163 616 et
1196 568 1325 616 hanc
1361 567 1621 616 oratoriam
1656 567 1755 615 vim

431 646 591 696 inanis
631 647 874 712 quaedam
913 646 1212 712 profluentia
1250 645 1501 710 loquendi.
1573 645 1756 694 Studiis

429 734 598 775 autem
636 726 779 775 bonis
821 726 996 773 similia
1033 725 1267 773 videntur
1300 741 1376 784 ea,
1419 741 1543 789 quae
1568 731 1683 772 sunt
1705 723 1758 770 in

407 806 609 854 xeodem
645 822 829 870 genere
872 805 1038 853 nimia.
1111 805 1447 862 Quamobrem
1489 804 1646 852 omnis
1685 803 1759 852 vis

430 885 666 934 laudandi
689 884 1101 950 vituperandique
1139 901 1202 932 ex
1242 884 1317 932 his
1353 891 1574 933 sumetur
1606 884 1759 932 virtu-

431 971 539 1012 tum
578 964 909 1027 vitiorumque
949 963 1204 1027 partibus:
1253 962 1341 1011 sed
1381 963 1433 1010 in
1473 971 1580 1011 toto
1622 963 1758 1027 quasi

432 1047 675 1090 contextu
699 1041 933 1089 orationis
956 1041 1081 1089 haec
1115 1049 1260 1089 erunt
1295 1040 1585 1089 illustranda
1607 1041 1760 1088 maxi-

432 1136 527 1177 me,
571 1120 992 1185 quemadmodum
1033 1120 1239 1184 quisque
1273 1128 1557 1184 generatus,
1593 1136 1760 1184 quem-

431 1199 701 1249 admodum
749 1199 1005 1258 educatus,
1049 1199 1466 1264 quemadmodum
1507 1199 1761 1247 institutus

431 1287 749 1343 moratusque
773 1278 955 1327 fuerit:
995 1286 1064 1338 et,
1089 1278 1129 1326 si
1154 1278 1274 1343 quid
1293 1278 1373 1326 cui
1397 1294 1652 1342 magnum,
1676 1285 1761 1333 aut

431 1357 724 1407 incredibile
749 1358 1007 1417 acciderit,
1049 1358 1362 1422 maximeque
1387 1357 1426 1405 si
1449 1357 1502 1404 id
1527 1357 1762 1405 divinitus

433 1437 672 1485 accidisse
695 1436 915 1502 potuerit
931 1436 1118 1485 videri:
1156 1444 1264 1484 tum
1283 1453 1411 1500 quae
1431 1436 1635 1500 quisque
1655 1451 1761 1483 sen-

435 1515 571 1575 serit,
614 1515 815 1574 dixerit,
856 1516 1079 1580 gesserit,
1124 1516 1187 1564 ad
1228 1533 1304 1575 ea,
1352 1531 1477 1579 quae
1511 1514 1762 1579 proposita

434 1602 568 1654 sunt,
589 1594 831 1643 virtutum
855 1611 1040 1659 genera
1064 1594 1592 1653 accommodabuntur,
1620 1611 1682 1642 ex
1706 1593 1760 1642 il-

431 1673 589 1738 lisque
613 1674 786 1722 iisdem
812 1674 1098 1722 inveniendi
1133 1674 1255 1723 locis
1292 1692 1467 1723 causae
1492 1691 1674 1734 rerum,
1711 1682 1761 1723 et

435 1761 661 1812 eventus,
704 1761 754 1801 et
796 1753 1149 1817 consequentia
1186 1754 1512 1818 requirentur.
1583 1754 1761 1818 Neque

433 1849 552 1880 vero
577 1849 706 1880 mors
743 1848 932 1890 eorum,
975 1849 1182 1895 quorum
1222 1833 1323 1880 vita
1362 1832 1661 1892 laudabitur,
1702 1833 1762 1880 si-

431 1910 587 1959 lentio
611 1911 867 1975 praeteriri
888 1911 1108 1969 debebit,
1128 1911 1166 1958 si
1187 1911 1335 1958 modo
1355 1911 1475 1975 quid
1499 1912 1591 1959 erit
1611 1912 1762 1959 anim·

433 1991 794 2040 advertendum
820 2000 906 2040 aut
929 1992 980 2039 in
1005 1992 1111 2056 ipso
1151 2008 1334 2056 genere
1373 1992 1562 2050 mortis,
1602 1996 1688 2040 aut
1710 1992 1761 2039 in

433 2070 491 2118 iis
515 2072 679 2131 rebus,
710 2088 834 2136 quae
858 2080 972 2136 post
996 2081 1203 2119 mortem
1232 2079 1377 2120 erunt
1402 2079 1720 2121 consecutae¹

501 2150 694 2198 FILIUS.
751 2151 944 2216 Accepi
969 2151 1080 2210 ista,
1118 2151 1369 2215 didicique
1391 2151 1626 2211 breviter,
1661 2168 1761 2201 non

434 2228 592 2277 solum
617 2230 1037 2293 quemadmodum
1060 2230 1313 2279 laudarem
1339 2230 1566 2290 alterum,
1603 2231 1690 2279 sed
1713 2249 1762 2280 e-

433 2308 554 2356 tiam
593 2309 1011 2372 quemadmodum
1055 2310 1282 2366 eniterer,
1326 2318 1383 2358 ut
1422 2327 1616 2374 possem
1656 2311 1760 2376 ipse

423 2385 538 2451 jure
561 2387 766 2436 laudari.
827 2388 1098 2436 Videamus
1123 2389 1273 2452 igitur
1299 2388 1551 2453 deinceps,
1579 2390 1630 2436 in
1655 2407 1761 2439 sen-

432 2466 591 2514 tentia
616 2466 846 2526 dicenda,
879 2484 1025 2531 quam
1066 2467 1195 2515 viam
1237 2475 1288 2516 et
1329 2485 1454 2533 quae
1494 2477 1762 2535 praecepta

433 2553 705 2594 teneamus.
778 2547 967 2595 PATER.
1031 2546 1121 2595 Est
1157 2547 1309 2611 igitur
1348 2549 1400 2594 in
1442 2547 1760 2598 deliberando

432 2624 541 2672 finis
566 2625 769 2684 utilitas,
805 2626 869 2674 ad
899 2643 1047 2690 quem
1089 2627 1253 2674 omnia
1283 2620 1362 2674 *ita
1402 2626 1686 2676 referuntur
1707 2629 1761 2677 in

434 2703 640 2752 consilio
691 2705 874 2764 dando,
921 2706 1263 2770 sententiaque
1305 2706 1536 2765 dicenda,
1583 2714 1640 2755 ut
1678 2707 1762 2757 illa

432 2783 591 2846 prima
614 2783 711 2832 sint
735 2784 938 2843 suasori,
979 2792 1066 2832 aut
1090 2784 1349 2833 dissuasori
1374 2783 1602 2842 videnda,
1641 2786 1761 2850 quid

433 2868 520 2908 aut
542 2863 696 2925 possit
718 2863 841 2922 fieri,
877 2871 963 2912 aut
995 2880 1095 2911 non
1118 2864 1286 2929 possit,
1332 2855 1383 2912 et
1423 2864 1548 2928 quid-
1566 2872 1653 2913 aut
1675 2881 1759 2912 ne-

433 2955 569 2990 cesse
593 2942 675 3003 sit,
709 2951 796 2993 aut
818 2959 920 2993 non
943 2959 1161 2994 necesse.
1232 2943 1363 2992 Nam
1388 2951 1458 3004 et,
1471 2943 1522 2994 -s‘i
1547 2943 1665 3009 quid
1690 2941 1760 2992 ef-
