2138 3528
725 455 891 494 LIBER
922 456 1143 496 PRIMUS.
1567 464 1593 500 3

264 564 625 632 perfectiusque
670 562 905 627 proferri:
967 565 1189 630 solesque
1236 582 1589 630 nonnunquam

264 643 355 690 hac
390 642 452 689 de
490 658 541 690 re
576 659 605 689 a
640 657 717 689 me
758 641 808 688 in
845 643 1257 708 disputationibus
1293 644 1468 692 nostris
1494 644 1589 691 dis-

261 718 440 767 sentire
463 737 474 766 :
531 719 663 783 quod
706 736 800 783 ego
842 721 1283 769 eruditissimorum
1331 722 1585 769 hominum

258 796 442 845 artibus
480 796 810 861 eloquentiam
848 799 1089 846 contineri
1127 808 1372 859 statuam3
1412 808 1468 846 tu
1504 817 1587 848 au-

257 882 358 922 tem
397 874 528 923 illam
569 876 629 923 ab
668 875 913 939 elegantia
947 877 1201 925 doctrinae
1227 877 1585 942 segregandam

255 961 417 1018 putes,
443 962 492 1002 et
516 954 566 1001 in
592 954 804 1018 quodam
829 954 1015 1018 ingenii
1041 963 1189 1018 atque
1217 955 1584 1003 exercitationis

253 1047 436 1095 genere
461 1033 757 1096 ponendam.

323 1108 402 1158 Ac
449 1111 567 1158 mihi
615 1111 813 1176 quidem
865 1126 1218 1174 saepenumero
1270 1110 1320 1156 in
1369 1127 1582 1159 summos
1613 1112 1658 1154 6.

254 1187 476 1236 homines
512 1206 569 1237 ac
595 1190 794 1237 summis
830 1189 1040 1253 ingeniis
1075 1188 1324 1252 praeditos
1348 1189 1582 1247 intuenti,

254 1266 589 1329 quaerendum
615 1283 719 1314 esse
745 1268 900 1314 visum
927 1274 1018 1325 est,
1039 1266 1158 1329 quid
1183 1274 1328 1324 esset,
1365 1282 1453 1313 cur
1476 1266 1581 1329 plu-

253 1360 329 1392 res
355 1344 405 1390 in
430 1343 657 1392 omnibus
682 1345 845 1402 rebus,
871 1361 1016 1409 quam
1042 1345 1092 1390 in
1119 1343 1346 1399 dicendo,
1375 1344 1581 1391 admira-

253 1421 374 1469 biles
399 1422 714 1469 exstitissent.
786 1422 933 1479 Nam,
976 1437 1287 1484 quocumque
1329 1429 1378 1469 te
1416 1422 1580 1469 animo

254 1507 303 1546 et
329 1499 628 1562 cogitatione
649 1499 966 1556 converteris,
984 1497 1256 1562 permultos
1276 1498 1579 1547 excellentes

251 1576 301 1622 in
327 1592 520 1639 quoque
544 1592 727 1640 genere
753 1576 953 1631 videbis⁷
989 1592 1089 1623 non
1114 1576 1438 1624 mediocrium
1465 1579 1578 1626 arti-

248 1669 351 1712 um,
377 1654 463 1701 sed
486 1671 638 1719 prope
664 1655 1003 1702 maximarum.
1061 1654 1185 1711 Quis
1212 1655 1343 1702 enim
1361 1663 1453 1714 est,
1474 1656 1575 1720 qui,
1608 1657 1654 1703 7.

248 1732 286 1779 si
312 1731 553 1780 clarorum
578 1732 833 1780 hominum
860 1733 1116 1781 scientiam
1141 1749 1304 1781 rerum
1324 1742 1575 1796 gestarum

177 1856 182 1862 .
245 1809 323 1858 vel
360 1810 572 1860 utilitate
614 1811 692 1859 vel
728 1811 1070 1875 magnitudine
1106 1811 1269 1860 metiri
1300 1811 1437 1871 velit,
1476 1830 1576 1861 non

244 1897 511 1953 anteponat
557 1891 737 1938 oratori
783 1890 1128 1954 imperatorem
1150 1890 1167 1938 ?
1239 1891 1362 1947 Quis
1410 1900 1576 1940 autem

245 1967 458 2028 dubitet,
505 1970 623 2035 quin
662 1968 780 2018 belli
830 1969 982 2016 duces
1026 1969 1469 2032 praestantissimos
1513 1987 1577 2018 ex

243 2046 335 2096 hac
356 2065 454 2095 una
474 2049 672 2096 civitate
691 2064 819 2112 pene
839 2047 1220 2094 innumerabiles
1242 2067 1254 2106 ;
1283 2047 1333 2093 in
1360 2047 1576 2096 dicendo

240 2135 406 2175 autem
431 2126 732 2175 excellentes
757 2127 839 2173 vix
862 2141 1047 2190 paucos
1060 2124 1280 2190 proferre
1299 2126 1574 2188 possimus?

239 2205 349 2254 Jam
375 2221 492 2253 vero
517 2204 719 2253 consilio
751 2223 808 2253 ac
835 2204 1073 2269 sapientia
1098 2204 1181 2268 qui
1205 2221 1377 2268 regere
1402 2221 1459 2252 ac
1483 2222 1572 2269 gu·
1604 2211 1648 2253 8.

239 2285 443 2332 bernare
468 2284 824 2349 rempublicam
848 2291 1066 2349 possent,
1091 2282 1233 2331 multi
1257 2290 1441 2341 nostra,
1465 2284 1571 2347 plu-

237 2380 313 2411 res
331 2371 526 2427 patrum
551 2363 806 2421 memoria,
825 2371 971 2426 atque
992 2361 1140 2409 etiam
1165 2359 1404 2423 majorum
1425 2362 1571 2408 exsti-

238 2449 429 2490 terunt:
457 2458 571 2489 cum
586 2442 704 2491 boni
728 2441 904 2506 perdiu
929 2440 1068 2499 nulli,
1084 2440 1166 2487 vix
1183 2446 1349 2485 autem
1366 2438 1570 2502 singulis

237 2521 481 2570 aetatibus
519 2519 698 2584 singuli
733 2518 1012 2568 tolerabiles
1043 2525 1258 2565 oratores
1291 2515 1569 2565 inveniren-

237 2608 331 2647 tur.
406 2600 504 2658 Ac,
542 2615 604 2646 ne
647 2599 754 2663 quis
790 2597 918 2647 forte
945 2614 1057 2646 cum
1083 2595 1187 2643 aliis
1212 2594 1404 2653 studiis,
1441 2611 1565 2658 quae

238 2677 504 2725 reconditis
530 2677 579 2724 in
604 2677 807 2735 artibus,
844 2685 990 2739 atque
1017 2676 1066 2721 in
1092 2673 1302 2737 quadam
1328 2672 1564 2721 varietate

234 2755 485 2804 literarum
523 2764 796 2814 versentur,
832 2754 988 2817 magis
1024 2752 1152 2799 hanc
1189 2750 1388 2798 dicendi
1419 2751 1566 2799 ratio-

237 2850 370 2891 nem,
395 2849 540 2895 quam
567 2847 680 2880 cum
706 2831 1010 2896 imperatoris
1028 2830 1193 2889 laude,
1213 2836 1298 2876 aut
1317 2845 1430 2877 cum
1445 2830 1564 2878 boni

238 2911 474 2962 senatoris
513 2910 776 2977 prudentia
817 2910 1195 2977 comparandam
1229 2916 1375 2973 putet
1392 2928 1408 2972 3
1447 2924 1564 2958 con-

1166 3004 1199 3037 A
1219 2995 1249 3035 2
