2071 3508
749 404 1122 445 ORATORIBUS.
1527 416 1605 456 347

270 518 436 559 autem
485 517 714 559 constans
763 512 902 569 civis,-
951 522 1001 560 et
1048 514 1203 570 fortis,
1249 523 1300 563 et
1342 516 1391 564 in
1432 520 1602 582 primis

269 588 503 638 Graccho
528 588 780 648 molestus,
801 590 934 654 quod
958 591 1148 640 indicat
1173 592 1392 642 Gracchi
1412 596 1461 643 in
1489 615 1601 646 eum

269 669 440 717 oratio.
512 667 638 715 Sunt
679 668 827 716 etiam
870 669 919 716 in
958 670 1267 732 Gracchum,
1304 673 1599 725 Tuberonis.

269 747 319 796 Is
343 748 438 795 fuit
461 746 724 795 mediocris
749 748 799 795 in
825 748 1055 806 dicendo,
1091 751 1405 801 doctissimus
1431 755 1477 802 in
1507 757 1601 804 dis-

264 826 504 891 putando.
561 826 693 875 Tum
723 827 919 885 Brutus,
950 830 1113 886 Quam
1139 831 1234 879 hoc
1260 833 1390 880 idem
1418 835 1465 881 in
1495 853 1603 885 nos·

263 905 352 955 tris
394 906 686 970 contingere
730 906 974 972 intelligo,
1001 910 1134 973 quod
1161 911 1207 957 in
1237 911 1475 963 Graecis!
1537 915 1604 964 Ut

263 1001 435 1034 omnes
475 984 580 1033 fere
623 986 776 1034 Stoici
815 988 1184 1052 prudentissimi
1226 991 1278 1038 in
1315 992 1602 1044 disserendo

263 1065 380 1125 sint,
405 1074 456 1113 et
479 1066 532 1113 id
556 1075 660 1115 arte
696 1066 897 1125 faciant,
939 1069 1134 1134 sintque
1174 1071 1435 1121 architecti
1473 1091 1602 1138 pene

262 1146 560 1194 verborum:
599 1146 750 1194 iidem
786 1147 1004 1196 traducti
1047 1166 1074 1196 a
1112 1148 1413 1215 disputando
1443 1153 1506 1200 ad
1532 1154 1602 1202 di*

264 1225 500 1284 cendum,
547 1225 720 1290 inopes
767 1226 1091 1290 reperiantur.
1187 1229 1358 1277 Unum·
1405 1232 1602 1296 excipio

265 1303 529 1364 Catonem,
554 1306 605 1352 in
625 1323 742 1370 quo,
766 1305 1128 1370 perfectissimo
1155 1309 1341 1369 Stoico,
1359 1327 1602 1360 summam

265 1385 600 1450 eloquentiam
632 1402 731 1433 non
765 1385 1077 1434 desiderem:
1117 1405 1263 1451 quam
1291 1392 1524 1454 exiguam
1550 1393 1602 1440 in

263 1463 473 1525 Fannio,
515 1482 579 1513 ne
614 1465 665 1512 in
705 1464 896 1512 Rutilio
922 1465 1122 1528 quidem
1149 1482 1394 1532 magnam,
1422 1470 1473 1517 in
1501 1471 1603 1519 Tu-

262 1546 449 1595 berone
486 1543 672 1593 nullam
707 1544 855 1592 video
890 1542 1056 1592 fuisse.
1131 1545 1196 1594 Et
1221 1564 1334 1611 ego,
1369 1548 1504 1609 Non,
1529 1550 1602 1598 in-

263 1642 426 1691 quam,
456 1626 630 1684 Brute,
672 1625 776 1673 sine
814 1642 993 1672 causa:
1032 1634 1294 1690 propterea
1330 1623 1464 1692 quod
1487 1629 1604 1680 isto-

262 1723 372 1755 rum
397 1707 449 1754 in
481 1705 755 1754 dialecticis
791 1706 950 1754 omnis
987 1722 1105 1753 cura
1142 1709 1483 1758 consumitur:
1520 1728 1602 1759 va-

262 1804 383 1853 gum
408 1786 531 1834 illud
556 1785 805 1841 orationis,
846 1794 896 1832 et
920 1784 1100 1841 fusum,
1136 1793 1186 1834 et
1212 1786 1473 1852 multiplex
1500 1807 1601 1838 non

262 1867 527 1916 adhibetur
550 1882 724 1931 genus.
764 1864 907 1912 Tuus
929 1874 1095 1912 autem
1122 1866 1413 1926 avunculus,
1434 1886 1603 1932 quem-

264 1947 534 1997 admodum
572 1946 684 2004 scis,
720 1944 871 1993 habet
895 1962 924 1992 a
949 1945 1126 1992 Stoicis
1151 1945 1221 2004 id,
1259 1947 1395 2010 quod
1419 1950 1479 1996 ab
1504 1948 1600 1997 illis

264 2027 538 2093 petendum
580 2024 708 2073 fuit:
771 2024 858 2072 sed
897 2024 1063 2071 dicere
1113 2023 1288 2072 didicit
1329 2043 1356 2073 a
1398 2027 1600 2076 dicendi

265 2106 530 2171 magistris,
556 2120 825 2168 eorumque
851 2119 986 2150 more
1012 2119 1062 2150 se
1089 2104 1328 2153 exercuit.
1386 2106 1537 2163 Quod
1561 2108 1601 2156 si

265 2189 432 2238 onmia
455 2204 483 2235 a
507 2184 809 2251 philosophis
838 2194 1002 2233 essent
1037 2185 1272 2250 petenda,
1311 2185 1601 2251 Peripateti-

265 2283 438 2318 corum
479 2265 718 2313 institutis
761 2263 1068 2312 commodius
1109 2263 1379 2328 fingeretur
1426 2267 1598 2316 oratio.

267 2348 383 2405 Quo
422 2345 580 2409 magis
620 2351 781 2400 tuum,
825 2342 998 2401 Brute,
1027 2342 1275 2406 judicium
1307 2345 1478 2407 prob0‚
1518 2347 1603 2411 qui

266 2441 456 2483 eorum,
482 2423 560 2488 (id
584 2430 659 2471 est
683 2438 745 2468 ex
770 2428 938 2468 vetere
966 2419 1266 2482 Academia)
1291 2422 1604 2488 philosophov

267 2521 376 2553 rum
402 2510 588 2551 sectam
614 2509 814 2550 secutus
851 2517 917 2557 es,
959 2517 1170 2564 quorum
1200 2501 1250 2547 in
1281 2501 1510 2551 doctrina
1532 2512 1603 2553 at-

269 2601 365 2649 que
390 2582 668 2648 praeceptis
693 2579 965 2629 disserendi
991 2580 1116 2627 ratio
1141 2579 1462 2644 conjungitur
1488 2600 1602 2632 cum

269 2663 511 2712 suavitate
537 2660 737 2708 dicendi
775 2667 826 2706 et
862 2658 1019 2722 copia.
1093 2658 1390 2722 Quanquam
1417 2677 1476 2708 ea
1500 2663 1604 2727 ipsa

270 2736 713 2807 Peripateticorum
743 2738 1262 2802 Academicorumque
1293 2743 1603 2792 consuetudo

268 2823 320 2872 in
345 2822 535 2870 ratione
560 2819 759 2869 dicendi
785 2818 894 2866 talis
914 2826 1002 2874 est,
1042 2825 1098 2866 ut
1122 2834 1215 2866 nec
1239 2818 1475 2884 perficere
1501 2839 1604 2872 ora-

269 2910 430 2954 torem
470 2901 625 2968 possit
664 2900 770 2965 ipsa
809 2916 898 2965 per
934 2915 1058 2959 sese,
1098 2914 1192 2947 nec
1227 2898 1332 2948 sine
1358 2917 1416 2949 ea
1440 2910 1604 2951 orator
