2071 3508
466 420 541 460 126
945 417 1022 459 DE
1051 412 1318 459 ORATORE

464 528 598 593 quod
623 536 673 577 et
696 528 747 575 in
770 528 907 576 vobis
942 529 1264 578 animadverti
1288 537 1422 577 recte
1446 532 1628 591 potest,
1664 523 1801 572 Caes

464 623 540 656 sar
578 615 628 655 et
664 608 829 665 Cotta,
867 623 1072 670 quorum
1109 607 1231 655 alter
1265 607 1551 654 inusitatum
1588 603 1788 668 quidem

464 686 641 734 nostris
676 686 947 733 oratoribus
982 684 1197 748 leporem
1235 684 1480 748 quendam
1517 691 1566 731 et
1602 682 1787 740 salem;

463 766 586 813 alter
623 764 957 812 acutissimum
1000 770 1050 809 et
1088 762 1454 810 subtilissimum
1481 761 1679 809 dicendi
1702 777 1788 824 ge-

462 860 554 891 nus
579 850 651 890 est
677 848 986 890 consecutus.
1072 841 1250 903 Neque
1288 856 1404 887 vero
1427 847 1589 888 vester
1612 856 1789 902 aequa-

461 922 539 981 lis,
565 921 732 978 Curio,
767 928 905 984 patre
930 936 1040 966 mea
1075 917 1319 965 sententia
1347 916 1425 964 vel
1450 916 1787 980 eloquentissi-

462 1015 543 1046 mo
566 998 867 1062 temporibus
892 997 1003 1055 illis,
1039 1012 1317 1060 quenquam
1343 995 1462 1042 mihi
1487 1010 1786 1058 magnopere

461 1077 657 1124 videtur
679 1075 859 1123 imitari
880 1093 892 1122 ε
934 1076 1016 1138 qui
1040 1083 1207 1123 tamen
1231 1075 1491 1122 verborum
1527 1072 1790 1137 gravitate,

462 1162 513 1203 et
537 1154 799 1218 elegantia,
836 1162 886 1201 et
911 1153 1070 1216 copia,
1103 1169 1239 1199 suam
1281 1152 1526 1216 quandam
1552 1151 1792 1215 expressit

463 1233 599 1296 quasi
640 1231 847 1279 formam
887 1231 1191 1294 figuramque
1230 1229 1461 1278 dicendi:
1523 1229 1657 1293 quod
1697 1245 1792 1293 ego

463 1310 676 1358 maxime
716 1308 857 1373 potui
889 1306 1115 1371 judicare
1156 1307 1207 1353 in
1246 1324 1304 1355 ea
1339 1324 1499 1363 causa,
1539 1323 1684 1370 quam
1708 1306 1791 1355 ille

465 1395 637 1436 contra
660 1404 739 1434 me
764 1386 895 1450 apud
932 1386 1262 1434 centumviros
1296 1402 1385 1450 pro
1420 1385 1649 1433 fratribus
1675 1385 1794 1433 Cos-

465 1467 531 1515 sis
552 1465 678 1513 dixit
699 1483 710 1512 :
748 1465 798 1511 in
824 1481 919 1528 qua
953 1464 1073 1511 nihil
1098 1463 1164 1510 illi
1192 1463 1368 1522 defuit,
1389 1463 1540 1527 quod,
1565 1480 1665 1512 non
1689 1480 1792 1512 mo-

465 1544 530 1592 do
555 1544 798 1608 copiosus,
818 1543 904 1590 sed
928 1542 1076 1590 etiam
1101 1541 1291 1605 sapiens
1316 1549 1496 1600 orator,
1512 1542 1692 1591 habere
1709 1542 1791 1591 de-

464 1625 620 1672 beret.

340 1691 447 1753 524⁴.
531 1703 734 1759 Verum,
790 1710 846 1750 ut
881 1702 1143 1766 aliquando
1179 1701 1242 1750 ad
1277 1717 1444 1749 causas
1487 1700 1790 1750 deducamus

352 1790 432 1831 99.

323 2339 430 2379 100.

465 1782 617 1838 illum,
673 1798 819 1845 quem
862 1781 1219 1837 constituimus,
1264 1788 1314 1829 et
1352 1797 1431 1828 eas
1473 1781 1692 1845 quidem,
1738 1781 1789 1828 in

465 1862 640 1924 quibus
664 1860 942 1925 plusculum
978 1859 1166 1923 negotii
1202 1867 1293 1918 est,
1313 1858 1617 1923 judiciorum
1641 1868 1790 1924 atque

461 1940 641 1997 litium,
680 1940 864 2003 (riserit
888 1938 1059 2002 aliquis
1084 1937 1288 1986 fortasse
1314 1939 1408 1986 hoc
1433 1947 1752 2003 praeceptum
1774 1957 1786 1986 :

464 2025 538 2066 est
562 2018 692 2065 enim
724 2034 823 2064 non
858 2025 958 2065 tam
998 2024 1214 2073 acutum,
1253 2034 1399 2081 quam
1440 2017 1786 2074 necessarium,

462 2097 716 2159 magisque
743 2096 995 2144 monitoris
1021 2112 1119 2144 non
1144 2095 1286 2154 fatui,
1316 2113 1461 2160 quam
1487 2095 1665 2144 eruditi
1690 2113 1788 2144 ma-

461 2173 626 2237 gistri)
662 2173 757 2221 hoc
794 2175 839 2221 ei
879 2175 1091 2238 primum
1125 2175 1501 2238 praecipiemus,
1550 2191 1788 2238 quascun-

464 2268 558 2314 que
585 2268 752 2298 causas
778 2252 870 2298 erit
906 2259 1118 2307 acturus,
1156 2260 1213 2299 ut
1249 2269 1328 2299 eas
1365 2252 1628 2316 diligenter
1650 2254 1787 2317 peni-

463 2338 638 2392 tusque
678 2337 959 2392 cognoscat.
1033 2330 1146 2377 Hoc
1184 2331 1234 2376 in
1275 2330 1392 2378 ludo
1417 2347 1515 2377 non
1550 2332 1788 2396 praecipi-

463 2416 574 2457 tur:
613 2406 781 2454 faciles
807 2407 935 2454 enim
974 2424 1146 2455 causae
1183 2408 1245 2455 ad
1278 2425 1455 2472 pueros
1481 2408 1784 2457 deferuntur.

463 2486 572 2534 Lex
613 2486 926 2549 peregrinum
967 2494 1103 2534 vetat
1142 2487 1192 2533 in
1230 2504 1422 2534 murum
1448 2487 1782 2536 adscendere:

461 2564 751 2612 adscendit:
813 2564 976 2613 hostes
1014 2565 1226 2629 repulit:
1287 2574 1560 2613 accusatur.
1647 2566 1785 2614 Nihil

462 2650 536 2690 est
559 2642 746 2705 negotii
771 2641 1047 2705 hujusmodi
1070 2660 1263 2691 causam
1285 2660 1600 2708 cognoscere.
1657 2645 1784 2693 Rec-

460 2729 510 2767 te
536 2720 685 2784 igitur
722 2720 843 2767 nihil
884 2720 945 2768 de
985 2737 1130 2768 causa
1172 2722 1405 2769 discenda
1441 2723 1779 2787 praecipiunt:

460 2799 582 2846 haec
625 2807 697 2847 est
739 2799 868 2847 enim
907 2800 956 2846 in
993 2799 1109 2848 ludo
1152 2818 1405 2848 causarum
1429 2800 1532 2850 fere
1557 2801 1779 2849 formula.

462 2876 535 2924 At
558 2894 672 2926 vero
696 2877 747 2926 in
769 2877 895 2937 foro,
920 2879 1133 2939 tabulae,
1158 2880 1454 2941 testimonia,
1477 2889 1641 2946 pacta,
1666 2895 1780 2929 con-
