2071 3508
390 1315 463 1356 11.

389 2259 461 2299 12.

506 418 584 456 ‘226
924 416 1001 456 DE
1031 417 1297 458 ORATORE

509 526 555 574 ci
580 526 762 576 scelere
785 526 1053 592 proditum,
1089 545 1203 576 cum
1238 528 1297 577 L.
1323 527 1442 578 Julii
1473 526 1634 576 fratris
1658 529 1821 594 capite

494 603 688 670 jacuit3
729 614 787 654 ut
819 605 919 666 ille,
958 606 1040 670 qui
1081 606 1202 655 haec
1238 623 1336 655 non
1376 607 1519 666 vidit,
1556 615 1606 655 et
1641 607 1820 656 vixisse

502 700 616 732 cum
639 684 892 749 republica
914 685 1111 749 pariter,
1147 693 1196 733 et
1221 702 1333 733 cum
1356 685 1439 734 illa
1463 686 1606 734 simul
1631 685 1819 734 extinc-

500 770 580 810 tus
621 780 725 811 esse
765 763 1008 811 videatur.
1099 764 1276 827 Neque
1318 765 1449 812 enim
1487 765 1820 828 propinquum

499 857 660 901 suum,
696 843 897 890 maximi
921 842 1070 890 animi
1104 842 1280 900 virum,
1318 842 1546 890 Publium
1572 843 1820 900 Crassum,

498 928 670 984 suapte
705 919 1023 969 interfectum
1064 936 1231 977 manu,
1271 935 1432 983 neque
1470 919 1688 983 collegae
1727 919 1820 977 sui,

495 999 740 1063 pontificis
764 998 982 1057 maximi,
1015 997 1252 1062 sanguine
1287 997 1600 1046 simulacrum
1635 997 1822 1045 Vestae

495 1093 769 1141 respersum
805 1093 909 1124 esse
944 1077 1098 1124 vidit:
1137 1077 1217 1124 cui
1251 1076 1462 1124 moerori
1497 1080 1619 1140 (qua
1651 1082 1820 1124 mente

492 1155 575 1203 ille
609 1156 661 1202 in
694 1155 900 1220 patriam
934 1154 1054 1215 fuit)
1091 1155 1239 1203 etiam
1275 1154 1332 1203 C.
1371 1154 1627 1213 Carbonis,
1661 1154 1820 1202 inimi-

497 1233 676 1282 cissimi
701 1232 929 1292 hominis,
955 1233 1130 1281 eodem
1150 1233 1233 1280 illo
1258 1233 1337 1281 die
1357 1249 1486 1281 mors
1503 1232 1691 1281 nefaria
1703 1232 1820 1282 fuis-

497 1319 586 1360 set.
656 1312 773 1361 Non
796 1312 920 1360 vidit
945 1328 1113 1361 eorum
1132 1312 1365 1376 ipsorum,
1393 1312 1476 1375 qui
1500 1319 1607 1360 tum
1632 1311 1818 1360 adoles-

497 1397 667 1439 centes
692 1391 867 1439 Crasso
892 1407 943 1439 se
969 1390 1208 1449 dicarant,
1241 1390 1494 1438 horribiles
1518 1390 1818 1455 miserosque

496 1485 651 1517 casus.
738 1469 816 1515 Ex
849 1469 1026 1532 'quibus
1064 1469 1121 1517 C.
1160 1470 1326 1527 Cotta,
1363 1485 1510 1532 quem
1534 1468 1616 1517 ille
1640 1468 1816 1517 floren-

494 1554 596 1595 tem
620 1546 901 1612 reliquerat,
924 1547 1096 1611 paucis
1117 1548 1288 1596 diebus
1306 1556 1418 1612 post
1441 1555 1651 1596 mortem
1677 1548 1817 1596 Cras-

494 1627 534 1674 si
569 1626 799 1691 depulsus
823 1643 910 1690 per
933 1627 1168 1675 invidiam
1203 1628 1476 1685 tribunatu,
1511 1643 1611 1674 non
1647 1626 1814 1675 multis

494 1706 554 1753 ab
580 1722 638 1753 eo
673 1714 895 1769 tempore
921 1706 1168 1753 mensibus
1205 1704 1391 1768 ejectus
1427 1713 1500 1753 est
1525 1722 1552 1753 e
1578 1705 1778 1753 civitate
1799 1722 1813 1753 :

494 1784 736 1848 Sulpicius
762 1791 945 1841 autem,
971 1783 1053 1847 qui
1088 1783 1139 1830 in
1164 1783 1344 1831 eadem⁷
1371 1783 1584 1831 invidiae
1620 1783 1816 1832 flamma

491 1861 680 1920 fuisset,
723 1863 1014 1926 quibuscum
1048 1862 1265 1925 privatus
1291 1861 1688 1925 conjunctissime
1712 1862 1816 1910 vix-

492 1950 615 2000 erat,
638 1942 727 1989 hos
751 1941 802 1988 in
826 1941 1078 1989 tribunatu
1099 1939 1303 2005 spoliare
1323 1941 1536 1988 instituit
1550 1940 1684 1988 omni
1709 1940 1815 2005 dig-

491 2021 676 2069 nitate:
733 2020 812 2068 cui
849 2020 1045 2084 quidem
1086 2019 1148 2067 ad
1190 2036 1428 2067 summam
1467 2019 1674 2084 'gloriam
1716 2018 1814 2068 elo-

493 2099 722 2162 quentiae
761 2098 1058 2157 florescenti,
1104 2099 1234 2147 ferro
1276 2107 1444 2163 erepta
1483 2100 1584 2147 vita
1624 2106 1714 2155 est,
1763 2105 1815 2147 et

491 2194 652 2241 poena
669 2177 980 2234 temeritatis,
1018 2194 1118 2225 non
1153 2179 1256 2225 sine
1297 2194 1478 2242 magno
1511 2178 1812 2243 reipublicae

493 2254 635 2310 malo,
675 2253 958 2302 constituta.
1030 2255 1138 2318 Ego
1161 2271 1278 2303 vero
1296 2263 1364 2313 te,
1391 2256 1581 2314 Crasse,
1607 2272 1721 2304 cum
1743 2255 1814 2305 vi-

491 2341 571 2381 tae
596 2333 728 2389 flore,
756 2341 862 2380 tum
887 2333 1056 2380 mortis
1080 2333 1466 2397 opportunitate,
1505 2333 1672 2381 divino
1697 2344 1811 2382 con-

491 2411 597 2459 silio
622 2419 672 2458 et
697 2419 876 2469 ortum,
903 2419 953 2458 et
969 2411 1266 2458 exstinctum
1288 2428 1390 2459 esse
1417 2411 1636 2459 arbitror.
1680 2411 1811 2459 Nam

489 2491 577 2538 tibi
604 2498 688 2538 aut
711 2507 799 2554 pro
824 2490 1004 2538 virtute
1029 2490 1195 2549 animi,
1222 2491 1594 2554 constantiaque
1618 2499 1722 2549 tua,
1748 2490 1813 2538 ci-

488 2568 596 2616 vilis
618 2569 733 2616 ferri
759 2568 1014 2616 subeunda
1046 2567 1141 2615 fuit
1166 2569 1446 2627 crudelitas,
1482 2577 1567 2616 aut
1601 2569 1739 2633 siqua
1760 2575 1812 2617 te

488 2646 686 2695 fortuna
710 2649 769 2695 ab
803 2648 1060 2695 atrocitate
1095 2648 1263 2695 mortis
1287 2648 1601 2711 vindicas-set,
1637 2647 1810 2696 eadem

490 2742 594 2773 esse
620 2734 668 2774 te
692 2725 922 2774 funerum
946 2726 1131 2790 patriae
1168 2734 1495 2790 spectatorem
1531 2726 1805 2791 coegisset:

489 2820 648 2867 neque
691 2804 846 2852 solum
887 2805 977 2853 tibi
1005 2805 1349 2868 ‘improborum
1385 2804 1678 2860 dominatus,
1721 2802 1809 2851 sed

490 2882 656 2940 etiam,
679 2891 880 2948 propter
904 2884 1166 2933 admistam
1192 2884 1372 2932 civium
1398 2883 1618 2942 caedem,
1657 2883 1807 2932 bono-
