2071 3508
731 410 899 448 LIBER
930 410 1180 451 TERTIUS.
1552 416 1631 455 297

299 525 349 566 et
374 519 507 582 quod
532 518 892 574 continuatum,
921 527 971 566 et
995 519 1344 583 interruptum,
1373 526 1423 567 et
1447 520 1627 586 imago,

298 606 348 645 et
373 598 463 646 sibi
487 597 578 662 ipsi
604 597 875 661 responsio,
912 605 963 645 et
997 598 1299 657 immutatio,
1341 606 1391 646 et
1416 598 1629 663 disjunc-

294 677 384 735 tio,
410 684 461 724 et
485 677 624 734 ordo,
668 684 718 724 et
743 676 934 735 relatio,
975 685 1025 725 et
1050 677 1303 742 digressio,
1343 686 1393 726 et
1421 677 1629 725 circum·

294 754 511 819 scriptio.
585 754 730 811 Haec
773 755 905 803 enim
948 763 1063 803 sunt
1099 756 1222 815 fere,
1266 764 1414 820 atque
1450 755 1626 804 horum
1660 768 1770 811 208,

292 833 485 892 similia,
523 833 602 881 vel
637 834 779 899 plura
805 834 951 882 etiam
980 852 1084 883 esse
1109 843 1333 899 possunt,
1371 853 1496 899 quae
1521 852 1628 883 sen-

289 912 459 961 tentiis
495 913 788 973 orationem‚
826 915 1189 979 verborumque
1228 914 1628 965 conformationi-

288 992 380 1040 bus
405 992 701 1042 illuminent.

357 1073 501 1130 Quae
527 1074 727 1138 quidem
753 1084 823 1135 te,
849 1073 1042 1136 Crasse,
1066 1076 1227 1134 video,
1266 1076 1428 1141 inquit
1459 1077 1627 1136 Cotta,
1663 1059 1769 1117 55·

289 1154 423 1217 quod
458 1165 578 1202 nota
604 1172 708 1203 esse
741 1157 882 1205 nobis
906 1166 1071 1221 putes,
1109 1158 1213 1205 sine
1240 1157 1627 1216 definitionibus,

289 1240 341 1281 et
382 1233 486 1282 sine
526 1235 781 1300 exemplis,
827 1236 1070 1285 effudisse.
1142 1237 1253 1302 Ego
1295 1254 1426 1294 vero,
1465 1237 1627 1301 inquit

290 1312 508 1370 Crassus,
551 1332 614 1363 ne
654 1315 736 1363 illa
772 1316 988 1380 quidem,
1029 1334 1154 1381 quae
1181 1334 1327 1382 supra
1351 1317 1470 1374 dixi,
1498 1334 1626 1365 nova

287 1394 426 1441 vobis
453 1411 558 1442 esse
584 1395 869 1452 arbitrabar,
899 1397 986 1444 sed
1009 1397 1254 1445 voluntati
1278 1404 1496 1444 vestrum
1522 1413 1624 1443 om-

287 1471 423 1519 nium
448 1475 605 1538 parui.
679 1475 774 1522 His
811 1484 978 1524 autem
1024 1475 1086 1524 de
1128 1477 1274 1524 rebus
1313 1475 1385 1523 sol
1426 1491 1506 1523 me
1541 1474 1624 1523 ille
1655 1476 1768 1518 209-

285 1550 563 1613 admonuit,
605 1562 662 1601 ut
698 1555 892 1602 brevior
925 1571 1101 1614 essem,
1127 1555 1211 1620 qui
1235 1555 1339 1619 ipse
1355 1554 1461 1618 jam
1485 1571 1623 1618 prae-

285 1629 515 1693 cipitans,
540 1649 619 1679 me
645 1649 842 1695 quoque
862 1633 985 1680 haee
1000 1635 1324 1697 praeeipitem
1344 1650 1473 1697 pene
1494 1633 1622 1681 evol-

281 1725 398 1757 vere
425 1711 605 1774 coegit.
678 1710 776 1758 Sed
813 1719 980 1760 tamen
1017 1711 1161 1776 hujus
1197 1713 1394 1777 generis
1419 1713 1622 1761 demon-

283 1789 456 1837 stratio
482 1797 574 1848 est,
612 1797 663 1838 et
688 1790 915 1838 doctrina
939 1790 1062 1854 ipsa,
1098 1790 1347 1855 vulgaris3
1387 1808 1503 1839 usus
1539 1810 1621 1840 au-

282 1876 385 1915 tem
409 1869 740 1932 gravissimus,
785 1877 836 1916 et
876 1869 926 1916 in
963 1869 1058 1918 1100
1086 1877 1202 1918 ‘toto
1227 1870 1430 1918 dicendi
1454 1871 1620 1921 studio

284 1947 613 1996 difficillimus.
687 1949 1044 2008 Quamobrem,
1083 1950 1315 2013 quoniam
1342 1950 1403 1998 de
1441 1959 1619 2000 ornatu
1652 1964 1765 2006 210.

282 2028 418 2074 omni
443 2027 695 2086 orationis,
732 2036 847 2076 sunt
870 2044 1042 2076 omnes
1079 2029 1114 2076 si
1150 2045 1250 2076 non
1275 2029 1532 2094 patefacti,
1569 2040 1620 2080 at

284 2114 420 2155 certe
447 2107 820 2155 commonstrati
844 2107 941 2155 1001
963 2129 976 2167 ;
1016 2124 1166 2165 nunc,
1196 2107 1316 2172 quid
1340 2117 1511 2173 aptum
1537 2111 1617 2169 sit,

281 2187 378 2235 1100
404 2195 496 2246 est,
522 2187 642 2251 quid
677 2187 891 2235 maxime
918 2187 1096 2236 deceat
1132 2188 1182 2235 in
1217 2188 1457 2248 oratione,
1482 2190 1618 2238 vide-

282 2283 453 2314 amus:
510 2283 789 2331 quanquam
828 2267 1121 2331 idquidem
1162 2269 1481 2333 perspicuum
1525 2278 1617 2329 est,

280 2362 381 2394 non
408 2347 542 2393 omni
567 2363 763 2405 causae,
796 2363 889 2395 nee
915 2346 1148 2406 auditori,
1173 2364 1335 2412 neque
1359 2365 1614 2413 personae,

280 2442 442 2490 neque
467 2427 697 2490 tempori,
718 2443 993 2491 congruere
1013 2427 1247 2475 orationis
1266 2444 1420 2476 unum
1438 2445 1614 2492 genus.

282 2505 412 2553 Nam
439 2512 490 2552 et
515 2523 690 2553 causae
712 2506 886 2570 capitis
903 2506 1052 2553 alium
1079 2507 1326 2570 quendam
1351 2510 1615 2557 verborum
1648 2517 1759 2558 211.

282 2600 456 2632 sonum
476 2584 752 2648 requirunt,
777 2585 925 2632 alium
952 2602 1115 2632 rerum
1139 2587 1440 2650 privatarum
1466 2597 1615 2652 atque

279 2679 541 2727 parvarum
563 2680 575 2709 :
628 2671 679 2711 et
721 2663 855 2711 aliud
894 2663 1094 2712 dicendi
1135 2681 1294 2728 genus
1337 2665 1614 2715 deliberati-

280 2758 419 2800 ones,
443 2741 579 2789 aliud
601 2741 929 2801 laudationes,
965 2742 1099 2790 aliud
1113 2742 1324 2807 judicia,
1359 2744 1494 2792 aliud
1518 2762 1614 2794 ser-

280 2836 472 2879 mones,
513 2820 648 2869 aliud
674 2820 964 2881 consolatio,
1000 2821 1135 2869 aliud
1159 2821 1454 2888 objurgatio,
1479 2823 1614 2873 aliud
1661 2875 1664 2878 Α

281 2898 565 2964 disputatio,
605 2898 739 2950 aliud
762 2900 966 2951 historia
989 2900 1251 2952 desiderat.
1325 2901 1501 2953 Refert
1525 2903 1613 2952 eti*
