2071 3508
426 427 504 463 394
927 420 1005 459 DE
1035 419 1235 459 CLARIS

426 531 586 580 moria'
621 531 819 596 quidem
862 530 1037 594 dignos
1076 545 1383 594 perpaucos;
1434 543 1624 586 verum,
1666 527 1749 591 qui

427 611 628 659 omnino
652 626 833 657 nomen
856 609 1133 665 habuerint,
1170 608 1358 656 nonita
1381 606 1561 654 multos
1583 605 1751 654 fuisse.

430 689 528 737 Sed
552 689 615 736 ad
639 705 914 736 sermonem
943 687 1225 734 institutum
1249 693 1566 734 revertamur.

495 767 557 815 T.
578 768 877 830 Torquatus,
903 766 964 813 T.
984 765 1129 824 filius,
1160 773 1211 813 et
1235 766 1411 813 doctus
1436 764 1507 812 vir
1531 780 1593 811 ex
1620 762 1755 811 Rho-

431 846 512 894 dia
550 845 807 909 disciplina
844 843 1079 902 Molonis,
1117 850 1167 891 et
1203 861 1231 890 a
1271 851 1446 891 natura
1486 843 1549 890 ad
1587 842 1755 891 dicen-

432 924 551 971 dum
576 924 690 971 satis
715 923 902 970 solutus
941 929 1089 985 atque
1125 922 1404 986 expeditus,
1444 922 1550 986 (cui
1575 921 1614 969 si
1654 921 1757 969 vita

432 1001 862 1066 suppeditavisset,
909 1000 1100 1048 sublato
1148 1001 1335 1048 ambitu
1382 1000 1555 1048 consul
1593 999 1757 1048 factus

433 1079 585 1141 esset)
610 1079 719 1144 plus
742 1078 991 1127 facultatis
1015 1079 1187 1126 habuit
1211 1080 1275 1126 ad
1299 1078 1585 1138 dicendum,
1610 1094 1758 1143 quam

432 1158 714 1206 voluntatis.
786 1157 962 1221 Itaque
1003 1157 1167 1205 studio
1204 1157 1320 1204 huic
1362 1173 1463 1204 non
1487 1157 1756 1206 satisfecit:

432 1235 592 1284 officio
612 1252 728 1283 vero
753 1251 847 1282 nec
873 1235 922 1281 in
949 1250 1147 1283 suorum
1171 1234 1558 1295 necessariorum
1584 1235 1760 1295 causis,
1783 1277 1789 1284 ,

431 1332 525 1363 nec
565 1316 617 1362 in
658 1315 904 1363 sententia
945 1314 1188 1362 senatoria
1228 1313 1404 1362 defuit.
1475 1313 1639 1361 Etiam
1681 1314 1758 1363 M.

434 1394 706 1451 Pontidius,
734 1393 990 1457 municeps
1009 1399 1194 1452 noster,
1219 1393 1397 1441 multas
1414 1392 1628 1458 privatas
1648 1410 1761 1442 cau-

433 1491 507 1522 sas
543 1474 781 1530 actitavit‚
827 1472 1053 1522 celeriter
1094 1490 1209 1522 sane
1233 1476 1384 1522 verba
1405 1474 1626 1532 volvens,
1667 1489 1762 1522 nec

432 1553 582 1600 hebes
607 1552 657 1599 in
683 1553 860 1610 causis,
884 1551 963 1599 vel
988 1552 1165 1609 dicam,
1191 1552 1302 1617 plus
1327 1552 1476 1600 etiam
1495 1569 1641 1616 quam
1660 1568 1762 1601 non

433 1632 603 1689 hebes,
651 1631 737 1678 sed
785 1630 1107 1678 effervescens
1152 1631 1204 1677 in
1251 1630 1466 1679 dicendo
1507 1631 1762 1680 stomacho

435 1727 580 1773 saepe
618 1709 970 1773 iracundiaque
1010 1709 1383 1768 vehementius3
1422 1716 1479 1756 ut
1515 1725 1615 1757 non
1646 1725 1762 1758 cum

435 1788 712 1836 adversario
737 1788 913 1846 solum,
955 1788 1043 1836 sed
1081 1788 1229 1836 etiam
1262 1788 1421 1852 (quod
1445 1788 1666 1838 mirabile
1691 1806 1763 1839 es-

437 1867 535 1928 set)
561 1884 675 1914 cum
705 1866 877 1930 judice
903 1867 1026 1930 ipso,
1063 1866 1202 1930 cujus
1228 1865 1459 1915 delinitor
1483 1883 1587 1915 esse
1612 1868 1764 1918 debet

436 1954 617 2005 orator,
644 1945 812 2010 jurgio
843 1962 986 2010 saepe
1011 1945 1354 1993 contenderet.
1428 1945 1502 1993 M.
1531 1946 1764 1997 Messalla

436 2025 595 2072 minor
635 2032 774 2082 natu,
822 2040 967 2087 quam
993 2040 1099 2082 nos,
1138 2023 1273 2070 nullo
1308 2023 1457 2072 modo
1480 2025 1640 2089 inops,
1676 2026 1763 2075 sed

434 2119 536 2150 non
560 2103 704 2150 nimis
746 2109 946 2149 ornatus
986 2118 1169 2165 genere
1199 2103 1491 2150 verborum:
1528 2104 1761 2168 prudens,

436 2189 626 2237 acutus,
681 2180 883 2228 minime
930 2180 1177 2238 incautus,
1225 2188 1461 2245 patronus
1506 2182 1558 2229 in
1605 2185 1764 2232 causis

437 2256 796 2323 cognoscendis
839 2259 1291 2322 componendisque
1328 2260 1556 2324 diligens,
1596 2263 1764 2326 magni

435 2337 632 2395 laboris,
656 2337 839 2385 multae
865 2354 1058 2400 operae,
1096 2337 1459 2401 multarumque
1489 2355 1762 2388 causarum.

437 2417 555 2463 Duo
597 2415 745 2463 etiam
789 2415 1003 2474 Metelli,
1054 2415 1198 2463 Celer
1236 2424 1287 2463 et
1327 2416 1512 2480 Nepos,
1553 2417 1674 2465 nihil
1710 2418 1763 2465 in

438 2494 596 2542 causis
636 2495 832 2553 versati,
880 2511 973 2542 nec
1016 2495 1120 2542 sine
1157 2494 1377 2558 ingenio,
1419 2512 1512 2544 nec
1553 2496 1763 2557 indocti,

436 2571 532 2619 hoc
557 2580 697 2619 erant
720 2572 955 2636 populare
982 2572 1179 2620 dicendi
1204 2589 1362 2636 genus
1386 2575 1612 2630 assecuti.
1668 2575 1761 2624 Cn.

438 2658 603 2698 autem
628 2650 872 2698 Lentulus
899 2650 1239 2710 Marcellinus,
1278 2668 1372 2699 nec
1396 2668 1614 2716 unquam
1637 2652 1764 2701 indi-

438 2737 613 2787 sertus,
655 2736 707 2776 et
743 2729 794 2775 in
836 2728 1096 2777 consulatu
1135 2728 1459 2793 pereloquens
1500 2730 1630 2779 visus
1671 2738 1760 2787 est,

438 2823 538 2854 non
578 2807 747 2854 tardus
786 2807 1060 2867 sententiis,
1106 2824 1206 2856 non
1246 2807 1387 2872 inops
1426 2809 1605 2868 verbis,
1638 2825 1762 2858 voce

441 2899 638 2943 canora,
675 2883 869 2934 facetus
905 2884 1036 2934 satis.
1121 2885 1178 2934 C.
1207 2884 1490 2944 Memmius,
1531 2886 1590 2936 L.
1615 2886 1759 2947 filius,
