2071 3508
681 402 849 442 LIBER
871 401 1182 444 SECUNDUS.
1523 410 1602 451 217

269 513 555 562 facultatem
581 518 632 559 et
655 511 948 560 exercitatio
973 512 1129 570 dabit,
1172 527 1234 559 ex
1267 528 1364 576 qua
1402 530 1606 566 consue-

268 592 392 641 tudo
413 590 653 655 gignitur,
679 598 730 638 et
754 590 986 638 similium
1005 590 1269 638 verborum
1295 607 1531 641 conversa
1555 604 1606 643 et

266 672 525 720 immutata
549 669 759 728 casibus,
801 676 888 716 aut
910 669 1141 717 traducta
1172 685 1234 717 ex
1270 678 1410 734 parte
1435 671 1499 719 ad
1521 688 1606 735 ge-

265 764 357 796 nus
398 748 607 807 notatio,
646 755 698 796 et
736 747 883 796 unius
917 748 1056 796 verbi
1080 748 1297 813 imagine
1322 749 1474 798 totius
1499 766 1607 799 sen-

264 827 451 875 tentiae
477 826 781 886 informatio,
817 827 1022 892 pictoris
1048 826 1305 892 cujusdam
1332 829 1509 879 summi
1534 846 1606 877 ra-

264 905 400 954 tione
437 913 488 954 et
522 905 672 954 modo
708 905 977 954 formarum
1012 906 1251 956 varietate
1275 907 1410 956 locos
1434 908 1605 956 distin-

261 985 478 1050 guentis.

332 1064 432 1114 Sed
471 1066 735 1114 verborum
774 1065 1026 1123 memoria,
1065 1082 1191 1130 quae
1222 1066 1385 1115 minus
1421 1075 1496 1115 est
1519 1083 1605 1116 no·
1641 1062 1745 1126 88,

265 1144 339 1193 bis
376 1145 670 1202 necessaria,
722 1144 906 1210 majore
947 1145 1220 1210 imaginum
1259 1146 1498 1195 varietate
1534 1146 1605 1194 di·
1638 1154 1750 1198 359.

265 1223 566 1289 stinguitur:
606 1224 762 1272 multa
795 1223 928 1273 enim
954 1233 1069 1274 sunt
1102 1226 1270 1284 verba,
1312 1242 1456 1290 quae,
1489 1241 1606 1290 qua-

265 1303 305 1350 si
340 1303 555 1363 articuli,
591 1311 909 1354 connectunt
939 1305 1161 1353 membra
1184 1304 1438 1364 orationis,
1479 1321 1606 1369 quae

264 1381 464 1430 formari
505 1383 826 1432 similitudine
870 1383 1005 1431 nulla
1044 1390 1285 1448 possunt:
1325 1399 1495 1431 eorum
1519 1383 1606 1431 fin-

264 1461 460 1525 gendae
486 1462 627 1509 nobis
653 1470 769 1509 sunt
794 1462 1056 1527 imagines,
1082 1462 1260 1526 quibus
1284 1478 1478 1526 semper
1502 1470 1608 1510 uta-

264 1556 391 1587 mur.
444 1540 634 1588 Rerum
658 1541 896 1588 memoria
917 1541 1116 1605 propria
1135 1549 1210 1588 est
1233 1540 1468 1588 oratoris:
1496 1557 1605 1589 eam

263 1617 469 1683 singulis
503 1618 725 1683 personis
762 1619 892 1666 bene
927 1619 1099 1682 positis
1124 1627 1297 1666 notare
1328 1635 1604 1683 possumus,

263 1704 322 1745 ut
345 1697 613 1746 sententias
638 1696 951 1761 imaginibUS‚
985 1696 1210 1745 ordinem
1235 1697 1357 1745 locis
1383 1715 1604 1762 compre-

264 1775 554 1824 hendamus.
627 1776 804 1840 Neque
830 1792 1002 1824 verum
1039 1785 1130 1835 est,
1171 1777 1305 1841 quod
1340 1779 1400 1826 ab
1436 1777 1603 1826 inerti·
1637 1789 1747 1831 3600

264 1856 357 1903 bus
383 1855 580 1911 dicitur,
615 1854 825 1918 opprimi
862 1855 1149 1902 memoriam
1186 1855 1459 1920 imaginum
1483 1873 1604 1921 pon-

263 1933 399 1990 dere,
427 1941 478 1981 et
503 1933 753 1982 obscurari
790 1933 939 1981 etiam
974 1932 1045 1992 id,
1082 1933 1216 2000 quod
1238 1951 1328 1999 per
1353 1951 1404 1982 se
1429 1943 1605 1984 natura

265 2018 437 2061 tenere
463 2013 720 2077 potuisset.
792 2012 912 2061 Vidi
938 2012 1069 2060 enim
1090 2030 1184 2078 ego
1209 2030 1424 2061 summos
1448 2014 1604 2062 homi-

265 2107 373 2150 neS,
399 2099 450 2140 et
475 2092 642 2141 divina
665 2110 820 2157 prope
845 2094 1102 2152 memoria,
1130 2093 1345 2142 Athenis
1371 2094 1605 2143 Charma-

268 2170 417 2232 dam3
456 2172 508 2219 in
534 2172 657 2220 Asia
682 2176 854 2237 (quem
891 2173 1057 2221 vivere
1094 2174 1242 2223 hodie
1267 2174 1430 2235 aiunt)
1458 2176 1606 2239 Scep-

267 2250 394 2298 sium
438 2250 821 2312 Metrodorum3
867 2269 1077 2316 quorum
1117 2261 1328 2318 uterque
1368 2262 1606 2318 tanquam

267 2329 420 2380 literis
444 2331 496 2378 in
521 2348 651 2390 cera,
689 2332 758 2380 sic
784 2349 835 2380 se
861 2333 1022 2380 aiebat
1047 2333 1344 2397 imaginibus
1380 2334 1430 2380 in
1455 2334 1513 2380 iis
1536 2332 1606 2381 lo-

270 2409 358 2467 cis,
401 2426 521 2473 quos
560 2410 782 2470 haberet,
824 2428 950 2475 quae
986 2411 1268 2460 meminisse
1293 2411 1462 2470 vellet,
1496 2427 1605 2475 per-

269 2487 496 2536 scribere.
569 2488 735 2545 Quare
761 2489 853 2537 hac
879 2490 1236 2538 exercitatione
1262 2506 1360 2537 non
1387 2489 1603 2537 eruenda

271 2567 508 2614 memoria
533 2575 624 2625 est,
642 2568 679 2614 si
705 2575 780 2615 est
805 2568 939 2615 nulla
963 2568 1197 2616 naturalis
1221 2587 1232 2615 ε
1273 2569 1359 2616 sed
1384 2578 1538 2625 certe,
1563 2567 1600 2612 si

267 2643 409 2703 latet,
434 2646 687 2693 evocanda
711 2654 800 2694 est.

341 2723 553 2772 Habetis
578 2740 854 2772 sermonem
892 2726 1020 2773 bene
1044 2724 1249 2790 longum
1274 2724 1484 2773 hominis
1510 2724 1602 2772 uti-
1633 2737 1744 2782 361„

268 2819 384 2851 nam
420 2820 520 2851 non
555 2803 890 2869 impudentis:
928 2804 1050 2852 illud
1075 2804 1276 2869 quidem
1313 2812 1463 2861 certe,
1500 2820 1601 2852 non

271 2883 416 2935 nimis
453 2882 759 2945 verecundi3
797 2884 880 2949 qui
916 2884 1117 2950 quidem
1154 2901 1268 2934 cum
1307 2892 1378 2945 te,
1404 2883 1599 2941 Catule,
