2071 3508
762 365 1152 406 PARTITIONES.
1541 372 1619 410 451

288 475 617 534 dissimilium,
653 482 704 523 et
728 475 858 522 inter
882 491 932 521 se
956 474 1288 538 pugnantium
1316 491 1480 524 rerum
1505 493 1623 525 con·

286 554 471 614 flictio,
500 563 550 602 et
570 569 765 609 causae,
786 559 836 599 et
857 569 932 609 ea,
953 568 1079 615 quae
1099 560 1216 599 sunt
1236 553 1297 601 de
1318 554 1477 601 causis
1496 563 1621 615 orta,

285 634 598 696 maximeque
622 629 988 689 similitudines,
1025 638 1076 678 et
1104 630 1363 695 exempla;
1401 631 1547 681 fictae
1573 650 1622 682 e-

283 710 402 758 tiam
416 725 676 774 personae,
693 717 830 757 muta
847 709 1062 774 denique
1078 709 1345 774 loquantur
1360 730 1374 771 ;
1397 711 1623 759 omnino-

283 805 378 852 que
395 805 454 836 ea
468 796 585 837 sunt
597 788 900 847 adhibenda,
915 789 954 837 si
969 806 1116 837 causa
1129 790 1335 854 patitur,
1345 807 1471 855 quae
1488 808 1624 856 mag-

280 883 344 915 na
379 867 654 919 habentur:
694 885 904 933 quorum
931 876 1006 917 est
1035 868 1220 933 duplex
1255 886 1431 935 genus.
1504 870 1623 919 Alia

279 947 413 995 enirn
438 964 619 1012 magna
643 956 821 997 natura
845 949 1092 1006 videntur,
1120 948 1214 997 alia
1238 966 1347 1000 usu.
1408 950 1621 1011 Natura,

276 1034 334 1075 ut
358 1028 611 1088 coelestia,
648 1036 705 1076 ut
731 1028 916 1087 divina,
960 1036 1016 1076 ut
1042 1045 1114 1084 ea,
1143 1046 1354 1093 quorum
1380 1030 1620 1080 obscurae

280 1122 473 1163 causae,
551 1115 623 1167 ut,
678 1107 730 1154 in
776 1107 918 1155 terris
977 1107 1265 1170 mundoque
1312 1107 1621 1157 admirabilia

278 1202 404 1250 quae
446 1194 592 1234 sunt:
639 1203 701 1234 ex
744 1187 939 1251 quibus,
977 1185 1336 1250 similibusque,
1379 1187 1419 1235 si
1460 1195 1620 1236 atten-

278 1264 383 1325 das,
419 1265 484 1312 ad
515 1265 802 1330 augendum
843 1264 1091 1329 permulta
1131 1273 1418 1329 suppetunt.
1491 1266 1619 1328 Usu,

279 1361 405 1409 quae
431 1345 665 1392 videntur
689 1345 973 1396 hominibus
1009 1352 1095 1392 aut
1129 1344 1382 1409 prodesse,
1423 1353 1511 1394 aut
1535 1348 1620 1396 ob·

277 1441 382 1472 esse
407 1424 783 1472 vehementius:
824 1441 1034 1488 quorum
1066 1432 1182 1472 sunt
1218 1441 1406 1489 genera
1430 1425 1494 1473 ad
1518 1443 1619 1474 am-

274 1503 595 1568 plificandum
621 1504 730 1551 tria.
803 1504 934 1551 Nam
977 1511 1064 1551 aut
1106 1504 1312 1553 caritate
1353 1513 1619 1555 moventur

275 1582 532 1643 homines;
571 1591 628 1631 ut
653 1583 880 1642 deorum,
917 1591 973 1631 ut
996 1584 1200 1647 patriae,
1239 1592 1296 1632 ut
1318 1593 1614 1649 parentum:

273 1670 361 1710 aut
384 1679 583 1722 amore3
623 1670 679 1710 ut
703 1661 932 1723 fratrum,
957 1671 1013 1711 ut
1038 1662 1328 1728 conjugum,
1359 1671 1416 1712 ut
1438 1664 1616 1715 libero-

272 1757 402 1800 rum,
437 1750 496 1790 ut
532 1741 879 1790 familiarium:
919 1751 1005 1791 aut
1042 1743 1336 1805 honestate3
1375 1752 1433 1793 ut
1461 1745 1615 1794 virtu-

272 1829 400 1880 tum,
443 1822 758 1886 maximeque
802 1839 991 1882 earum,
1033 1839 1158 1890 quae
1201 1823 1265 1870 ad
1306 1825 1615 1873 communio-

272 1917 388 1949 nem
432 1901 689 1948 hominum
733 1909 784 1948 et
823 1900 1171 1951 liberalitatem
1196 1902 1380 1952 valent.
1451 1904 1530 1952 Ex
1553 1904 1614 1953 iis

273 1988 325 2028 et
350 1980 717 2028 cohortationes
743 1988 1007 2028 sumuntur
1036 1980 1100 2028 ad
1136 1998 1195 2030 ea
1230 1982 1520 2032 retinenda:
1561 1991 1614 2033 et

273 2059 323 2106 in
350 2076 452 2118 eos,
477 2077 506 2107 a
531 2059 707 2123 quibus
734 2077 792 2107 ea
816 2059 998 2107 violata
1022 2068 1156 2120 sunt,
1182 2061 1297 2109 odia
1320 2061 1608 2120 incitantur,

272 2147 323 2188 et
347 2139 597 2187 miseratio
628 2140 862 2187 nascitur.

357 2218 588 2283 Proprius
646 2218 785 2267 locus
832 2219 1049 2283 augendi
1099 2219 1150 2266 in
1208 2219 1284 2267 his
1330 2221 1477 2269 rebus
1524 2230 1611 2271 aut
1650 2206 1754 2271 17·

270 2297 476 2357 amissis,
511 2306 598 2352 aut
629 2297 891 2346 amittendi
915 2297 1161 2363 periculo:
1201 2298 1325 2346 nihil
1364 2307 1440 2348 est
1475 2301 1608 2350 enim

269 2386 371 2425 tam
397 2377 692 2436 miserabile,
730 2395 877 2444 quam
909 2395 970 2426 ex
995 2379 1144 2427 beato
1180 2379 1342 2427 miser.
1415 2380 1482 2428 Et
1511 2381 1608 2430 hoc

269 2464 431 2504 totum
490 2457 691 2521 quidem
744 2465 959 2514 moveat,
1013 2457 1052 2505 si
1101 2459 1233 2506 bona
1286 2475 1348 2506 ex
1406 2458 1609 2509 fortuna

271 2535 380 2599 quis
418 2535 595 2596 cadat;
646 2543 697 2584 et
738 2553 766 2583 a
808 2553 1016 2600 quorum
1065 2537 1271 2585 caritate
1309 2537 1604 2600 divellatur3

271 2630 398 2677 quae
449 2614 664 2674 amittat,
719 2623 805 2663 aut
851 2615 1098 2675 amiserit,
1155 2616 1206 2662 in
1254 2616 1431 2679 quibus
1467 2617 1608 2666 malis

271 2693 350 2750 sit,
391 2692 651 2743 futurusve
697 2694 774 2751 sit,
828 2694 1133 2760 exprimatur
1173 2695 1405 2744 breviter.
1491 2696 1607 2746 Cito

271 2773 405 2821 enim
435 2773 615 2822 arescit
648 2773 886 2840 lacryma,
919 2774 1209 2840 praesertim
1233 2775 1286 2821 in
1310 2774 1481 2824 alienis
1506 2792 1609 2826 ma-

271 2852 346 2905 lis.
441 2853 553 2904 Nec
603 2853 874 2921 quidquam
920 2854 973 2904 in
1018 2853 1403 2922 amplificatione
1460 2855 1606 2907 nimis

1138 2950 1165 2984 F
1187 2932 1218 2982 f
1244 2941 1275 2982 2
