2071 3508
429 724 526 782 15.

424 2681 521 2742 16.

561 474 640 512 502
1108 474 1323 517 ff‘OPICA.

561 587 619 627 ut
664 580 959 644 reliquorum
1000 580 1239 640 locorum,
1281 580 1427 647 paulo
1468 588 1581 630 ante
1621 582 1780 646 posui,
1820 590 1872 632 et

566 659 763 722 quidem
789 677 850 707 ex
865 659 977 723 jure
998 661 1127 708 civili
1146 679 1157 708 :
1197 661 1282 708 sed
1305 661 1426 708 haec
1452 668 1624 725 patent
1645 661 1805 709 latius.

630 737 895 785 Causarum
940 738 1089 801 igitur
1128 755 1311 803 genera
1363 739 1460 786 duo
1512 747 1653 786 sunt:
1702 755 1874 798 unum,

563 815 696 878 quod
719 816 766 862 vi
792 833 877 863 sua
899 816 965 872 id,
1004 817 1135 880 quod
1160 818 1246 864 sub
1273 834 1328 864 ea
1352 816 1625 881 subjectum
1651 825 1741 876 est,
1774 833 1876 864 cer-

563 901 615 940 to
657 893 821 952 efficit,
869 901 926 941 ut
965 895 1091 958 ignis
1145 895 1407 943 accendit:
1478 895 1702 954 alterum,
1743 894 1879 958 quod

563 978 786 1017 naturam
812 971 1053 1019 efficiendi
1077 989 1177 1020 non
1199 972 1391 1028 habeat,
1423 973 1509 1020 sed
1532 973 1635 1020 sine
1660 989 1756 1037 quo
1780 971 1878 1026 effi-

565 1048 610 1093 ci
651 1063 749 1094 non
787 1047 970 1111 possit:
1014 1055 1083 1103 ut,
1128 1048 1166 1094 si
1201 1049 1307 1111 quis
1342 1065 1422 1096 aes
1458 1066 1652 1096 causam
1688 1057 1877 1098 statuae

562 1126 681 1174 velit
706 1126 890 1184 dicere,
906 1125 1038 1189 quod
1062 1125 1164 1172 sine
1179 1141 1239 1173 eo
1262 1142 1362 1173 non
1384 1127 1537 1190 possit
1560 1126 1700 1174 effici.
1771 1126 1880 1173 Hu-

554 1203 636 1268 jus
673 1203 866 1267 generis
908 1219 1182 1260 causarum,
1234 1202 1336 1250 sine
1379 1219 1474 1266 quo
1515 1219 1615 1250 non
1655 1202 1878 1260 efficitur,

562 1282 656 1329 alia
699 1278 812 1329 sunt
851 1282 1033 1345 quieta,
1073 1280 1195 1328 nihil
1218 1281 1433 1344 agentia,
1469 1280 1645 1328 stolida
1669 1281 1880 1344 quodam

562 1359 740 1417 modo,
779 1366 835 1405 ut
858 1359 1014 1413 locus,
1049 1367 1262 1418 tempus,
1287 1359 1539 1415 materiae,
1567 1357 1877 1416 ferramenta,

563 1444 613 1485 et
651 1443 845 1483 caetera
881 1433 1073 1496 generis
1116 1431 1368 1495 ejusdem:
1417 1431 1509 1480 alia
1543 1441 1708 1482 autem
1742 1453 1881 1500 prae-

561 1514 838 1562 cursionem
880 1510 1125 1574 quandam
1166 1509 1401 1558 adhibent
1445 1511 1509 1558 ad
1550 1511 1880 1575 efficiendum,

561 1601 612 1641 et
637 1592 875 1656 quaedam
901 1589 1108 1637 afferunt
1129 1605 1217 1653 per
1242 1606 1292 1637 se
1318 1589 1616 1654 adjuvantia,
1655 1592 1745 1640 etsi
1778 1592 1880 1642 nOn

560 1669 850 1727 necessaria,
889 1676 946 1715 ut
980 1667 1132 1715 amori
1170 1668 1449 1731 congressio
1486 1685 1681 1717 causam
1704 1671 1881 1720 attule-

560 1751 638 1805 rit,
667 1764 800 1796 amor
824 1746 1025 1810 flagitio.
1096 1745 1173 1792 Ex
1190 1745 1285 1793 hoc
1309 1762 1492 1809 genere
1517 1764 1790 1807 causarum,
1815 1764 1879 1798 ex

561 1826 851 1874 aeternitate
890 1823 1231 1888 pendentium,
1272 1823 1428 1871 fatum
1464 1841 1492 1870 a
1527 1824 1701 1873 Stoicis
1725 1828 1880 1876 necti*

560 1913 656 1952 tium
728 1903 898 1966 Atque
934 1910 991 1949 ut
1031 1918 1197 1949 earum
1239 1917 1512 1960 causarum,
1559 1902 1662 1950 sine
1702 1905 1879 1967 quibus

561 1981 686 2030 effici
710 1995 810 2027 non
832 1986 1013 2044 potest,
1047 1995 1229 2042 genera
1264 1978 1418 2033 divisi,
1457 1979 1525 2026 sic
1562 1980 1708 2028 etiam
1734 1982 1880 2032 effici-

562 2060 749 2108 entium
776 2057 928 2106 dividi
951 2064 1170 2121 possunt.
1241 2057 1365 2104 Sunt
1389 2057 1518 2103 enim
1538 2057 1660 2106 aliae
1685 2075 1877 2121 causae,

561 2155 685 2204 quae
709 2136 852 2201 plane
888 2135 1118 2195 efficiant,
1153 2133 1287 2181 nulla
1319 2150 1372 2181 re
1396 2133 1692 2198 adjuvante:
1736 2137 1877 2200 aliae,

560 2235 685 2282 quae
711 2216 927 2281 adjuyari
949 2215 1104 2263 velint
1124 2232 1136 2262 t
1179 2222 1235 2261 ut
1259 2214 1496 2278 sapientia
1520 2214 1668 2264 efficit
1690 2218 1877 2281 sapien-3

559 2305 633 2344 tes
658 2295 759 2343 sola
781 2311 869 2359 per
893 2310 965 2341 se:
995 2295 1164 2341 beatos
1190 2292 1367 2340 efficiat
1390 2308 1547 2342 necne
1572 2293 1672 2341 sola
1694 2311 1782 2359 per
1805 2312 1876 2357 se,

560 2374 778 2439 quaestio
803 2379 891 2420 est.
963 2371 1146 2429 Quare,
1188 2387 1302 2418 cum
1325 2370 1376 2416 in
1401 2370 1782 2434 disputationem
1804 2374 1877 2422 inq

561 2452 737 2500 ciderit
773 2467 919 2498 causa
960 2448 1172 2497 efficiens
1209 2447 1392 2511 aliquid
1431 2449 1723 2508 necessario,
1771 2451 1875 2500 sine

560 2529 865 2579 dubitatione
904 2527 1092 2586 licebit,
1130 2526 1262 2593 quod
1302 2525 1507 2574 efficitur
1544 2528 1602 2575 ab
1629 2544 1685 2575 ea
1710 2545 1870 2587 causa,

559 2608 870 2658 concludere.
1148 2604 1152 2606 ’

625 2690 750 2737 Cum
790 2697 955 2737 autem
997 2689 1090 2736 erit
1122 2687 1231 2735 talis
1255 2703 1417 2746 causa,
1453 2694 1508 2735 ut
1531 2686 1581 2733 in
1607 2702 1665 2734 ea
1687 2702 1786 2734 non
1811 2687 1873 2736 sit

559 2767 800 2816 efficiendi
840 2767 1138 2825 necessitas;
1178 2765 1450 2814 necessaria
1490 2764 1739 2813 conclusio
1773 2781 1874 2814 non

559 2848 789 2909 sequitur.
862 2846 1031 2910 Atque
1054 2844 1177 2893 illud
1200 2844 1396 2909 quidem
1420 2859 1577 2907 genus
1601 2858 1872 2901 causarum,

558 2925 690 2989 quod
713 2925 862 2973 habet
884 2925 984 2973 vim
1020 2922 1263 2972 efficiendi
1287 2919 1625 2979 necessariam,
1662 2935 1872 2970 errorem
