2071 3508
718 373 887 412 LIBER
917 371 1225 412 SECUNDUS.
1554 374 1632 411 203

301 483 557 532 brachium
582 479 984 538 concalefecerit,
1008 489 1116 529 tum
1132 487 1183 527 te
1203 477 1358 526 solere
1377 494 1631 542 pugnare:
1656 518 1666 528 .

302 578 464 626 neque
483 559 716 617 attendit,
735 575 818 607 eos
843 558 992 623 ipsos,
1011 557 1146 605 unde
1171 557 1267 604 hoc
1284 555 1439 604 simile
1465 557 1632 615 ducat,

302 639 407 688 illas
430 638 610 703 primas
633 637 797 686 hastas
821 638 891 686 ita
905 636 1098 702 jactare
1123 635 1320 694 leniter,
1339 642 1397 683 ut
1415 643 1466 684 et
1484 652 1637 684 venu-

301 718 417 766 stati
441 716 520 765 vel
543 717 758 765 maxime
778 717 1012 774 serviant,
1038 724 1089 764 et
1112 714 1312 779 reliquis
1335 714 1520 763 viribus
1540 715 1638 763 suis

303 796 580 846 consulant.
652 797 831 861 Neque
869 804 944 845 est
968 796 1194 854 dubium,
1233 795 1353 859 quin
1379 795 1639 843 exordium
1672 800 1784 847 317.

303 876 503 925 dicendi
535 877 802 925 vehemens
828 885 879 925 et
902 892 1106 941 pugnax
1131 891 1232 923 non
1257 892 1403 940 saepe
1428 892 1534 924 esse
1560 875 1643 923 de-

302 957 448 1005 beat:
488 957 575 1006 sed
599 957 638 1005 si
673 957 725 1004 in
761 957 867 1022 ipso
891 956 976 1005 illo
999 955 1295 1021 gladiatorio
1330 956 1460 1004 vitae
1487 963 1644 1004 certa-

303 1037 456 1096 mine,
506 1054 604 1101 quo
639 1035 771 1085 ferro
807 1036 1111 1095 decernitur,
1161 1044 1328 1084 tamen
1375 1043 1492 1084 ante
1529 1052 1646 1084 con-

305 1132 530 1180 gressum
555 1116 710 1165 multa
726 1117 873 1173 fiunt,
899 1134 1024 1181 quae
1044 1132 1146 1164 non
1162 1116 1226 1164 ad
1245 1115 1442 1173 vulnus,
1469 1115 1558 1163 sed
1581 1115 1646 1164 ad

307 1196 528 1259 speciem
553 1196 716 1244 valere
743 1196 1005 1244 videantur
1027 1216 1040 1255 ;
1081 1203 1267 1260 quanto
1292 1195 1388 1242 hoc
1414 1195 1571 1259 magis
1595 1195 1646 1242 in

308 1276 533 1323 oratione
561 1275 973 1340 exspectandum,
1009 1276 1060 1322 in
1098 1292 1194 1339 qua
1228 1291 1328 1322 non
1365 1274 1438 1321 vis
1462 1273 1647 1338 potius,

308 1353 398 1401 sed
422 1353 690 1403 delectatio
724 1352 1042 1418 postulatur?
1079 1352 1218 1400 Nihil
1256 1360 1331 1400 est
1356 1351 1571 1416 denique
1595 1351 1649 1399 in

309 1440 487 1480 natura
509 1449 674 1480 rerum
699 1432 936 1488 omnium,
981 1432 1116 1495 quod
1152 1448 1203 1479 se
1228 1431 1514 1479 universum
1538 1422 1650 1495 pro-

307 1509 502 1568 fundat,
543 1520 593 1560 et
618 1511 752 1575 quod
787 1519 950 1560 totum
986 1518 1193 1575 repente
1220 1509 1412 1558 evolet:
1453 1510 1522 1558 sic
1549 1526 1651 1558 om-

310 1589 410 1649 nia,
453 1607 579 1654 quae
603 1589 748 1650 fiunt,
784 1606 1011 1654 quaeque
1047 1598 1265 1654 aguntur
1289 1588 1544 1646 acerrime,
1584 1587 1651 1637 le-

305 1668 526 1717 nioribus
549 1668 804 1733 principiis
829 1675 1006 1717 natura
1028 1667 1135 1732 ipsa
1148 1667 1448 1732 praetexuit.
1506 1667 1651 1716 Haec
1684 1672 1796 1714 318.

308 1755 477 1796 autem
500 1747 552 1795 in
569 1747 785 1797 dicendo
810 1764 912 1796 non
928 1747 1238 1796 extrinsecus
1256 1747 1487 1796 alicunde
1505 1764 1652 1812 quae-

307 1827 478 1884 renda,
517 1827 606 1875 sed
641 1843 705 1875 ex
740 1827 857 1890 ipsis
892 1826 1163 1876 visceribus
1201 1843 1378 1875 causae
1412 1827 1656 1875 sumenda

311 1914 443 1955 sunt.
515 1904 733 1963 Idcirco,
757 1911 865 1952 tota
890 1919 1038 1954 causa
1060 1912 1346 1967 pertentata
1370 1912 1519 1970 atque
1543 1922 1653 1970 per-

311 1993 496 2051 specta,
540 1983 662 2032 locis
698 1982 927 2030 omnibus
963 1981 1179 2031 inventis
1203 1991 1352 2047 atque
1377 1984 1653 2044 instructis,

311 2062 729 2114 considerandum
767 2070 859 2119 est,
895 2077 993 2125 quo
1017 2061 1262 2127 principio
1287 2062 1350 2111 sit
1374 2063 1618 2112 utendum
1638 2083 1650 2113 ε

312 2143 382 2193 sic
419 2149 471 2191 et
504 2139 650 2189 facile
686 2140 976 2205 reperietur.
1049 2139 1318 2189 Sumentur
1354 2142 1486 2191 enim
1508 2159 1570 2191 ex
1593 2144 1652 2192 iis
1686 2152 1798 2194 319.

312 2223 477 2281 rebUS‚
502 2236 628 2285 quae
655 2227 801 2268 erunt
824 2219 1101 2268 uberrimae
1125 2219 1204 2270 vel
1241 2221 1291 2268 in
1328 2223 1652 2286 argumentis,

311 2300 391 2351 vel
424 2300 477 2348 in
510 2299 569 2347 iis
603 2299 843 2365 partibus,
880 2299 943 2347 ad
979 2315 1099 2363 quas
1136 2299 1239 2347 dixi
1276 2300 1471 2365 digredi
1507 2317 1653 2367 saepe

311 2388 557 2448 oportere.
629 2379 708 2428 Ita
732 2387 783 2428 et
807 2379 1048 2428 momenti
1073 2378 1261 2444 aliquid
1285 2380 1509 2440 afferent,
1536 2398 1652 2430 cum

313 2467 461 2511 erunt
483 2475 613 2524 pene
639 2475 702 2507 ex
726 2458 902 2507 intima
927 2457 1216 2507 defensione
1243 2458 1567 2524 deprompta;
1601 2467 1652 2508 et

314 2527 571 2605 apparebit
595 2555 654 2588 ea
678 2554 778 2586 non
803 2538 952 2586 modo
971 2554 1072 2586 non
1097 2555 1202 2586 esse
1229 2539 1530 2598 communia,
1555 2555 1649 2587 nec

313 2619 366 2667 in
390 2617 508 2667 alias
533 2634 703 2666 causas
726 2632 870 2681 posse
886 2615 1154 2673 transferri,
1181 2617 1269 2665 sed
1286 2618 1485 2682 penitus
1511 2634 1572 2666 ex
1593 2634 1652 2666 ea

314 2713 481 2756 causa,
505 2712 633 2761 quae
657 2703 764 2744 tum
788 2703 982 2760 agatur,
1008 2694 1288 2744 effloruisse.
1439 2756 1448 2768 ⁴

382 2775 550 2826 Omne
573 2783 740 2824 autem
775 2773 1075 2840 principium
1099 2782 1186 2823 aut
1220 2774 1291 2824 rei
1315 2775 1487 2834 totius,
1523 2791 1649 2840 quae
1685 2754 1791 2817 79·

315 2863 507 2923 agetur,
542 2853 956 2922 significationem
978 2853 1161 2905 habere
1186 2853 1409 2916 debebit,
1439 2862 1526 2905 aut
1549 2855 1651 2904 adi·
1682 2848 1796 2897 320.
