2071 3508
450 415 531 451 4234
952 406 1286 447 ORATORIAE

450 520 544 569 fit?
631 519 821 567 PATER.
872 517 1218 582 Argumentis,
1257 533 1385 582 quae
1428 517 1683 565 ducuntur
1722 529 1788 565 ex

449 599 592 658 locis,
628 606 714 647 aut
737 598 788 645 in
823 614 875 646 re
900 597 1005 662 ipsa
1039 597 1214 656 insitis,
1251 605 1336 644 aut
1360 596 1635 660 assumptis.
1705 595 1788 644 F1.-

452 697 584 729 LIUs.
635 680 774 737 Quos
796 695 944 726 vocas
967 677 1140 726 locos?
1211 677 1399 725 PATER.
1452 677 1566 736 Eos,
1607 676 1658 723 in
1683 675 1790 740 qui-s

451 761 545 810 bus
579 759 738 807 latent
761 764 1071 822 argumenta.
1142 757 1335 804 FILIUS.
1386 757 1522 814 Quid
1547 764 1621 805 est
1643 770 1789 820 argu-

453 839 718 887 mentum?
789 838 977 885 PATER.
1029 836 1289 884 Probabile
1308 836 1566 884 inventum
1583 835 1646 883 ad
1669 833 1789 882 faci-

455 919 633 968 endam
672 917 837 965 fidem.
925 916 1118 963 F1Lms.
1192 915 1458 972 Quomodo
1495 915 1648 980 igitur
1689 914 1793 962 duo

453 1014 639 1062 genera
676 990 1026 1044 ista'dividis?
1098 995 1286 1042 PATER.
1350 995 1493 1051 Quae
1532 996 1636 1043 sine
1684 1001 1790 1042 arte

453 1084 710 1142 putantur,
731 1093 789 1124 ea
813 1082 1003 1122 remota
1027 1074 1239 1138 appello,
1264 1082 1320 1122 ut
1343 1075 1641 1122 testimonia.
1711 1073 1796 1121 F1-

455 1172 586 1204 Lms.
638 1153 775 1211 Quid
799 1152 981 1200 insita?
1054 1151 1242 1199 PATER.
1293 1152 1435 1209 Quae
1458 1152 1719 1201 inhaerent
1741 1151 1795 1199 in

452 1235 560 1300 ipsa
605 1251 673 1281 re.
768 1233 961 1280 Funus.
1033 1231 1453 1279 Testimoniorum
1502 1248 1627 1296 quae
1677 1238 1793 1279 sunt

454 1314 677 1378 genera?
748 1313 936 1360 PATER.
986 1311 1245 1370 Divinum,
1282 1318 1333 1359 et
1355 1311 1643 1358 humanum.
1702 1310 1794 1358 Di-

456 1392 643 1449 vinum,
687 1399 744 1440 ut
768 1391 985 1448 oracula,
1031 1397 1088 1437 ut
1124 1389 1360 1454 auspicia,
1401 1398 1458 1438 ut
1481 1389 1797 1438 vaticinatio-

456 1488 563 1531 nes,
594 1481 645 1520 et
670 1487 901 1536 responsa
926 1469 1262 1527 sacerdotum,
1301 1468 1633 1533 haruspicum,
1678 1484 1794 1517 con-

449 1551 718 1616 jectorum.
793 1551 1100 1605 Humanum,
1145 1548 1280 1612 quod
1316 1556 1569 1613 spectatur
1593 1565 1655 1597 ex
1680 1562 1795 1597 auc-2

456 1631 677 1689 toritate,
732 1638 783 1678 et
824 1645 885 1677 ex
927 1628 1201 1686 voluntate,
1242 1635 1294 1675 et
1328 1643 1390 1675 ex
1427 1628 1665 1685 oratione,
1709 1636 1796 1676 aut

456 1709 625 1767 libera,
653 1717 739 1758 aut
764 1724 993 1772 expressa
1015 1725 1026 1754 z
1065 1707 1115 1753 in
1141 1723 1239 1770 quo
1264 1707 1431 1754 insunt
1456 1708 1656 1771 scripta,
1679 1724 1794 1772 pac-

455 1799 526 1849 ta,
564 1790 817 1854 promissa,
853 1787 1036 1852 jurata,
1085 1787 1320 1851 quaesita.
1408 1786 1602 1835 FILIUS.
1651 1787 1801 1845 Quae

458 1878 574 1918 sunt
621 1886 746 1933 quae
796 1868 921 1915 dicis
954 1867 1134 1915 insita?
1207 1867 1395 1914 PATER.
1462 1867 1605 1923 Quae
1647 1868 1797 1916 infixa

458 1955 574 1996 sunt
598 1949 745 1996 rebus
769 1947 904 2011 ipsis,
941 1954 998 1993 ut
1023 1944 1261 2001 definitio,
1302 1951 1359 1991 ut
1385 1945 1704 2006 contrarium,
1739 1955 1803 1995 ut-

459 2045 536 2087 ea,
563 2043 688 2091 quae
715 2033 829 2074 sunt
855 2024 966 2089 ipsi,
1004 2023 1312 2071 contrariove
1347 2021 1468 2087 eju‘S,
1494 2031 1580 2072 aut
1603 2025 1798 2086 similia,

459 2113 547 2154 aut
573 2103 844 2162 dissimilia,
864 2110 950 2150 aut
975 2111 1322 2158 consentanea,
1351 2109 1436 2149 aut
1461 2102 1811 2153 dissentaneaz

459 2191 517 2232 ut
543 2200 619 2242 ea,
646 2198 770 2246 quae
813 2188 928 2228 sunt
969 2180 1107 2243 quasi
1133 2178 1418 2244 conjuncta,
1452 2188 1538 2228 aut
1561 2197 1637 2241 ea,
1673 2198 1801 2247 quae

461 2270 579 2312 sunt
620 2260 758 2325 quasi
794 2258 1072 2323 pugnantia
1111 2258 1241 2306 inter
1282 2274 1366 2305 se:
1423 2266 1508 2306 aut
1532 2275 1699 2308 earum
1725 2277 1799 2310 re-

463 2358 591 2400 rum,
629 2340 693 2387 de
736 2339 913 2402 quibus
955 2338 1134 2401 agitur,
1179 2353 1390 2385 causae:
1430 2346 1516 2385 aut
1540 2355 1799 2387 causarum

464 2427 691 2478 eventus,
733 2419 785 2465 id
810 2425 902 2476 est,
939 2433 1065 2481 quae
1092 2424 1206 2464 sunt
1241 2416 1418 2464 effecta
1443 2417 1507 2464 de
1531 2419 1704 2476 causis,
1742 2426 1799 2467 ut

464 2497 856 2555 distributiones,
897 2503 955 2543 ut
994 2511 1179 2560 genera
1218 2495 1448 2560 partium,
1495 2513 1800 2560 generumve

463 2584 647 2642 partes,
682 2583 740 2623 ut
778 2575 1047 2639 primordia
1088 2591 1270 2634 rerum,
1307 2582 1358 2623 et
1399 2575 1535 2639 quasi
1570 2593 1799 2641 praecur-

464 2656 643 2714 rentia,
689 2655 741 2702 in
782 2654 958 2718 quibus
999 2654 1127 2702 inest
1167 2654 1354 2719 aliquid
1389 2656 1700 2719 argumenti:
1744 2664 1800 2704 ut

463 2752 629 2784 rerum
654 2735 1020 2793 contentiones,
1046 2734 1165 2799 quid
1189 2733 1363 2799 majus,
1397 2733 1517 2799 quid
1538 2751 1642 2800 par,
1680 2733 1801 2800 quid

465 2815 628 2862 minus
654 2814 730 2870 sit,
768 2814 817 2860 in
845 2812 1023 2877 quibus
1058 2821 1145 2862 aut
1167 2821 1372 2864 naturae
1398 2830 1581 2876 rerum,
1621 2821 1709 2864 aut
1727 2812 1798 2862 fa-

467 2892 679 2942 cultates
704 2900 1068 2959 comparantur.
