2071 3508
651 411 820 452 LIBER
850 411 1158 451 SECUNDUS.
1500 412 1584 456 171'

243 521 534 588 repentina?
577 538 710 581 cum,
747 520 987 585 conjectis
1025 519 1196 575 oculiS‚
1246 528 1390 584 gestu
1440 524 1571 572 omni

242 601 533 657 imminenti,
575 617 766 648 summa
802 600 1063 664 gravitate,
1105 608 1156 646 et
1192 599 1446 647 celeritate
1471 616 1576 646 ver-

240 680 675 738 borum‚--Brute,
693 679 813 743 quid
832 679 1001 727 sedes?
1027 678 1147 742 quid
1169 677 1302 725 illam
1322 693 1472 725 anum
1496 694 1578 742 pa-

241 760 302 806 tri
328 759 564 807 nunciare
580 760 652 807 vis
677 768 766 807 tuo
788 759 803 807 ?
841 758 960 822 quid
978 757 1071 805 illis
1096 758 1342 816 omnibus,
1369 767 1578 821 quorum

239 838 479 903 imagines
504 838 621 887 duci
644 838 817 887 vides?
855 837 975 902 quid
999 836 1263 901 majoribus
1287 836 1385 884 tuis
1407 837 1423 884 ?
1460 836 1582 900 quid

241 917 301 966 L.
330 918 504 977 Bruto,
530 918 615 981 qui
639 918 773 966 hunc
809 916 1048 982 populum
1081 915 1339 964 dominatu
1365 915 1503 979 regio
1527 914 1582 961 li-

224 997 467 1053 beravit?
521 997 642 1061 quid
683 1004 733 1045 te
774 996 975 1045 facere?
1012 996 1093 1044 cui
1132 995 1221 1053 rei,
1259 995 1339 1043 cui
1375 993 1581 1059 gloriae,

244 1077 323 1126 cui
348 1076 520 1125 virtuti
546 1076 783 1125 studere?
833 1076 1201 1124 Patrimonione
1227 1074 1494 1139 augendo?
1532 1081 1582 1121 at
1613 1083 1726 1124 226.

242 1156 296 1204 id
320 1173 420 1205 non
445 1164 520 1205 est
544 1155 830 1204 nobilitatis.
904 1155 1002 1203 Sed
1037 1154 1116 1202 fac
1145 1171 1270 1212 esse,
1295 1153 1417 1201 nihil
1443 1170 1584 1218 supe-

246 1243 377 1296 rest3
428 1235 658 1283 libidines
705 1242 867 1282 totum
915 1234 1292 1298 dissipaverunt.
1367 1232 1450 1279 An
1483 1232 1586 1296 juri

248 1315 414 1363 civili?
452 1321 527 1363 est
549 1323 845 1379 paternum:
885 1312 972 1361 sed
1001 1312 1155 1371 dicet,
1179 1320 1245 1368 te,
1287 1328 1402 1360 cum
1439 1310 1588 1360 aedes

246 1395 506 1453 venderes,
531 1410 594 1441 ne
618 1394 669 1441 in
694 1393 815 1440 rutis
840 1393 1040 1457 quidem
1074 1400 1124 1439 et
1149 1390 1303 1439 caesis
1328 1390 1504 1438 solium
1527 1389 1588 1438 ti-

247 1474 299 1522 bi
340 1482 601 1538 paternum
643 1472 903 1536 recepisse.
983 1470 1068 1518 An
1109 1470 1181 1518 rei
1218 1468 1453 1516 militari?
1503 1469 1588 1532 qui

247 1568 501 1617 nunquam
527 1558 688 1599 castra
710 1550 907 1597 videris.
962 1549 1048 1599 An
1073 1548 1387 1613 eloquentiae
1409 1548 1425 1595 ?
1462 1563 1588 1612 quae

248 1631 384 1679 nulla
403 1638 478 1679 est
500 1630 552 1677 in
577 1638 645 1688 te,
683 1636 734 1677 et
763 1627 1003 1698 quicquid
1027 1635 1102 1676 est
1124 1627 1262 1676 vocis
1286 1644 1344 1676 ac
1368 1627 1586 1691 linguae,

249 1726 396 1758 omne
422 1710 473 1756 in
496 1709 646 1757 istum
671 1708 1008 1773 turpissimum
1028 1707 1304 1757 calumniae
1330 1714 1590 1772 quaestum

252 1789 522 1839 contulisti.
594 1790 676 1837 Tu
713 1789 877 1838 lucem
911 1788 1131 1854 aspicere
1173 1787 1359 1836 audes?
1407 1795 1464 1835 tu
1504 1787 1593 1835 hos

252 1870 469 1919 intueri?
521 1878 578 1918 tu
603 1870 653 1917 in
678 1868 787 1917 foro
808 1869 824 1917 ?
876 1876 933 1917 tu
962 1869 1014 1915 in
1038 1869 1160 1916 urbe
1182 1868 1198 1916 ?
1251 1875 1308 1916 tu
1331 1867 1383 1914 in
1409 1866 1592 1914 civium

255 1967 360 1999 esse
387 1958 661 2014 conspectu
731 1958 787 1997 tu
812 1948 946 1996 illam
971 1956 1237 2006 mortuam,
1270 1954 1327 1994 tu
1352 1945 1592 2010 imagines

254 2030 382 2095 ipsas
421 2046 521 2077 non
560 2028 929 2093 perhorrescis?
967 2027 1144 2092 quibus
1181 2042 1282 2074 non
1314 2025 1463 2073 modo
1488 2023 1594 2071 imi-

256 2110 439 2169 tandis,
465 2108 552 2157 sed
576 2124 639 2156 ne
665 2106 968 2157 collocandis
993 2106 1194 2172 quidem
1218 2105 1309 2154 tibi
1343 2104 1501 2153 ullum
1527 2102 1596 2151 lo-

264 2205 378 2237 cum
404 2187 660 2252 reliquisti.

325 2268 424 2318 Sed
458 2267 581 2316 haec
618 2267 807 2331 tragica
831 2274 979 2331 atque
1005 2265 1204 2313 divina:
1242 2264 1407 2312 faceta
1430 2270 1596 2311 autem
1629 2263 1733 2323 56,

261 2356 311 2398 et
335 2350 523 2397 urbana
547 2346 925 2395 innumerabilia
944 2362 1006 2394 ex
1031 2361 1131 2394 una
1149 2344 1472 2393 contentione
1497 2359 1596 2391 me·
1625 2355 1739 2401 227.

260 2428 485 2476 ministis.
556 2427 668 2475 Nec
694 2426 825 2474 enim
852 2425 1029 2474 concio
1063 2423 1219 2489 major
1242 2439 1461 2488 unquam
1485 2421 1599 2480 fuit,

264 2524 358 2557 nec
399 2507 532 2572 apud
572 2506 812 2572 populum
851 2506 1047 2571 gravior
1071 2505 1248 2563 oratio,
1283 2519 1430 2568 quam
1455 2500 1600 2565 hujus

267 2594 440 2636 contra
466 2586 708 2650 collegam
734 2586 783 2632 in
811 2600 1020 2633 censura
1044 2599 1216 2646 nuper,
1244 2598 1409 2646 neque
1433 2580 1602 2645 lepore

264 2676 314 2716 ct
354 2664 623 2713 festivitate
671 2662 932 2710 conditior.
1021 2661 1188 2718 Quare
1235 2660 1340 2715 tibi,
1386 2658 1598 2717 Antoni,

271 2754 537 2810 utrumque
571 2742 823 2797 assentior,
868 2748 919 2789 et
961 2739 1171 2787 multum
1202 2737 1409 2786 facetias
1444 2738 1496 2786 in
1531 2738 1602 2785 di-

269 2824 430 2875 cendo
470 2822 702 2889 prodesse
744 2836 909 2886 saepe,
957 2827 1008 2868 et
1049 2835 1129 2867 eas
1166 2825 1270 2866 arte
1294 2817 1431 2866 nullo
1454 2817 1605 2866 modo

269 2922 412 2971 posse
436 2904 593 2954 tradi:
632 2901 756 2951 illud
793 2900 994 2967 quidem
1034 2898 1263 2958 admiror,
1304 2906 1357 2950 te.
1390 2897 1531 2949 nobis
1554 2897 1605 2945 in
