2071 3508
314 1143 425 1184 240.

318 2292 423 2351 57.

317 2385 428 2424 241.

458 397 509 433 30
933 393 1009 433 DE
1039 391 1308 432 ORATORE

460 520 605 553 causa
629 502 874 567 quendam
906 503 1243 563 rusticanum3
1283 501 1367 566 qui
1403 517 1517 549 cum
1554 499 1782 548 Crassum

459 582 752 641 seduxisset,
778 589 923 646 atque
949 582 1012 630 ad
1037 599 1148 630 eum
1178 580 1443 639 retulisset,
1478 594 1786 644 responsum-

459 679 554 727 que
580 662 639 709 ab
666 673 725 709 eo
748 677 918 708 verum
944 661 1117 725 magis,
1158 677 1304 724 quam
1330 659 1393 707 ad
1418 675 1554 706 suam
1578 673 1681 705 rem
1706 672 1785 704 ac-

458 740 827 789 commodatum
852 738 1128 787 abstulisset
1150 759 1162 798 3
1190 746 1247 786 ut
1271 754 1384 785 eum
1410 737 1599 785 tristem
1623 734 1787 785 Galba

457 819 597 875 vidit,
619 819 818 866 nomine
845 816 1128 882 appellavit,
1145 816 1501 880 quaesivitque,
1527 831 1623 878 qua
1646 813 1710 861 de
1733 830 1785 862 re

457 898 521 945 ad
547 898 776 946 Crassum
801 896 1049 944 retulisset
1071 913 1083 942 ε
1122 911 1185 942 ex
1210 910 1307 958 quo
1333 901 1389 941 ut
1424 892 1631 952 audivit,
1655 909 1787 940 com-

455 984 744 1040 motumque
769 982 825 1022 ut
849 974 973 1021 vidit
996 973 1265 1030 hominem,
1307 971 1571 1035 Suspenso,
1608 970 1787 1033 inquit,

457 1055 620 1102 animo
647 1062 696 1102 et
720 1061 964 1117 occupato
991 1052 1221 1100 Crassum
1258 1049 1350 1098 tibi
1389 1048 1697 1114 respondisse
1720 1048 1790 1095 vi-

458 1133 568 1180 deo,
640 1132 839 1179 Deinde
876 1131 1036 1194 ipsum
1063 1129 1293 1176 Crassum
1322 1144 1472 1175 manu
1506 1125 1790 1192 prehendit,

457 1211 537 1266 Et,
579 1210 699 1257 heus
724 1218 794 1264 tu,
834 1209 1014 1272 inquit,
1054 1207 1173 1270 quid
1196 1206 1287 1254 tibi
1311 1206 1362 1253 in
1394 1213 1613 1254 mentem
1653 1205 1791 1253 venit

455 1288 525 1336 ita
549 1287 885 1352 respondere?
923 1286 1055 1333 Tum
1094 1284 1176 1332 ille
1213 1284 1443 1343 fidenter,
1483 1284 1632 1331 homo
1667 1283 1792 1348 peri-

454 1367 688 1424 tissimus,
728 1365 1035 1423 confirmare,
1074 1364 1142 1411 ita
1186 1380 1237 1411 se
1275 1379 1379 1411 rem
1403 1362 1605 1421 habere,
1638 1369 1697 1410 ut
1719 1378 1792 1410 re-

458 1445 753 1509 spondisset,
794 1460 888 1490 nec
925 1443 1131 1490 dubium
1169 1459 1272 1489 esse
1296 1459 1455 1506 posse.
1526 1441 1689 1490 Galba
1712 1458 1794 1490 au-

456 1532 561 1571 tem
586 1522 808 1570 alludens
832 1521 964 1568 varie
991 1528 1041 1568 et
1075 1521 1290 1584 copiose,
1315 1520 1493 1568 multas
1519 1519 1792 1568 similitudi-

459 1619 546 1650 nes
589 1601 774 1657 afferre,
817 1600 1069 1664 multaque
1105 1617 1194 1664 pro
1226 1601 1474 1663 aequitate
1511 1608 1684 1648 contra
1708 1598 1792 1663 jus

461 1681 658 1729 dicere:
702 1687 850 1743 atque
892 1678 1049 1736 illum,
1092 1695 1204 1726 cum
1245 1678 1530 1726 disserendo
1561 1695 1650 1742 par
1687 1695 1791 1726 esse

459 1775 560 1807 non
600 1766 766 1823 posset
807 1761 1111 1822 (quanquam
1144 1756 1242 1804 fuit
1278 1757 1479 1804 Crassus
1510 1757 1560 1803 in
1586 1773 1793 1804 numero

458 1837 771 1895 disertorum,
815 1835 901 1883 sed
946 1852 1034 1899 par
1075 1835 1264 1883 Galbae
1312 1835 1448 1883 nullo
1494 1835 1686 1897 modo),
1729 1835 1793 1884 ad

459 1926 685 1964 auctores
711 1914 1007 1978 confugisse,
1042 1922 1092 1961 et
1116 1913 1185 1972 id,
1218 1914 1351 1978 quod
1374 1914 1478 1978 ipse
1504 1914 1710 1973 diceret,
1742 1922 1794 1962 et

458 1995 509 2041 in
553 1995 606 2041 P.
637 1993 797 2040 Mucii
834 1992 996 2039 fratris
1033 1992 1106 2038 sui
1141 1991 1294 2051 libris,
1337 2000 1387 2040 et
1427 1993 1478 2039 in
1517 1993 1630 2041 Sex.
1659 1992 1793 2041 Aelii

459 2071 825 2120 commentariis
873 2071 1110 2135 scriptum
1157 2070 1457 2135 protulisse3
1519 2088 1577 2120 ac
1623 2079 1792 2121 tamen

460 2150 778 2207 concessisse,
819 2148 1010 2197 Galbae
1037 2149 1421 2213 disputationem
1447 2151 1536 2199 sibi
1567 2151 1794 2216 probabi-

460 2228 577 2287 lem,
603 2236 653 2275 et
676 2244 830 2292 prope
855 2243 1021 2274 veram
1047 2228 1220 2275 videri.

528 2307 770 2355 Attamen
812 2322 936 2369 quae
975 2322 1149 2353 causae
1188 2314 1303 2354 sunt
1337 2306 1594 2370 ejusmodi,
1633 2315 1690 2356 ut
1730 2308 1793 2356 de

461 2401 628 2434 earum
645 2384 757 2448 jure
784 2384 987 2432 dubium
1024 2401 1127 2432 esse
1163 2401 1263 2432 non
1295 2385 1466 2449 possit,
1504 2385 1706 2433 omnino
1740 2387 1791 2434 in

452 2463 699 2528 judicium
723 2462 889 2509 vocari
913 2478 1014 2510 non
1039 2461 1213 2510 solent.
1270 2463 1404 2510 Num
1430 2464 1536 2527 quis
1562 2480 1620 2512 eo
1645 2471 1792 2513 testae

460 2550 649 2600 mento,
676 2540 808 2605 quod
842 2539 1192 2605 paterfamilias
1234 2549 1348 2589 ante
1383 2541 1519 2598 fecit,
1565 2560 1711 2607 quam
1747 2543 1793 2592 ei

461 2620 587 2668 filius
629 2628 772 2667 natus
809 2630 955 2678 esset,
996 2620 1351 2668 haereditatem
1397 2622 1560 2686 petit?
1613 2638 1791 2671 nemo:

461 2699 576 2761 quia
618 2705 828 2756 constat,
871 2699 1185 2762 agnascendo
1226 2700 1386 2764 rumpi
1422 2708 1790 2749 testamentum.

462 2776 596 2840 Ergo
619 2778 669 2823 in
694 2777 790 2825 hoc
815 2793 998 2841 genere
1014 2776 1139 2841 juris
1155 2777 1349 2842 judicia
1372 2779 1506 2843 nulla
1531 2786 1660 2827 sunt.
1707 2779 1791 2827 Li-

464 2863 545 2902 cet
582 2855 732 2918 igitur
768 2857 971 2921 impune
1006 2857 1188 2906 oratori
1223 2874 1420 2906 omnem
1444 2858 1573 2908 hanc
1597 2865 1789 2924 partem
