2071 3508
291 902 404 944 239.

291 2405 404 2446 241.

440 395 515 440 176
912 390 990 434 DE
1020 394 1294 439 ORATORE

437 506 590 570 digna
613 512 742 553 sunt.
815 504 1149 562 Quamobrem
1190 503 1419 552 materies
1457 503 1614 552 omnis
1649 502 1764 552 ridi-

438 586 662 634 culorum
688 592 762 632 est
796 584 847 631 in
882 584 985 631 istis
1009 583 1154 640 vitiis,
1194 599 1317 647 quae
1343 590 1457 630 sunt
1480 583 1531 630 in
1555 582 1656 630 vita
1678 582 1765 630 ho-

437 664 627 712 minum
665 679 826 727 neque
869 678 1113 721 carorum,
1149 678 1310 725 neque
1351 661 1766 721 calamitosorum,

435 760 598 808 neque
624 759 811 801 eorum,
837 742 920 806 qui
945 743 1006 790 ob
1031 741 1224 788 facinus
1240 741 1304 788 ad
1322 740 1617 806 supplicium
1641 740 1766 804 rapi-

437 822 553 870 endi
599 821 861 869 videntur:
917 838 1072 885 eaque
1118 819 1247 868 belle
1294 820 1480 884 agitata
1525 821 1765 868 ridentur.

438 902 528 950 Est
552 902 700 950 etiam
726 900 1067 959 deformitatis,
1088 907 1139 948 et
1156 899 1372 964 corporis
1395 899 1628 946 vitiorum
1653 898 1768 946 satis

434 980 565 1029 bella
610 979 837 1027 materies
885 979 947 1026 ad
984 978 1274 1043 jocandum.
1347 977 1444 1026 Sed
1491 977 1768 1041 quaerimus

435 1058 587 1117 idem,
626 1057 759 1121 quod
797 1057 848 1103 in
887 1057 1093 1105 caeteris
1125 1058 1270 1105 rebus
1295 1056 1508 1103 maxime
1533 1071 1770 1119 quaerens-

436 1136 555 1184 dum
602 1143 694 1194 est,
743 1136 1017 1192 Quatenus.
1091 1136 1151 1182 In
1189 1153 1288 1199 quo
1325 1151 1426 1183 non
1464 1135 1614 1182 modo
1646 1133 1771 1182 illud

436 1215 755 1279 praecipitur,
797 1231 860 1262 ne
886 1215 1005 1278 quid
1040 1215 1241 1273 insulse,
1278 1214 1366 1262 sed
1390 1214 1555 1270 etiam,
1582 1213 1621 1260 si
1646 1212 1768 1276 quid

436 1292 734 1356 perridicule
758 1293 912 1357 possis
934 1310 946 1339 ε
983 1292 1243 1340 vitandum
1279 1300 1354 1339 est
1378 1291 1558 1339 oratori
1581 1298 1770 1338 utrum-

437 1388 552 1435 que,
600 1388 662 1419 ne
710 1379 796 1419 aut
843 1370 1056 1419 scurrilis
1095 1369 1241 1434 jocus
1279 1371 1356 1427 sit,
1400 1378 1485 1417 aut
1525 1369 1768 1417 mimicus.

439 1449 581 1506 Quae
607 1448 881 1513 cujusmodi
907 1449 1022 1507 sint,
1063 1447 1258 1497 facilius
1285 1447 1391 1512 jam
1415 1435 1769 1512 intelligemus,

393 1568 404 1579 .
438 1544 552 1575 cum
577 1527 640 1575 ad
659 1528 762 1590 ipsa
780 1526 1100 1574 ridiculorum
1116 1543 1301 1590 genera
1315 1526 1612 1574 venerimus.
1649 1527 1769 1575 Duo

437 1607 569 1655 enim
593 1612 708 1653 sunt
742 1621 928 1669 genera
959 1604 1287 1664 facetiarum3
1327 1620 1535 1668 quorum
1561 1604 1769 1653 alterum

434 1702 487 1733 re
512 1692 768 1740 tractatur,
796 1683 1005 1731 alterum
1032 1683 1181 1732 dicto.
1239 1684 1335 1742 Re,
1356 1683 1394 1730 si
1411 1683 1609 1747 quando
1628 1683 1767 1748 quid,

435 1772 671 1828 tanquam
713 1762 875 1826 aliqua
913 1762 1110 1821 fabella,
1151 1770 1408 1823 narratur3
1447 1769 1504 1810 ut
1541 1762 1659 1810 olim
1693 1770 1765 1820 tu,

437 1843 628 1900 Crasse,
667 1842 717 1889 in
761 1841 1078 1900 Memmium,
1118 1843 1368 1889 comedisse
1408 1858 1512 1890 eum
1548 1842 1768 1890 lacertum

436 1922 634 1985 Largiz',
660 1937 774 1968 cum
800 1928 928 1968 esset
945 1936 1058 1968 cum
1079 1937 1137 1968 eo
1158 1920 1456 1968 Tarracinae
1476 1920 1539 1968 de
1558 1920 1771 1969 amicula

437 2001 656 2049 rixatus:
695 2000 836 2059 salsa,
873 2008 1091 2048 attamen
1127 2017 1156 2048 a
1189 2007 1239 2048 te
1264 1999 1370 2064 ipso
1394 1999 1511 2048 ficta
1532 2007 1639 2048 tota
1662 2017 1770 2049 nar-

435 2081 591 2129 ratio:
630 2080 864 2129 addidisti
889 2079 1172 2136 clausulam,
1213 2079 1345 2127 Tota
1369 2078 1638 2127 Tarracina
1660 2086 1767 2127 tum

437 2159 664 2207 omnibus
700 2159 752 2205 in
788 2158 1057 2222 parietibus
1099 2157 1358 2222 inscriptas
1392 2153 1542 2205 fuisse
1581 2157 1768 2219 literas,

435 2237 530 2284 tria
564 2236 720 2295 LLL,
757 2236 856 2283 duo
883 2235 1022 2283 MM.
1095 2236 1221 2283 Cum
1248 2251 1524 2299 quaereres,
1561 2235 1614 2284 id
1649 2236 1768 2301 quid

437 2315 598 2363 esset?
636 2331 803 2362 senem
839 2313 929 2361 tibi
966 2314 1212 2377 quendam
1238 2313 1541 2377 oppidanum
1567 2313 1768 2374 dixisse,

436 2395 649 2442 Lacerat
668 2394 891 2440 lacertum
908 2392 1088 2454 Lar-gii
1103 2393 1304 2438 mordax
1326 2392 1597 2438 stlemmius.
1653 2391 1769 2440 Per-

435 2472 641 2537 spicitis,
665 2471 761 2518 hoc
785 2486 943 2535 genus
968 2486 1114 2534 quam
1140 2470 1202 2517 sit
1225 2468 1459 2526 facetum,
1499 2458 1646 2533 quarn
1671 2470 1767 2520 ele-

432 2567 574 2615 gans,
617 2566 763 2614 quam
799 2549 1094 2596 oratorium:
1135 2549 1235 2596 sive
1270 2548 1450 2597 habeas
1474 2564 1608 2608 vere,
1633 2549 1769 2613 quod

435 2646 631 2690 narrare
654 2628 823 2692 possis,
868 2627 1001 2692 quod
1024 2637 1192 2675 tamen
1234 2635 1308 2675 est
1342 2627 1767 2677 mendaciunculis

435 2706 867 2775 adspergendum,
923 2707 1030 2755 sive
1062 2706 1232 2771 fingas.
1304 2706 1394 2753 Est
1434 2714 1599 2754 autem
1639 2705 1764 2756 haec

434 2787 578 2851 hujus
601 2786 796 2851 generis
820 2785 993 2845 virtus,
1017 2793 1074 2834 ut
1097 2786 1167 2834 ita
1189 2785 1323 2834 facta
1347 2785 1672 2843 demonstreS,
1706 2793 1764 2833 ut

435 2882 593 2914 mores
619 2865 741 2930 erS,
782 2865 844 2915 de
870 2882 968 2930 quo
991 2872 1177 2926 narreS,
1212 2873 1270 2914 ut
1303 2880 1482 2925 sermo,
1519 2871 1576 2913 ut
1597 2862 1762 2913 vultus
