2071 3508
520 443 601 480 ,510
1071 433 1288 473 TOPICA.

524 547 662 607 dent,
699 560 1003 611 quorumque
1039 543 1190 591 vitam
1234 547 1561 599 constantem,
1602 548 1653 588 et
1673 541 1845 604 proba-³

524 633 644 684 tam,
679 631 737 672 ut
778 621 997 680 Catonis,
1034 619 1208 678 Laelii,
1251 618 1505 682 Scipionis,
1544 616 1846 681 aliorumque

523 702 754 768 plurium,
798 707 967 748 rentur
1008 714 1090 746 eos
1128 713 1251 755 esse,
1287 695 1454 760 quales
1494 695 1636 760 seipsi
1675 694 1845 743 velint.

526 781 637 829 Nec
663 780 818 828 solum
859 794 941 825 eos
978 783 1182 824 censent
1205 774 1327 823 tales
1352 791 1475 832 esse,
1516 774 1598 838 qui
1622 774 1673 820 in
1696 773 1849 821 hono-

526 858 658 906 ribus
683 856 866 921 populi,
906 863 1053 918 atque
1088 853 1140 900 in
1174 852 1426 917 republica
1448 859 1721 916 versantur,
1763 849 1850 899 sed

527 944 579 985 et
603 944 833 991 oratores,
861 943 911 982 et
933 932 1265 998 philosophos,
1290 939 1340 978 et
1361 935 1549 995 po'etaS,
1586 938 1636 977 et
1659 930 1850 977 histori-

528 1030 612 1063 cos
634 1032 645 1061 ε
685 1030 747 1061 ex
772 1028 980 1076 quorum
1006 1019 1055 1059 et
1081 1010 1224 1058 dictis
1261 1017 1311 1057 et
1351 1009 1542 1073 scriptis
1567 1025 1710 1072 saepe
1735 1024 1848 1056 auc-2

527 1092 698 1140 toritas
721 1091 907 1156 petitur
931 1089 995 1137 ad
1016 1087 1294 1136 faciendam
1318 1086 1480 1133 fidem.

386 1161 492 1221 21.
594 1168 844 1233 Expositis
885 1167 1110 1216 omnibus
1146 1163 1525 1229 argumentandi
1557 1163 1697 1222 locis,
1731 1163 1855 1211 illud„

528 1249 741 1314 primum
783 1246 1162 1311 intelligendum
1203 1253 1294 1303 est,
1330 1260 1424 1291 nec
1459 1243 1608 1291 ullam
1632 1259 1737 1291 esse
1762 1243 1856 1291 dis-

529 1326 857 1392 putationem,
892 1324 942 1371 in
969 1340 1114 1387 quam
1138 1339 1239 1370 non
1263 1321 1436 1386 aliquis
1457 1320 1595 1368 locus
1618 1321 1856 1380 incurrat,—

530 1421 624 1452 nec
643 1402 746 1451 fere
772 1418 941 1450 omnes
965 1401 1100 1448 locos
1124 1401 1343 1448 incidere
1379 1400 1430 1446 in
1465 1415 1663 1447 omnem
1688 1415 1858 1463 quaes-

530 1483 736 1539 tionem,
782 1487 831 1527 et
856 1479 1146 1542 quibusdam
1172 1478 1538 1542 quaestionibus
1579 1476 1716 1536 alios,
1754 1477 1857 1541 qui-

530 1559 736 1609 busdam
763 1573 865 1605 esse
891 1555 1008 1603 alios
1033 1555 1244 1619 aptiores
1276 1554 1426 1603 locos.
1499 1554 1858 1611 Quaestionum

534 1638 633 1686 duo
674 1643 788 1684 sunt
827 1651 1039 1698 genera:
1095 1632 1302 1681 alterum
1343 1632 1608 1691 infinitum,
1649 1633 1857 1682 alterum

535 1715 807 1764 definitum.
877 1711 1151 1759 Definitum
1183 1718 1274 1770 est,
1315 1711 1448 1774 quod
1473 1711 1630 1756 ὑπόθεσιν
1655 1711 1858 1772 Graeci,

534 1811 622 1842 nos
649 1794 856 1842 Causam
879 1808 891 1838 :
933 1790 1206 1848 Infinitum,
1231 1788 1364 1853 quod
1381 1793 1475 1833 θέσιν
1500 1789 1570 1836 1111
1594 1790 1860 1855 appellant,

535 1889 624 1920 nos
672 1872 980 1936 Propositum
1027 1886 1283 1934 possumus
1330 1870 1597 1918 nominare.
1702 1870 1862 1920 Causa

538 1951 683 2000 certis
723 1950 964 2015 personis,
1011 1949 1152 2007 locis,
1192 1949 1513 2013 temporibus,
1566 1949 1860 2010 actionibus,

536 2030 747 2094 negotiis
774 2030 1006 2085 cernitur,
1047 2036 1133 2076 aut
1156 2028 1207 2074 in
1233 2028 1476 2087 omnibus,
1513 2038 1598 2075 aut
1620 2028 1671 2075 in
1694 2028 1861 2092 pleris-

537 2125 632 2172 que
672 2124 873 2156 eorum:
926 2106 1236 2170 Propositum
1277 2113 1462 2164 autem,
1497 2107 1549 2153 in
1584 2107 1746 2171 aliquo
1781 2125 1860 2156 eo-

535 2204 664 2246 rum,
700 2195 786 2234 aut
826 2187 876 2233 in
916 2185 1153 2250 pluribus,
1191 2202 1284 2233 nec
1325 2193 1492 2233 tamen
1532 2185 1584 2232 in
1619 2187 1859 2236 maximis.-

538 2265 713 2329 Itaque
738 2265 1041 2329 propositum
1077 2281 1186 2328 pars
1223 2281 1396 2312 causae
1423 2272 1511 2312 est.
1583 2265 1681 2312 Sed
1704 2268 1860 2315 omnis

538 2345 759 2409 quaestio
785 2361 950 2392 earum
987 2344 1148 2407 aliqua
1184 2344 1246 2390 de
1281 2360 1333 2391 re
1359 2352 1450 2402 est,
1487 2343 1661 2407 quibus
1686 2362 1860 2394 causae

540 2422 875 2480 continentur,
900 2429 984 2469 aut
1009 2437 1124 2478 una,
1160 2428 1245 2468 aut
1267 2420 1506 2484 pluribus,
1530 2431 1615 2469 aut
1638 2438 1862 2471 nonnum-

541 2517 686 2565 quam
711 2500 952 2547 omnibus.
1025 2499 1382 2555 Quaestionum
1407 2512 1588 2556 autem,
1632 2518 1865 2565 quacum-

540 2596 636 2643 que
661 2577 724 2626 de
748 2595 799 2626 re
825 2578 935 2633 sint,
975 2577 1073 2624 duo
1098 2585 1211 2624 sunt
1233 2593 1417 2641 genera
1438 2595 1449 2624 :
1488 2594 1659 2637 unum,
1696 2581 1864 2644 cogni-2

539 2656 717 2715 tionis3
757 2655 964 2703 alterum
990 2655 1210 2703 actionis.
1282 2655 1590 2719 Cognitionis
1615 2666 1729 2705 sunt
1751 2658 1868 2719 hae,

542 2750 748 2797 quarum
785 2734 892 2781 finis
934 2742 1008 2782 est
1048 2734 1284 2781 scientia:
1339 2742 1413 2793 ut,
1449 2734 1488 2782 si
1524 2744 1798 2798 quaeratur,
1836 2755 1866 2786 a

540 2820 778 2860 naturane
810 2811 892 2877 jus
927 2812 1206 2877 profectum
1242 2812 1322 2871 sit,
1360 2828 1422 2859 an
1458 2813 1518 2861 ab
1543 2813 1704 2878 aliqua
1728 2816 1864 2879 quasi

543 2889 825 2941 conditione
857 2889 1112 2941 hominum
1136 2897 1188 2939 et
1208 2890 1455 2956 pactione.
1529 2890 1756 2942 Actionis
1779 2908 1862 2940 au-
