2071 3508
772 411 1145 454 ORATORIBUS.
1546 415 1623 452 331

292 543 534 579 annorum
552 523 903 574 controversia.
955 520 1144 569 Accius
1160 525 1327 567 autem
1344 535 1372 566 a
1388 519 1453 575 Q.
1470 518 1635 566 Maxi-

295 625 376 657 mo
418 606 646 670 quintum
688 599 892 651 consule
935 607 1137 663 captum
1176 597 1399 645 Tarento
1442 598 1636 661 scripsit

294 687 492 736 Livium
535 683 674 732 annis
717 698 841 739 xxx,
883 687 1146 745 postquam
1172 694 1284 726 eum
1309 677 1525 725 fabulam
1553 678 1638 726 do-

295 765 453 813 cuisse
479 770 531 811 et
558 761 761 809 Atticus
787 759 975 818 scribit,
1002 765 1053 806 et
1077 774 1166 805 nos
1191 757 1241 804 in
1267 757 1481 821 antiquis
1507 773 1639 805 com-

292 842 546 890 mentariis
572 840 867 889 invenimus.
939 837 1185 886 Docuisse
1221 844 1387 884 autem
1421 835 1640 884 tabulam

293 921 434 969 annis
469 929 583 986 post
619 937 690 979 XI,
729 920 786 968 C.
821 917 1055 967 Cornelio
1094 917 1157 974 Q.
1198 915 1429 964 Minucio
1466 932 1642 964 consu-

292 1001 436 1059 libus,
474 1001 605 1050 ludis
645 1000 943 1056 Juventatis,
984 1015 1106 1064 quos
1149 997 1393 1045 Salinator
1436 995 1642 1044 Senensi

293 1081 481 1147 praelio
505 1089 724 1131 voverat.
799 1081 858 1128 In
885 1096 983 1144 quo
1007 1086 1176 1126 tantus
1197 1093 1331 1125 error
1357 1075 1505 1124 Accii
1529 1074 1640 1132 fuit,

296 1169 355 1209 ut
394 1161 469 1209 his
513 1161 798 1210 consulibus
836 1176 901 1207 XL
925 1170 1094 1207 ‘annos
1130 1166 1275 1205 natus
1312 1155 1503 1203 Ennius
1539 1155 1644 1203 fue-

298 1241 397 1289 rit:
452 1241 533 1290 cui
572 1241 611 1288 si
659 1240 875 1305 aequalis
918 1238 1069 1286 fuerit
1111 1237 1302 1295 Livius,
1354 1235 1516 1282 minor
1549 1234 1646 1283 fuit

299 1318 552 1384 aliquanto
577 1320 617 1367 is
653 1320 736 1384 qui
761 1319 948 1384 primus
976 1316 1195 1365 fabulam
1221 1314 1378 1373 dedit,
1422 1331 1568 1378 quam
1593 1313 1643 1370 ii,

301 1400 384 1463 qui
411 1399 590 1447 multas
617 1400 894 1447 docuerant
910 1406 1025 1446 ante
1050 1397 1139 1444 hos
1156 1394 1400 1450 consuleS,
1428 1402 1479 1441 et
1505 1393 1648 1440 Plau-

298 1484 396 1537 tus,
435 1487 485 1526 et
509 1479 744 1526 Naevius.
1053 1466 1055 1468 V

369 1557 513 1606 Haec
556 1558 595 1605 si
637 1558 800 1605 minus
838 1565 954 1622 apta
993 1557 1229 1604 videntur
1264 1554 1382 1602 huic
1416 1552 1647 1609 sermoni,
1688 1525 1788 1588 19·

301 1636 472 1693 Brute,
514 1636 692 1684 Attico
717 1635 931 1699 assigna,
969 1635 1053 1700 qui
1095 1650 1175 1682 me
1200 1632 1526 1681 inflammavit
1551 1640 1651 1680 stu-

301 1715 385 1764 dio
410 1715 675 1764 illustrium
716 1714 976 1762 hominum
1002 1722 1193 1762 aetates
1218 1722 1270 1762 et
1293 1722 1519 1777 tempora
1542 1728 1652 1776 per-

301 1796 559 1861 sequendi.
631 1795 741 1859 Ego
765 1811 899 1851 vero,
927 1794 1089 1858 inquit
1114 1794 1317 1852 Brutus,
1354 1801 1406 1841 et
1430 1791 1654 1840 delector

302 1877 397 1925 ista
436 1876 574 1941 quasi
618 1876 876 1923 notatione
913 1882 1210 1938 temporum,
1251 1881 1302 1921 et
1326 1873 1389 1920 ad
1413 1873 1480 1929 id,
1519 1871 1655 1936 quod

303 1955 578 2012 instituisti,
617 1964 869 2003 oratorum
911 1969 1098 2018 genera
1136 1953 1442 2016 distinguere
1482 1952 1655 2000 aetati-

303 2037 413 2092 buS‚
436 2037 579 2083 istam
606 2034 916 2099 diligentiam
938 2050 1043 2081 esse
1061 2033 1488 2080 accommodatam
1513 2040 1653 2097 puto.

310 2117 489 2173 Recte,
532 2116 749 2179 inquam,
796 2114 966 2170 Brute,
1005 2113 1257 2178 intelligis.
1348 2112 1519 2176 Atque
1560 2112 1657 2160 uti-

309 2214 425 2245 nam
451 2203 706 2245 exstarent
743 2193 827 2241 illa
852 2193 1086 2250 carmina,
1132 2210 1257 2257 quae
1283 2192 1452 2240 multis
1477 2192 1656 2241 seculis

311 2286 426 2326 ante
453 2293 588 2325 suam
616 2282 831 2323 aetatem
857 2273 908 2321 in
928 2273 1086 2338 epulis
1113 2290 1217 2322 esse
1244 2273 1484 2322 cantitata
1509 2291 1537 2321 a
1562 2274 1658 2321 sin-

311 2357 440 2423 gulis
466 2356 687 2405 convivis
713 2355 775 2404 de
802 2354 1045 2403 clarorum
1081 2354 1297 2402 virorum
1321 2352 1569 2412 laudibus,
1606 2354 1658 2402 in

314 2436 607 2502 Originibus
632 2436 871 2500 scriptum
895 2424 1096 2498 reliquit
1121 2432 1247 2481 Cato
1269 2433 1278 2481 l
1316 2441 1484 2480 tamen
1510 2433 1658 2493 illius,

317 2533 465 2581 quem
504 2517 556 2562 in
594 2515 790 2563 vatibus
823 2521 874 2562 et
920 2513 1103 2560 Faunis
1147 2519 1407 2560 enumerat
1449 2512 1656 2568 Ennius,

315 2594 502 2644 bellum
530 2594 791 2650 Punicum,
830 2591 968 2657 quasi
995 2591 1222 2656 Myronis
1247 2607 1385 2655 opuS‚
1425 2590 1659 2639 delectat.

320 2674 394 2722 Sit
420 2673 610 2721 Ennius
635 2689 768 2729 sane,
806 2679 864 2719 ut
895 2679 970 2719 est
995 2678 1150 2730 certe,
1175 2669 1473 2735 perfectior:
1513 2670 1596 2734 qui
1622 2671 1662 2718 si

318 2754 477 2814 illum,
537 2761 594 2801 ut
635 2751 851 2812 simulat,
909 2758 1268 2806 contemneret,
1324 2766 1444 2809 non,
1497 2751 1664 2798 omnia

317 2831 447 2882 bella
471 2847 792 2896 persequens,
827 2829 1041 2894 primum
1066 2827 1189 2876 illud
1217 2828 1460 2876 Punicum
1487 2830 1663 2877 acerri-

322 2928 457 2960 mum
481 2910 668 2962 bellum
693 2909 986 2976 reliquisset.
1059 2908 1156 2958 Sed
1192 2908 1296 2974 ipse
1321 2908 1463 2969 dicit,
1500 2925 1588 2958 cur
1610 2909 1663 2957 id
