2071 3508
679 416 847 456 LIBER
875 415 1128 455 TERTIUS.
1512 423 1594 460 239

254 544 317 577 ne
343 527 463 576 nihil
504 525 594 573 sim
632 525 706 572 tui
743 524 835 571 nisi
873 522 1242 588 supplosionem
1268 524 1408 587 pedis
1433 527 1592 576 imita-

252 615 350 666 tus,
391 613 442 654 et
480 620 640 669 pauca
682 603 927 667 quaedam
974 603 1143 661 verba,
1191 610 1242 650 et
1277 602 1510 667 aliquem,
1553 608 1590 654 si

250 685 393 741 forte,
422 692 629 731 motum.
702 683 836 747 Ergo
872 682 983 741 ista,
1019 682 1180 747 inquit
1205 682 1429 742 Crassus,
1466 701 1592 748 quae

250 765 400 813 habes
439 782 468 813 a
504 781 599 821 me,
644 780 745 812 non
771 764 1101 829 reprehendo,
1126 781 1189 813 ne
1219 765 1463 829 meipsum
1489 764 1593 812 irri-

249 844 394 893 deam
416 863 427 893 :
468 848 610 909 (sunt
633 853 801 892 autem
826 860 938 892 mea
962 843 1117 892 multa
1143 852 1194 892 et
1217 844 1377 909 plura,
1417 853 1468 892 et
1492 861 1591 892 ma-

238 922 365 989 jora,
384 940 532 989 quam
558 923 706 985 dicis)
727 940 853 988 quae
879 932 1045 972 autem
1066 932 1181 972 sunt
1205 932 1292 972 aut
1315 932 1402 972 tua
1424 923 1591 988 plane,

247 1011 335 1052 aut
358 1004 635 1052 imitatione
678 1021 740 1052 ex
782 1003 948 1068 aliquo
974 1021 1222 1068 expressa,
1265 1004 1327 1052 de
1364 1004 1421 1051 iis
1445 1012 1516 1063 te,
1553 1004 1591 1052 si

248 1083 332 1148 qui
357 1100 437 1133 me
461 1083 591 1133 forte
615 1083 754 1132 locus
780 1084 1113 1143 admonuerit,
1138 1085 1484 1133 commonebo.

317 1163 692 1213 Praetereamus
718 1164 870 1229 igitur
889 1173 1157 1229 praecepta
1181 1164 1362 1213 Latine
1386 1164 1591 1228 loquen-
1633 1161 1733 1221 13.

249 1242 332 1304 ὥς
384 1261 510 1308 quae
548 1244 749 1309 puerilis
793 1245 1021 1293 doctrina
1062 1244 1233 1303 tradit,
1275 1252 1327 1293 et
1368 1244 1592 1294 subtilior
1623 1255 1704 1295 48.

249 1324 472 1388 cognitio
497 1342 554 1374 ac
580 1325 706 1372 ratio
730 1324 984 1372 literarum
1022 1324 1126 1383 alit,
1163 1332 1249 1372 aut
1280 1325 1592 1374 consuetudo

249 1405 488 1452 sermonis
527 1404 803 1469 quotidiani
846 1421 904 1452 ac
948 1404 1228 1462 domestici,
1269 1403 1381 1452 libri
1419 1404 1592 1451 confir-

247 1492 406 1542 mant,
446 1492 496 1532 et
530 1483 682 1532 lectio
712 1492 937 1532 veterum
963 1491 1213 1531 oratorum
1241 1491 1291 1531 et
1314 1487 1589 1548 poetarum.

248 1563 428 1627 Neque
452 1579 570 1611 vero
608 1564 659 1609 in
695 1562 779 1611 illo
816 1562 971 1610 altero
997 1562 1183 1610 diutius
1210 1579 1590 1620 commoremur,

248 1649 305 1690 ut
346 1642 673 1707 disputemus,
716 1642 894 1706 quibus
931 1643 1077 1691 rebus
1113 1643 1306 1707 assequi
1330 1643 1592 1707 possimus,

247 1729 305 1769 ut
330 1738 405 1781 ea,
427 1739 552 1786 quae
579 1722 818 1777 dicamus,
841 1721 1186 1787 intelligantur
1207 1740 1219 1770 2
1259 1722 1439 1771 Latine
1465 1723 1590 1770 scili·
1623 1728 1701 1769 49e

246 1809 330 1850 cet
368 1801 603 1861 dicendo,
645 1801 805 1849 verbis
831 1802 1043 1861 usitatis,
1082 1820 1140 1851 ac
1167 1803 1362 1867 proprie
1389 1804 1593 1851 demon-

245 1882 514 1930 strantibus
541 1899 612 1938 ea,
658 1898 784 1945 quae
821 1881 1086 1945 significari
1111 1899 1169 1930 ac
1197 1882 1435 1930 declarari
1460 1883 1592 1931 vole-

246 1977 370 2017 mus,
415 1961 520 2009 sine
556 1961 790 2024 ambiguo
826 1962 978 2008 verbo
1003 1969 1090 2008 aut
1114 1978 1358 2020 sermone,
1394 1978 1494 2010 non
1520 1964 1591 2010 ni-

246 2040 338 2087 mis
379 2039 529 2103 longa
571 2040 947 2088 continuatione
990 2041 1270 2099 verborum,
1313 2057 1414 2093 non
1446 2041 1591 2091 valde

244 2119 503 2183 productis
544 2119 619 2177 iis,
659 2136 785 2183 quae
828 2118 1162 2167 similitudinis
1206 2137 1353 2168 causa
1391 2137 1452 2169 ex
1484 2121 1589 2171 aliis

246 2199 393 2247 rebus
434 2198 814 2255 transferuntur,
856 2215 956 2247 non
1005 2199 1264 2264 discerptis
1312 2201 1592 2261 sententiis,

245 2294 348 2326 non
384 2279 714 2342 praeposteris
749 2279 1071 2342 temporibus,
1114 2295 1213 2327 non
1239 2279 1458 2328 confusis
1483 2298 1590 2345 per-

246 2358 396 2417 sonis,
421 2374 521 2405 non
546 2359 835 2422 perturbato
860 2358 1049 2410 ordine.
1113 2359 1250 2416 Quid
1269 2359 1462 2408 multa?
1487 2369 1588 2408 tam

243 2436 404 2490 facilis
429 2446 504 2486 est
522 2446 628 2486 tota
652 2455 747 2498 res,
774 2447 829 2488 ut
853 2438 973 2486 mihi
997 2439 1267 2503 permirum
1284 2456 1429 2504 saepe
1454 2441 1590 2488 vide-

246 2527 377 2576 atur,
419 2535 533 2566 cum
572 2518 817 2571 difficilius
843 2518 1169 2582 intelligatur,
1208 2519 1329 2583 quid
1353 2528 1590 2583 patronus

246 2596 367 2644 velit
391 2596 576 2656 dicere,
602 2615 749 2662 quam
776 2599 813 2645 si
839 2599 942 2663 ipse
967 2597 1068 2656 ille,
1106 2598 1188 2662 qui
1221 2607 1483 2662 patronum
1508 2599 1590 2646 ad-

247 2676 404 2735 hibet,
431 2676 493 2724 de
533 2693 584 2724 re
623 2693 710 2724 sua
735 2677 940 2725 diceret.
1015 2677 1103 2724 Isti
1129 2677 1276 2732 enim,
1305 2679 1387 2741 qui
1413 2677 1476 2725 ad
1501 2693 1589 2726 nos
1621 2694 1700 2741 50i

248 2774 420 2805 causas
442 2755 691 2815 deferunt,
734 2757 803 2804 ita
838 2773 926 2804 nos
951 2755 1243 2821 plerumque
1269 2757 1359 2821 ipsi
1386 2757 1589 2817 docent,

248 2843 307 2884 ut
330 2852 431 2883 non
456 2835 705 2884 desideres
740 2834 934 2900 planius
975 2835 1088 2883 dici.
1162 2835 1373 2884 Easdem
1405 2852 1482 2885 res
1506 2853 1589 2885 au-

248 2923 351 2970 tem
377 2916 582 2965 simulac
608 2915 802 2976 Fusius,
833 2924 920 2965 aut
952 2923 1123 2965 vester
1139 2916 1356 2982 aequalis
1381 2917 1589 2984 Pompo-
