2071 3508
366 675 443 722 72.

371 1305 448 1350 73.

471 409 523 447 24
945 403 1022 442 DE
1051 401 1317 443 ORATORE

470 517 658 566 fectum
699 529 803 563 esse
843 512 1058 561 debere?
1105 512 1369 574 Nunquam
1393 507 1671 557 mehercule
1695 507 1791 556 hoc

475 595 709 652 dicerem,
729 593 768 641 si
793 607 924 649 eum,
943 606 1088 654 quem
1112 589 1263 653 fingo,
1283 587 1520 651 meipsum
1541 604 1643 635 esse
1667 587 1791 634 arbi-

474 683 641 723 trarer.
696 670 810 729 Sed,
833 677 889 717 ut
913 668 1098 716 solebat
1123 667 1177 715 C.
1200 665 1418 713 Lucilius
1442 681 1584 728 saepe
1610 664 1795 722 dicere,

475 752 624 800 homo
664 750 752 798 tibi
794 747 1054 804 subiratus,
1094 744 1213 792 mihi
1253 750 1452 808 propter
1493 759 1598 790 eam
1638 741 1792 805 ipsam

477 847 673 879 causam
699 829 875 884 minim,
915 841 1058 889 quam
1083 823 1296 881 volebat,
1324 821 1590 878 familiaris,
1615 820 1702 867 sed
1723 826 1794 866 ta-

477 926 591 958 men
629 916 679 956 et
714 907 907 962 doctus,
945 911 994 951 et
1028 903 1358 966 perurbanus3
1398 900 1466 947 sic
1503 898 1678 956 sentio,
1713 913 1796 944 ne-

477 987 660 1034 minem
687 1002 790 1033 esse
815 984 865 1030 in
891 990 1136 1029 oratorum
1160 996 1365 1027 numero
1388 977 1688 1034 habendum,
1713 974 1797 1038 qui

477 1079 577 1111 non
603 1064 665 1110 sit
689 1060 913 1110 omnibus
937 1059 994 1106 iis
1019 1058 1220 1116 artibuS,
1237 1073 1360 1120 quae
1380 1063 1493 1103 sunt
1515 1055 1669 1102 libero
1694 1053 1798 1116 dig-

477 1157 588 1198 nae,
617 1138 924 1204 perpolitus:
963 1137 1137 1198 quibus
1160 1134 1274 1197 ipsis
1310 1134 1348 1180 si
1383 1134 1433 1179 in
1464 1132 1676 1180 dicendo
1700 1146 1799 1177 non

478 1219 681 1275 utimur,
721 1224 887 1263 tamen
911 1219 1129 1275 apparet,
1166 1218 1312 1273 atque
1339 1217 1515 1269 exstat,
1550 1217 1716 1258 utrum
1741 1209 1800 1255 si-

481 1313 588 1345 mus
636 1310 802 1343 earum
848 1290 1012 1347 rudeS,
1059 1305 1120 1335 an
1173 1288 1502 1335 didicerimus.
1586 1288 1674 1345 Ut,
1717 1286 1799 1350 qui

478 1375 579 1439 pila
611 1373 809 1429 ludunt,
846 1385 945 1416 non
988 1373 1194 1414 utuntur
1234 1366 1285 1412 in
1326 1365 1429 1428 ipsa
1462 1364 1652 1412 lusione
1689 1364 1800 1412 arti-

479 1453 592 1501 ficio
625 1450 822 1516 proprio
856 1445 1142 1511 palaestrae,
1197 1444 1283 1491 sed
1326 1443 1513 1491 indicat
1557 1444 1660 1507 ipse
1700 1459 1802 1490 mo-

479 1539 578 1590 tus,
621 1527 947 1578 didicerintne
987 1523 1294 1588 palaestram,
1343 1538 1404 1569 an
1444 1522 1698 1576 nesciant:
1753 1528 1804 1568 et

481 1609 565 1674 qui
606 1605 790 1672 aliquid
834 1604 1045 1667 fingunt,
1081 1601 1171 1648 etsi
1209 1607 1314 1647 tum
1351 1599 1545 1663 pictura
1583 1599 1704 1646 nihil
1750 1616 1803 1647 u-

478 1695 671 1745 tuntur,
716 1692 903 1740 tamen,
945 1688 1109 1728 utrum
1151 1678 1307 1725 sciant
1343 1678 1565 1741 pingere,
1612 1694 1673 1725 an
1720 1694 1803 1724 ne-

481 1767 656 1823 sciant,
703 1777 802 1811 non
845 1762 1106 1808 obscurum
1146 1765 1247 1805 est:
1303 1757 1371 1804 sic
1411 1756 1463 1803 in
1504 1756 1802 1804 orationibus

480 1846 615 1893 hisce
640 1843 754 1907 ipsis
770 1839 1089 1904 judiciorum,
1127 1835 1439 1893 concionum,
1464 1842 1678 1892 senatus,
1715 1835 1801 1882 eti-

482 1923 601 1972 amsi
624 1919 818 1985 proprie
845 1923 1067 1964 caeterae
1092 1929 1192 1961 non
1216 1913 1539 1960 adhibeantur
1563 1920 1708 1970 artes,
1732 1920 1802 1960 ta-

482 2018 596 2049 men
619 1998 764 2047 facile
790 1994 1084 2050 declaratur,
1116 1999 1281 2038 utrum
1316 1991 1373 2049 is,
1410 1991 1492 2054 qui
1518 1991 1669 2050 dicat,
1699 1998 1803 2038 tan-

483 2077 739 2127 tummodo
763 2075 814 2121 in
837 2074 933 2120 hoc
960 2069 1307 2118 declamatorio
1327 2069 1388 2116 sit
1407 2085 1553 2132 opere
1569 2067 1803 2132 jactatus,

485 2174 547 2205 an
585 2157 648 2204 ad
688 2152 951 2202 dicendum
990 2147 1214 2195 omnibus
1254 2147 1480 2210 ingenuis
1516 2147 1700 2195 artibus
1735 2147 1805 2195 in-

486 2241 699 2283 structus
724 2228 998 2278 accesserit.

370 2313 449 2374 17
456 2359 468 2372 ‚
555 2311 685 2358 Tum
715 2309 877 2355 ridens
903 2303 1153 2361 Scaevola,
1190 2302 1304 2350 Non
1339 2303 1580 2362 luctabor,
1627 2303 1805 2367 inquit,

377 2405 456 2452 74.

488 2398 674 2447 tecum,
716 2387 906 2443 Crasse,
941 2381 1162 2445 amplius.
1233 2380 1294 2427 Id
1318 2381 1447 2428 enim
1471 2381 1648 2445 ipsum,
1674 2383 1805 2445 quod

490 2475 662 2517 contra
685 2482 763 2512 me
786 2463 981 2511 locutus
1006 2477 1074 2518 es,
1098 2458 1301 2506 artificio
1326 2459 1537 2522 quodam
1563 2476 1612 2507 es
1638 2477 1805 2508 conse-

490 2554 650 2603 cutUS,
669 2550 726 2591 ut
750 2549 800 2590 et
823 2539 960 2597 mihi,
985 2554 1108 2602 quae
1134 2553 1227 2600 ego
1246 2536 1422 2584 vellem
1446 2554 1544 2584 non
1570 2554 1673 2585 esse
1703 2555 1806 2586 ora-

488 2625 624 2682 toris,
663 2619 977 2674 concedereS,
1013 2624 1063 2663 et
1098 2632 1154 2662 ea
1184 2615 1304 2677 ipsa,
1340 2615 1505 2662 nescio
1541 2615 1805 2678 quomodo,

490 2717 652 2748 rursus
677 2700 1010 2761 detorquereS,
1047 2701 1193 2756 atque
1217 2693 1395 2740 oratori
1428 2694 1624 2758 propria
1646 2695 1804 2743 trade-

450 2812 459 2824 .
492 2795 582 2827 res.
644 2778 804 2835 Haec,
821 2791 932 2823 cum
958 2789 1050 2836 ego
1072 2778 1267 2836 praetor
1293 2771 1526 2820 Rhodum
1545 2772 1803 2832 venissem,

493 2864 543 2905 et
592 2871 703 2905 cum
738 2869 927 2904 summo
959 2850 1043 2900 illo
1081 2849 1281 2898 doctore
1322 2849 1459 2898 istius
1500 2850 1802 2916 disciplinae,
