2071 3508
688 397 858 437 LIBER
889 396 1198 438 SECUNDUS.
1543 404 1619 442 135

280 511 493 560 maxime
517 505 712 562 enituit,
751 506 886 570 quod
909 507 1000 556 tibi
1033 523 1205 555 omnes
1230 506 1369 566 dant,
1405 524 1617 557 acumen

278 588 526 654 quoddam
568 583 851 651 singulare,
896 586 984 634 sed
1007 585 1133 634 haec
1158 585 1278 650 ipsa,
1324 600 1449 649 quae
1482 603 1617 637 nunc

276 667 340 715 ad
363 682 442 714 me
483 665 716 731 delegare
756 666 849 726 vis,
891 683 950 715 ea
991 683 1185 732 semper
1208 667 1259 714 in
1284 674 1335 715 te
1361 666 1543 715 eximia
1568 676 1619 717 et

272 746 574 811 praestantia
612 745 833 795 fuerunt.
922 746 1056 795 Tum
1082 746 1308 806 Catulus,
1346 746 1456 811 Ego
1480 764 1617 808 vero,
1651 728 1759 790 29„

271 825 453 890 inquit,
511 826 563 874 in
603 826 743 875 vobis
783 826 881 876 hoc
922 826 1138 876 maxime
1185 827 1415 876 admirari
1463 827 1617 888 soleo,
1654 826 1761 869 126,

272 906 422 970 quod,
461 922 576 954 cum
600 906 732 956 inter
769 923 855 956 vos
893 907 945 955 in
981 907 1198 956 dicendo
1222 907 1532 956 dissimillimi
1559 908 1618 956 si-

271 983 354 1043 tis,
389 984 460 1034 ita
496 993 666 1036 tamen
706 994 918 1052 uterque
956 995 1177 1035 vestrum
1203 987 1357 1047 dicat,
1394 994 1450 1035 ut
1475 988 1521 1035 ei
1545 987 1618 1035 ni-

271 1062 342 1111 hil
366 1080 529 1130 neque
562 1083 591 1114 a
614 1074 792 1115 natura
833 1066 1153 1133 denegatum,
1194 1083 1358 1131 neque
1383 1084 1412 1114 a
1437 1067 1619 1115 doctri-

271 1158 338 1191 na
377 1160 479 1193 non
521 1144 743 1194 delatum
785 1162 890 1195 esse
930 1146 1174 1195 videatur.
1247 1146 1435 1205 Quare,
1479 1146 1620 1194 Cras-

273 1239 344 1283 se,
378 1240 543 1289 neque
584 1233 640 1273 tu
680 1233 768 1273 tua
804 1225 1046 1274 suavitate
1086 1241 1177 1273 nos
1199 1225 1433 1289 privabis,
1468 1233 1543 1284 ut,
1581 1226 1620 1274 si

273 1302 396 1368 quid
435 1305 497 1352 ab
541 1304 768 1353 Antonio
793 1312 879 1353 aut
902 1305 1319 1369 praetermissum,
1364 1312 1451 1353 aut
1478 1304 1620 1354 relic-

271 1388 382 1430 tum
423 1384 505 1443 sit,
557 1400 659 1433 non
702 1384 955 1450 explices3
1011 1400 1175 1448 neque
1210 1391 1277 1440 te,
1325 1383 1538 1443 Antoni,
1580 1384 1620 1432 si

274 1462 396 1526 quid
436 1479 537 1511 non
580 1464 778 1521 dixeriS,
835 1463 1228 1512 existimabimus
1268 1479 1370 1510 non
1399 1462 1619 1527 potuisse

271 1542 456 1606 potius,
476 1558 624 1606 quam
650 1558 678 1589 a
703 1542 880 1591 Crasso
905 1541 1004 1590 dici
1029 1540 1276 1590 maluisse.
1349 1540 1452 1589 Hic
1479 1540 1619 1589 Cras-
1656 1540 1749 1587 127
1755 1570 1768 1583 ·

272 1635 374 1679 sus,
413 1619 550 1677 Quin
574 1628 645 1678 tu,
684 1621 865 1685 inquit,
893 1620 1106 1678 Antoni,
1143 1620 1331 1669 omittis
1355 1620 1468 1679 ista,
1493 1637 1620 1685 quae

270 1699 590 1764 proposuisti,
642 1716 767 1764 quae
806 1715 956 1748 nemo
993 1699 1171 1747 horum
1210 1699 1477 1758 desiderat,
1517 1702 1621 1764 qui-

272 1778 366 1827 bus
391 1795 453 1827 ex
477 1778 600 1827 locis
625 1796 701 1838 ea,
739 1795 865 1844 quae
891 1778 1106 1827 dicenda
1131 1778 1229 1826 sint
1253 1778 1302 1826 in
1330 1779 1509 1839 causis,
1546 1797 1621 1830 re.-

272 1859 555 1924 periantur!
601 1874 727 1924 quae
753 1873 1035 1923 quanquam
1061 1859 1146 1906 abs
1171 1865 1222 1905 te
1248 1874 1379 1907 novo
1403 1857 1621 1922 quodam

274 1938 444 1997 modo,
479 1937 832 2003 praeclareque
867 1937 1122 1996 dicuntur,
1159 1945 1275 1985 sunt
1298 1945 1467 1985 tamen
1493 1946 1544 1986 et
1567 1954 1620 1987 re

274 2015 514 2074 faciliora,
554 2025 605 2065 et
644 2017 926 2081 praeceptis
970 2024 1280 2082 pervagata:
1330 2016 1414 2065 illa
1447 2017 1622 2082 depro-

275 2115 356 2148 me
380 2099 542 2158 nobis,
577 2098 713 2146 unde
755 2098 926 2147 afferas
952 2115 1078 2163 quae
1113 2098 1394 2164 saepissime
1418 2104 1621 2157 tractas,

276 2195 568 2243 semperque
594 2177 846 2226 divinitus.

342 2259 650 2323 Depromam
699 2257 950 2322 equidem,
1007 2257 1171 2323 inquit
1218 2257 1508 2318 Antonius;
1570 2264 1622 2306 et
1658 2257 1766 2299 128·

276 2354 375 2403 quo
398 2336 595 2386 facilius
617 2336 671 2384 id
694 2354 722 2384 a
746 2344 798 2385 te
829 2337 1045 2402 exigam,
1083 2337 1219 2402 quod
1240 2344 1378 2402 peto,
1414 2335 1538 2384 nihil
1560 2337 1621 2385 ti-

274 2417 326 2466 bi
351 2434 380 2465 a
403 2433 483 2465 me
507 2415 779 2480 postulanti
805 2417 1060 2465 recusabo.
1157 2415 1308 2465 Meae
1337 2417 1490 2465 totius
1515 2433 1620 2465 ora-

276 2496 443 2555 tionis,
461 2503 512 2544 et
535 2495 676 2543 istius
700 2495 852 2561 ipsius
876 2496 928 2544 in
945 2496 1162 2544 dicendo
1176 2495 1444 2552 facultatis,
1471 2512 1620 2560 quam

276 2574 427 2624 modo
454 2575 657 2623 Crassus
681 2574 732 2622 in
758 2575 954 2624 coelum
973 2575 1136 2625 verbis
1157 2575 1354 2634 extulit,
1378 2583 1479 2623 tres
1504 2583 1620 2625 sunt

275 2655 512 2713 rationes,
547 2661 605 2702 ut
629 2662 744 2702 ante
782 2654 885 2702 dixi
908 2673 919 2702 ε
958 2671 1058 2702 una
1083 2654 1508 2703 conciliandorum
1533 2653 1620 2703 ho-

275 2734 484 2791 minum,
522 2733 678 2782 altera
713 2733 1073 2793 docendorum,
1113 2734 1262 2782 tertia
1297 2734 1619 2783 concitando-

277 2830 404 2863 rum.
496 2813 689 2862 Harum
727 2813 879 2862 trium
915 2814 1132 2879 partium
1171 2813 1331 2881 prima
1360 2812 1619 2864 lenitatem
1655 2821 1763 2865 129.

278 2893 529 2954 orationiS,
567 2893 790 2944 secunda
828 2909 1060 2954 acumen,
1110 2892 1259 2944 tertia
1292 2893 1395 2942 vim
1428 2893 1619 2945 deside-

1210 2990 1230 3023 Ι
1254 2982 1287 3022 4·
