2071 3508
748 452 965 497 TQPICA.
1441 459 1522 497 485

188 583 284 626 rer,
319 574 406 614 aut
444 565 692 629 ingratum
733 562 804 620 id,
841 569 928 608 aut
961 561 1226 624 superbum
1251 562 1517 614 videretur.

187 645 304 704 Sed,
324 646 442 694 dum
464 642 648 690 fuimus
675 656 791 700 una,
809 647 864 688 tu
884 641 1100 705 optimus
1120 659 1170 690 es
1188 644 1345 702 testiS,
1372 663 1520 709 quam

185 723 362 772 fuerim
405 728 692 785 occupatus.
764 719 836 769 Ut
873 728 1039 768 autem
1079 739 1108 769 a
1133 730 1183 770 te
1209 722 1429 783 discessi,
1466 726 1518 773 in

183 801 448 850 Graeciam
483 799 818 865 proficiscens,
856 817 970 848 cum
995 817 1144 865 opera
1169 819 1278 850 mea
1303 820 1396 852 nec
1421 821 1519 854 res-

179 879 395 945 publica,
435 896 529 928 nec
554 879 701 927 amici
724 886 998 937 uterentur,
1037 896 1132 929 nec
1157 881 1363 930 honeste
1388 885 1520 934 inter

180 976 315 1007 arma
338 959 520 1008 versari
555 975 769 1024 possem,
805 975 868 1007 ne
895 959 932 1007 si
958 967 1068 1010 tuto
1093 960 1146 1008 id
1171 962 1371 1025 quidem
1397 964 1519 1012 mihi

178 1039 384 1088 liceret:
442 1048 499 1088 ut
536 1039 651 1088 veni
687 1038 902 1099 Veliam,
944 1047 1128 1106 tuaque
1165 1049 1216 1089 et
1251 1050 1362 1091 tuos
1397 1044 1515 1102 vidi,

180 1120 462 1169 admonitus
481 1118 626 1184 hujus
652 1119 776 1167 aeris
801 1119 967 1179 alieni,
1003 1119 1139 1168 nolui
1165 1121 1336 1171 deesse
1359 1139 1423 1172 ne
1449 1132 1524 1173 ta-

182 1200 311 1250 citae
331 1201 530 1266 quidem
548 1200 842 1266 flagitationi
862 1209 993 1249 tuae.
1043 1201 1219 1266 Itaque
1245 1203 1384 1261 haec,
1405 1221 1520 1253 cum

180 1296 378 1329 mecum
418 1280 568 1329 libros
606 1296 707 1329 non
742 1281 990 1338 haberem,
1029 1283 1267 1330 memoria
1289 1285 1520 1348 repetita,

180 1359 232 1407 in
257 1360 362 1426 ipsa
386 1359 702 1425 navigatione
728 1361 1011 1430 conscripsi,
1039 1360 1229 1427 tibique
1255 1379 1318 1410 ex
1341 1363 1520 1413 itinere

181 1440 326 1488 misi:
366 1448 423 1488 ut
460 1456 571 1488 mea
613 1440 874 1505 diligentia
912 1441 1261 1490 mandatorum
1303 1450 1518 1501 tuorum,

180 1528 233 1568 te
258 1536 475 1585 quoque,
507 1518 598 1567 etsi
623 1518 934 1568 admonitore
952 1536 1053 1567 non
1080 1537 1210 1585 eges,
1226 1545 1233 1551 ·
1249 1521 1313 1569 ad
1337 1538 1522 1570 memo-

180 1598 304 1647 riam
351 1606 629 1656 nostrarum
676 1615 841 1646 rerum
890 1599 1177 1647 excitarem.
1279 1600 1378 1648 Sed
1416 1600 1522 1665 jam

181 1685 378 1741 tempus
403 1685 477 1725 est
513 1676 652 1735 adid
677 1678 812 1741 quod
835 1677 1157 1736 instituimus,
1196 1678 1454 1729 accedere.

248 1756 377 1805 Cum
410 1755 569 1803 omnis
606 1755 733 1810 ratio
759 1755 970 1817 diligens
996 1755 1268 1805 disserendi
1293 1759 1415 1809 duas
1439 1759 1522 1809 ha-

179 1839 298 1887 beat
319 1841 500 1900 partes,
543 1848 695 1889 unam
720 1831 1028 1891 inveniendi,
1065 1832 1268 1883 alteram
1289 1836 1522 1903 judican-

180 1915 231 1963 di
253 1935 266 1975 3
304 1913 561 1977 utriusque
579 1913 830 1981 princeps,
854 1918 912 1958 ut
931 1909 1050 1958 mihi
1076 1911 1278 1975 quidem
1302 1914 1521 1981 videtur,

185 1991 482 2042 Aristoteles
520 1990 632 2039 fuit.
705 1988 857 2038 Stoici
898 1996 1065 2037 autem
1102 1990 1153 2037 in
1180 1990 1335 2041 altera
1359 1993 1521 2044 elabo-

181 2081 432 2126 raverunt.
483 2072 752 2123 Judicandi
778 2071 909 2127 enim
938 2071 1041 2119 vias
1068 2071 1334 2138 diligenter
1355 2093 1520 2141 perse-

182 2154 287 2205 cuti
323 2160 457 2212 sunt,
493 2169 552 2200 ea
576 2151 802 2210 scientia,
839 2166 985 2215 quam
1011 2150 1328 2202 Dialecticen
1353 2157 1521 2222 appel..

179 2235 301 2283 lant.
374 2230 671 2281 Inveniendi
712 2246 828 2279 vero
864 2237 1040 2290 artem,
1077 2248 1202 2296 quae
1229 2232 1421 2299 Topice
1447 2236 1518 2285 di-

179 2316 331 2373 citur,
367 2328 592 2378 quaeque
635 2311 698 2359 ad
736 2326 879 2359 usum
903 2311 1067 2375 potior
1108 2321 1231 2373 erat,
1268 2322 1322 2363 et
1342 2316 1517 2367 ordine

180 2403 385 2445 naturae
427 2399 563 2441 certe
603 2390 751 2456 prior,
791 2397 946 2438 totam
982 2390 1303 2456 reliquerunt.
1409 2397 1517 2445 Nos

177 2482 364 2531 autem,
399 2471 631 2536 quoniam
672 2470 724 2517 in
764 2477 973 2535 utraque
998 2487 1189 2520 summa
1213 2473 1398 2523 utilitas
1424 2484 1516 2538 est,

178 2563 230 2604 et
254 2561 531 2616 utramque,
569 2550 608 2598 si
634 2549 727 2598 erit
750 2549 926 2609 otium,
966 2552 1195 2616 persequi
1221 2554 1512 2617 cogitamus,

179 2635 241 2683 ab
267 2651 343 2693 ea,
380 2648 506 2696 quae
529 2629 662 2695 prior
700 2637 793 2688 est,
829 2629 1093 2678 ordiemur.
1165 2631 1237 2680 Ut
1261 2632 1412 2697 igitur
1437 2650 1515 2682 ea·

178 2730 288 2763 rum
313 2728 496 2770 rerum,
533 2726 659 2775 quae
694 2707 1014 2757 absconditae
1039 2718 1172 2769 sunt,
1210 2710 1516 2762 demonstra-

179 2800 233 2841 to
270 2800 322 2841 et
345 2797 518 2840 notato
536 2789 664 2845 loco,
704 2786 862 2836 facilis
886 2788 1109 2836 inventio
1135 2798 1242 2850 est3
1283 2791 1371 2850 sic,
1398 2808 1513 2845 cum

178 2871 513 2939 pervestigare
552 2875 901 2933 argumentum
942 2867 1142 2933 aliquod
1164 2868 1409 2930 volumus,
1443 2870 1514 2921 lo-

179 2968 266 3002 cos
302 2967 444 3002 nosse
487 2950 740 3000 debemus.
828 2947 909 2998 Sic
957 2947 1089 2998 enim
1135 2949 1410 3016 appellatae
1451 2952 1511 3000 ab

1018 3044 1055 3077 H
1090 3026 1124 3076 h
1149 3037 1179 3079 3

1553 1722 1615 1791 2.
