2071 3508
747 383 1120 424 ORATORIBUS.
1522 388 1602 429 397

265 489 351 539 illa
374 491 503 542 bene
526 492 762 558 loquendi
786 492 910 550 laus,
947 492 1116 540 multis
1139 491 1313 552 literis,
1340 500 1391 540 et
1414 492 1471 541 iis
1497 497 1600 559 qui-

267 568 382 618 dem
413 570 682 620 reconditis
720 578 770 618 et
808 570 1083 634 exquisitis,
1121 587 1411 635 summoque
1437 573 1601 620 studio

268 655 320 696 et
367 647 626 713 diligentia
666 655 741 696 est
788 656 1103 698 consecutus.
1181 649 1318 706 Quin
1361 648 1509 698 etiam
1551 650 1604 697 in

267 725 498 774 maximis
531 725 962 791 occupationibus,
999 743 1114 775 cum
1140 727 1203 776 ad
1227 735 1278 776 te
1307 727 1469 793 ipsum
1507 728 1603 792 (in-

268 803 394 868 quit,
424 803 476 851 in
501 820 581 853 me
605 804 831 866 intuens)
858 804 920 853 de
945 806 1136 855 ratione
1162 806 1342 855 Latine
1366 806 1606 871 loquendi

266 883 637 932 accuratissime
663 884 944 949 scripserit3
977 885 1235 951 primoque
1254 886 1305 933 in
1323 885 1450 935 libro
1469 887 1605 936 dixe-

266 959 351 1019 rit,
387 963 651 1011 verborum
678 962 931 1012 delectum
957 963 1199 1028 originem
1237 981 1342 1013 esse
1374 964 1607 1030 eloquen-

267 1038 399 1100 tiae;
446 1041 791 1107 tribueritque,
830 1042 898 1089 mi
935 1042 1110 1101 Brute,
1146 1043 1262 1092 huic
1299 1053 1486 1104 nostro,
1523 1047 1608 1110 qui

267 1133 349 1166 me
374 1119 437 1167 de
461 1119 547 1168 illo
571 1121 760 1178 maluit,
800 1137 950 1185 quam
980 1138 1030 1169 se
1056 1121 1243 1182 dicere,
1278 1121 1475 1171 laudem
1514 1125 1609 1172 sin-

268 1196 524 1260 gularem:
565 1203 704 1264 (nam
747 1200 943 1265 scripsit
981 1201 1057 1248 his
1097 1202 1278 1261 verbis,
1319 1220 1432 1251 cum
1473 1203 1609 1253 hunc

270 1277 472 1326 nomine
498 1286 629 1327 esset
652 1278 856 1328 affatus:
896 1285 910 1306 ‘
948 1296 1023 1336 ac,
1062 1280 1118 1339 si,
1149 1288 1206 1328 ut
1230 1282 1450 1347 cogitata
1471 1299 1610 1347 prae-

271 1359 286 1380 ‘
324 1355 455 1405 clare
498 1357 662 1423 eloqui
702 1366 922 1424 possent,
958 1359 1184 1408 nonnulli
1227 1361 1391 1410 studio
1429 1370 1480 1410 et
1517 1380 1610 1411 usu

273 1440 287 1461 ‘
324 1435 722 1499 elaboraverunt,
749 1438 889 1504 cujus
913 1447 963 1488 te
982 1455 1111 1504 pene
1134 1440 1411 1505 principem
1438 1443 1611 1507 copiae

273 1518 288 1540 ⁶
325 1524 475 1582 atque
498 1518 827 1576 inventorem,
865 1520 994 1568 bene
1020 1519 1083 1567 de
1114 1520 1316 1568 nomine
1354 1538 1413 1569 ac
1453 1521 1613 1586 digni-

274 1598 288 1620 ⁶
325 1602 429 1644 tate
463 1596 636 1662 populi
661 1597 878 1646 Romani
913 1598 1146 1646 meritum
1184 1615 1289 1647 esse
1331 1600 1614 1649 existimare

275 1678 289 1699 ‘
328 1674 567 1725 debemus
586 1676 645 1739 :')
682 1677 818 1725 hunc
858 1676 1058 1726 facilem
1084 1685 1135 1726 et
1156 1679 1502 1742 quotidianum
1527 1697 1613 1729 no-

273 1752 400 1804 visse
449 1772 743 1814 sermonem,
793 1773 929 1806 nunc
965 1774 1057 1822 pro
1097 1758 1273 1807 relicto
1315 1767 1389 1807 est
1430 1760 1614 1809 haben-

276 1833 411 1883 dum.

346 1914 480 1963 Tum
503 1915 707 1975 Brutus,
732 1914 934 1975 Amice,
953 1915 1176 1976 hercule,
1201 1917 1377 1982 inquit,
1406 1926 1456 1967 et
1480 1936 1615 1985 mag·
1649 1915 1758 1976 73,

278 1992 424 2042 nifice
448 2001 499 2042 te
524 1992 782 2042 laudatum
822 2003 965 2059 puto,
1003 2012 1150 2060 quem
1176 2012 1276 2044 non
1301 1996 1459 2045 solum
1484 1999 1615 2063 prin-

280 2073 442 2137 cipem
485 2081 634 2137 atque
676 2074 989 2122 inventorem
1032 2075 1203 2140 copiae
1246 2076 1443 2133 dixerit,
1488 2095 1615 2142 quae

281 2162 388 2202 erat
424 2170 606 2219 magna
642 2153 763 2211 laus,
809 2155 897 2203 sed
935 2155 1084 2203 etiam
1122 2156 1250 2204 bene
1288 2158 1520 2206 meritum
1554 2159 1618 2208 de

278 2233 451 2300 populi
478 2234 693 2282 Romani
717 2234 918 2283 nomine
945 2242 996 2283 et
1021 2234 1280 2299 dignitate.
1344 2237 1459 2294 Quo
1485 2239 1617 2286 enim

281 2331 383 2363 uno
417 2314 741 2364 vincebamur
776 2331 804 2362 a
833 2314 968 2362 victa
993 2314 1222 2372 Graecia,
1260 2315 1314 2364 id
1355 2325 1441 2364 aut
1482 2334 1618 2383 erep-

282 2403 391 2443 tum
415 2393 510 2442 illis
536 2401 629 2452 est,
666 2401 752 2441 aut
788 2402 924 2441 certe
950 2394 1090 2442 nobis
1128 2411 1241 2443 cum
1278 2395 1372 2443 illis
1399 2413 1619 2444 commu-
1684 2451 1689 2454 ,

284 2474 523 2523 nicatum.
611 2473 760 2521 Hanc
799 2481 986 2532 autem,
1022 2473 1202 2537 inquit,
1238 2473 1446 2538 gloriam
1484 2476 1620 2524 testi-

284 2554 607 2619 moniumque
634 2554 855 2602 Caesaris
880 2561 996 2602 tuae
1033 2554 1235 2617 quidem
1272 2554 1622 2619 supplicationi

285 2651 406 2693 non,
448 2634 536 2683 sed
581 2633 842 2698 triumphis
889 2633 1158 2682 multorum
1205 2642 1470 2698 antepono.
1556 2636 1624 2684 Et

286 2722 424 2762 recte
449 2713 670 2778 quidem,
695 2713 911 2777 inquam,
939 2713 1111 2772 Brute,
1136 2713 1286 2761 modo
1305 2714 1480 2763 sithoc
1501 2715 1624 2765 Cae-

289 2794 407 2843 saris
445 2792 644 2858 judicii,
692 2804 793 2840 non
839 2792 1218 2841 benevolentiae
1265 2793 1622 2844 testimonium.

289 2872 407 2922 Plus
445 2873 579 2923 enim
618 2879 754 2922 certe
789 2872 959 2923 attulit
998 2872 1115 2923 huic
1139 2873 1325 2940 populo
1349 2873 1626 2940 dignitatis,
