2071 3508
750 421 919 460 LIBER
940 420 1193 461 TERTIUS.
1577 427 1657 468 267

385 533 488 582 Hic
513 528 738 588 Catulus,
764 529 852 577 Dii
870 529 1192 589 immortales,
1217 529 1397 595 inquit,
1423 541 1658 596 quantam
1694 533 1799 594 32,

318 629 482 662 rerum
507 610 819 668 varietatem,
857 618 1093 674 quantam
1117 611 1238 673 vim,
1263 620 1501 676 quantam
1528 614 1662 678 copi·
1696 626 1805 668 126.

316 709 414 751 am,
456 690 649 749 Crasse,
692 689 983 754 complexus
1026 691 1106 740 es!
1145 692 1442 758 quantisque
1479 709 1543 741 ex
1578 710 1662 741 an-

312 770 488 836 gustiis
513 777 759 819 oratorem
786 770 1001 819 educere
1038 789 1185 821 ausus
1223 789 1296 832 es,
1339 780 1389 821 et
1424 773 1476 822 in
1511 772 1663 838 majo-

311 867 421 897 rum
447 867 647 899 suorum
683 867 840 917 regno
872 851 1116 900 collocare
1139 854 1148 901 1
1189 853 1422 918 Namque
1447 853 1555 902 illos
1579 870 1662 902 ve-

309 937 440 979 teres
483 931 713 979 doctores
755 939 1084 997 auctoresque
1121 932 1324 982 dicendi
1359 924 1551 982 nullum
1576 951 1663 999 ge-

311 1026 404 1058 nus
431 1010 780 1076 disputationis
819 1030 848 1060 a
889 1030 940 1061 se
982 1012 1199 1061 alienum
1241 1022 1441 1079 putasse
1466 1015 1662 1080 accepi-

309 1107 440 1151 mus,
465 1109 758 1158 semperque
796 1109 901 1141 esse
942 1093 994 1140 in
1036 1094 1171 1141 omni
1208 1094 1443 1143 orationis
1467 1095 1661 1144 ratione

309 1179 545 1220 versatos.
601 1173 678 1220 Ex
705 1173 882 1238 quibus
908 1173 1060 1222 Eleus
1088 1174 1319 1239 Hippias,
1345 1191 1459 1223 cum
1486 1174 1659 1240 Olym·
1694 1183 1802 1229 127.

311 1251 444 1316 piam
486 1253 720 1312 venisset,
763 1253 979 1301 maxima
1017 1253 1100 1302 illa
1135 1254 1493 1320 quinquennali
1531 1255 1659 1304 cele-

310 1331 493 1381 britate
516 1331 767 1392 ludorum,
803 1332 1042 1397 gloriatus
1080 1342 1172 1393 est,
1215 1343 1399 1383 cuncta
1421 1351 1550 1400 pene
1576 1353 1661 1383 au-

314 1412 487 1461 diente
514 1413 748 1473 Graecia,
767 1413 889 1460 nihil
916 1431 1020 1462 esse
1041 1414 1140 1462 ulla
1164 1415 1216 1461 in
1235 1422 1340 1462 arte
1365 1431 1531 1463 rerum
1556 1433 1661 1464 om-

310 1494 469 1554 nium,
495 1494 630 1558 quod
653 1494 757 1558 ipse
783 1494 1030 1542 nesciret:
1070 1511 1164 1542 nec
1191 1494 1350 1542 solum
1386 1495 1473 1543 has
1510 1503 1659 1556 artes,

311 1574 490 1638 quibus
514 1573 742 1622 liberales
767 1574 1025 1622 doctrinae
1051 1581 1200 1638 atque
1225 1575 1475 1639 ingenuae
1501 1577 1660 1625 conti-

309 1662 569 1713 nerentur,
593 1654 937 1718 geometriam,
977 1654 1236 1714 musicam,
1259 1654 1516 1704 literarum
1542 1673 1661 1721 cog-

308 1735 554 1783 nitionem
580 1742 631 1783 et
655 1738 934 1799 poetarum,
971 1742 1120 1799 atque
1145 1734 1246 1794 illa,
1277 1753 1404 1800 quae
1429 1736 1492 1784 de
1516 1744 1660 1785 natu-

309 1815 375 1863 ris
400 1832 584 1875 rerum,
627 1832 754 1880 quae
780 1814 843 1863 de
875 1814 1134 1863 hominum
1171 1817 1407 1876 moribus,
1443 1834 1569 1881 quae
1595 1817 1660 1866 de

309 1894 671 1960 rebuspublicis
714 1895 1034 1955 dicerentur3
1080 1896 1168 1943 sed
1208 1896 1468 1956 annulum,
1510 1914 1659 1962 quem

310 1974 549 2036 haberet,
588 1973 813 2038 pallium,
845 1991 945 2038 quo
971 1974 1211 2034 amictus;
1253 1992 1443 2036 soccos,
1480 1977 1659 2040 quibus

311 2054 517 2102 indutus
543 2061 690 2112 esset,
716 2071 766 2102 se
792 2071 880 2101 sua
903 2070 1054 2101 manu
1091 2053 1382 2104 confecisse.
1454 2055 1658 2106 Scilicet
1693 2070 1802 2111 128.

313 2133 459 2182 nimis
484 2133 566 2182 hic
593 2133 796 2197 quidem
823 2141 897 2182 est
921 2150 1227 2198 progressus,
1264 2135 1352 2183 sed
1378 2152 1441 2184 ex
1466 2152 1526 2184 eo
1551 2136 1657 2201 ipso

313 2221 390 2262 est
414 2212 704 2278 conjectura
727 2212 906 2273 facilis,
945 2222 1188 2278 quantum
1225 2215 1317 2263 sibi
1341 2215 1411 2263 illi
1436 2216 1528 2281 ipsi
1553 2233 1659 2266 ora-

311 2301 444 2342 tores
484 2293 546 2342 de
581 2293 982 2359 praeclarissimis
1007 2295 1193 2343 artibus
1218 2295 1537 2360 appetierint,
1574 2296 1660 2361 qui

312 2391 378 2424 ne
421 2374 718 2423 sordidiores
761 2375 963 2440 quidem
1005 2375 1329 2441 repudiarint.
1416 2376 1554 2434 Quid
1596 2376 1659 2426 de

315 2454 529 2504 Prodico
572 2455 733 2503 Chio?
771 2455 891 2520 quid
933 2455 996 2504 de
1039 2455 1414 2522 Thrasymacho
1451 2455 1660 2505 Chalce-

315 2534 485 2594 donio,
528 2535 590 2583 de
627 2537 904 2601 Protagora
931 2536 1178 2585 Abderita
1200 2537 1411 2602 loquar?
1448 2552 1659 2602 quorum

315 2613 654 2678 unusquisque
679 2614 947 2678 plurimum
967 2616 1273 2680 temporibus
1291 2616 1405 2676 illis,
1425 2615 1576 2664 etiam
1595 2615 1659 2664 de

315 2699 493 2739 natura
517 2708 700 2751 rerum,
727 2700 778 2740 et
803 2692 1051 2752 disseruit,
1076 2701 1128 2742 et
1152 2695 1362 2760 scripsit,
1436 2695 1551 2760 Ipse
1575 2693 1658 2744 ille
1694 2698 1802 2741 129.

318 2771 596 2821 Leontinus
633 2770 867 2836 Gorgias,
903 2788 1002 2836 quo
1042 2780 1252 2838 patrono
1292 2777 1374 2839 (ut
1410 2773 1552 2823 Plato
1575 2790 1659 2822 vo-

317 2848 436 2910 luit)
461 2848 754 2914 philosopho
791 2850 1057 2898 succubuit
1092 2858 1271 2907 orator,
1315 2851 1401 2915 qui
1436 2859 1522 2900 aut
1556 2867 1659 2900 non

321 2937 398 2979 est
420 2929 582 2979 victus
606 2945 825 2994 unquam
866 2946 896 2979 a
937 2928 1159 2990 Socrate,
1194 2947 1357 2997 neque
1383 2948 1542 2982 sermo
1576 2930 1660 2980 ille
