2071 3508
235 1441 343 1501 43.

240 1533 346 1575 169.

241 2167 260 2205 1
270 2164 348 2210 70.

243 2779 353 2827 171.

385 412 463 448 282
860 408 936 447 DE
967 407 1234 447 ORATORE

386 525 501 565 sunt
523 516 729 565 finitima
752 516 835 565 illa
869 518 1029 565 minus
1066 526 1253 576 ornata,
1291 516 1378 564 sed
1401 522 1566 563 tamen
1601 525 1702 559 non

382 595 672 660 ignoranda,
693 612 805 643 cum
822 596 1030 660 intelligi
1055 595 1279 643 volumus
1304 594 1502 659 aliquid,
1531 599 1616 640 aut
1640 606 1704 638 ex

379 682 519 738 parte
544 682 735 734 totum3
773 682 847 733 ut,
871 691 961 738 pro
985 673 1217 721 aedificiis
1243 689 1355 721 cum
1373 673 1598 736 parietes,
1618 675 1705 717 aut

381 762 498 802 tecta
523 754 761 802 dicimus:
801 761 885 800 aut
922 769 981 800 ex
1008 760 1114 800 toto
1148 760 1374 815 partem;
1413 760 1483 808 ut,
1512 766 1625 798 cum
1649 765 1703 796 u-

378 848 491 879 nam
516 840 728 880 turmam
764 832 1015 894 equitatum
1030 830 1201 892 populi
1223 831 1429 877 Romani
1465 828 1703 877 dicimus:

379 918 465 958 aut
489 928 551 959 ex
576 927 675 958 uno
698 909 877 974 plures,
1649 912 1651 914 ’

487 1002 540 1039 At
561 1002 754 1039 Romanus
773 999 893 1045 homo,
914 1003 1036 1036 tamen
1056 997 1126 1035 etsi
1145 1011 1204 1035 res
1224 996 1313 1036 bene
1325 1003 1432 1050 gesta
1449 1003 1516 1042 est,

490 1055 611 1093 Corde
625 1068 690 1092 suo
707 1053 872 1105 trepidat
889 1068 903 1090 :

380 1142 465 1182 aut
491 1151 603 1182 cum
630 1151 691 1181 ex
715 1132 935 1197 pluribus
960 1131 1253 1196 intelligitur
1276 1148 1421 1190 unus,

487 1225 570 1261 Nos
589 1225 709 1261 sumu'
726 1223 904 1269 Romani,
921 1222 986 1274 qui
987 1222 1143 1274 suimus
1162 1227 1250 1259 ante
1270 1221 1428 1259 Rudini.

378 1298 464 1338 aut
488 1307 790 1354 quocunque
826 1289 974 1336 modo
999 1305 1098 1336 non
1123 1296 1181 1335 ut
1206 1288 1395 1335 dictum
1432 1295 1524 1346 est,
1559 1287 1610 1334 in
1646 1304 1705 1336 eo

377 1385 561 1432 genere
586 1368 896 1433 intelligitur,
934 1367 1020 1415 sed
1044 1374 1100 1414 ut
1125 1383 1319 1414 sensum
1347 1374 1436 1414 est.

445 1447 714 1494 Abutimur
733 1463 877 1510 saepe
898 1445 1045 1493 etiam
1065 1447 1234 1503 verbo,
1260 1461 1359 1492 non
1384 1452 1485 1492 tam
1511 1445 1707 1510 elegan-

377 1533 471 1585 ter,
507 1542 652 1590 quam
690 1526 742 1572 in
782 1523 1155 1583 transferend03
1195 1524 1281 1572 sed
1318 1523 1465 1572 etiam
1492 1525 1530 1571 si
1553 1524 1706 1573 licen-

376 1605 493 1664 tius,
517 1613 684 1652 tamen
709 1603 958 1652 interdum
994 1619 1094 1650 non
1118 1602 1435 1667 impudenter
1456 1624 1469 1662 ;
1508 1610 1564 1651 ut
1590 1621 1704 1652 cum

373 1686 608 1748 grandem
649 1685 903 1732 orationem
926 1699 1016 1747 pro
1040 1698 1234 1746 magna,
1259 1683 1485 1730 minutum
1507 1683 1709 1733 animum

377 1779 468 1827 pro
491 1779 642 1827 parvo
679 1762 904 1810 dicimus.
991 1761 1180 1809 Verum
1205 1760 1287 1808 illa
1321 1761 1563 1810 videtisne
1601 1779 1705 1811 esse

379 1858 480 1891 non
515 1841 670 1901 verbi,
707 1841 794 1889 sed
829 1840 1080 1899 orationis,
1117 1857 1241 1904 quae
1279 1857 1340 1888 ex
1375 1840 1613 1904 pluribus,
1649 1851 1706 1892 ut

381 1922 602 1986 exposui,
629 1919 1029 1968 translationibus
1055 1935 1283 1967 connexa
1307 1920 1450 1968 sunt?
1475 1919 1598 1968 haec
1622 1937 1705 1969 au-

379 2007 502 2060 tem,
527 2017 651 2065 quae
677 2007 763 2047 aut
786 2000 1047 2047 immutata
1071 2015 1175 2047 esse
1202 1999 1323 2057 dixi,
1360 2007 1445 2047 aut
1469 1999 1609 2048 aliter
1632 2000 1706 2048 in-

380 2078 652 2143 telligenda
675 2095 732 2126 ac
759 2077 1060 2137 dicerentur,
1097 2086 1211 2126 sunt
1234 2077 1468 2126 translata
1492 2078 1705 2142 quodam

381 2157 546 2204 modo.
619 2156 697 2204 Ita
720 2156 792 2215 fit,
827 2164 884 2204 ut
908 2156 1065 2204 omnis
1101 2156 1406 2219 singulorum
1443 2158 1704 2205 verborum

379 2235 534 2283 virtus
558 2242 705 2299 atque
728 2234 833 2282 laus
857 2236 1012 2283 tribus
1037 2235 1240 2283 exsistat
1264 2252 1324 2282 ex
1349 2237 1494 2283 rebus
1514 2257 1527 2296 3
1557 2238 1595 2284 si
1620 2246 1707 2286 aut

379 2320 631 2360 vetustum
664 2313 870 2360 verbum
907 2312 987 2370 sit,
1038 2312 1171 2376 quod
1194 2320 1360 2359 tamen
1396 2315 1706 2363 consuetudo

379 2390 508 2438 ferre
542 2390 728 2454 possit;
767 2398 853 2437 aut
886 2389 1074 2437 factum
1108 2389 1186 2437 vel
1223 2389 1591 2454 conjunctione,
1626 2393 1706 2441 vel

381 2470 621 2528 novitate,
661 2469 713 2516 in
738 2486 836 2533 quo
859 2469 979 2517 item
1015 2477 1090 2517 est
1113 2469 1310 2517 auribus
1336 2470 1704 2519 consuetudini-

383 2565 478 2612 que
502 2548 806 2613 parcendum
828 2568 841 2609 3
874 2556 960 2596 aut
982 2548 1287 2605 translatum,
1316 2549 1448 2612 quod
1471 2551 1704 2612 maxime,

381 2635 616 2692 tanquam
658 2626 808 2675 stellis
849 2627 1159 2692 quibusdam,
1200 2635 1341 2677 notat
1376 2636 1425 2676 et
1459 2628 1703 2679 illuminat

383 2707 670 2755 orationem.

452 2786 682 2851 Sequitur
722 2786 1029 2835 continuatio
1073 2787 1354 2845 verborum,
1412 2803 1536 2851 quae
1583 2787 1703 2836 duas

385 2880 462 2914 res
485 2865 718 2926 maxime,
743 2865 1119 2917 collocationem
1142 2865 1375 2932 primum,
1399 2865 1579 2916 deinde
1602 2882 1704 2916 mo*

1980 2100 2012 2222 ‘fliz-3·
1986 2019 2009 2093 352²:
1987 1999 1990 2004 ·

1980 2664 1986 2691 <·'
1966 2525 2006 2650 ,ἦεῇἦίλ
1973 2382 2006 2507 ’ξ’,χςρξ
1980 2248 2006 2371 -ἢπμρ,
1986 2230 1990 2235 .
