2071 3508
764 419 983 461 TOPICA.
1456 426 1536 461 489

207 539 399 595 pugnat
421 530 553 579 enim
573 536 709 577 recte
735 529 981 593 accipere,
1007 534 1058 576 et
1081 525 1290 575 invitum
1311 529 1533 579 reddere.

209 607 293 656 Ab
319 607 642 672 efficientibus
667 607 844 665 causis,
862 606 958 654 hoc
977 604 1157 654 modo:
1197 604 1442 655 Omnibus
1463 619 1536 658 est

197 684 281 749 jus
303 687 542 751 parietem
569 685 813 734 directum
851 686 915 734 ad
955 685 1194 750 parietem
1220 701 1535 735 communem

205 762 494 829 adjungere,
530 763 610 814 vel
640 764 867 822 solidum,
904 764 985 813 vel
1014 763 1350 814 fornicatum:
1405 774 1456 814 at
1497 767 1535 814 si

203 842 314 904 quis
337 842 389 891 in
412 844 600 910 pariete
626 844 879 899 communi
921 843 1236 892 demoliendo
1273 844 1441 892 damni
1465 846 1537 892 in·
1558 838 1560 840 ¹

201 918 325 969 fecti
347 923 642 987 promiserit,
669 940 770 972 non
790 923 992 972 debebit
1014 932 1264 988 praestare
1283 924 1418 988 quod
1441 923 1537 973 for-

203 999 290 1048 nix
314 1001 422 1050 vitii
462 1001 669 1052 fecerit:
708 1019 810 1051 non
851 1002 983 1054 enim
1016 1001 1122 1067 ejus
1157 1003 1293 1060 vitio,
1333 1005 1416 1067 qui
1454 1005 1537 1054 de-

202 1079 403 1129 molitus
429 1090 520 1141 est,
558 1083 793 1131 damnum
817 1081 1007 1130 factum
1033 1090 1125 1142 est,
1162 1084 1249 1131 sed
1284 1083 1389 1149 ejus
1422 1103 1536 1150 ope-

202 1157 268 1206 ris
291 1159 431 1221 vitio,
474 1162 608 1227 quod
648 1162 718 1210 ita
755 1161 1068 1211 aedificatum
1094 1170 1183 1219 est,
1221 1170 1278 1211 ut
1303 1166 1536 1229 suspendi

204 1253 305 1287 non
328 1248 510 1304 posset.
561 1240 644 1290 Ab
672 1241 859 1290 effectis
883 1242 1048 1300 rebUS‚
1072 1241 1168 1290 hoc
1188 1242 1368 1291 modo:
1408 1243 1536 1294 Cum

203 1317 382 1367 mulier
418 1321 523 1370 viro
561 1321 613 1368 in
653 1338 854 1370 manum
897 1321 1146 1379 convenit,
1187 1323 1373 1382 omnia,
1410 1341 1537 1389 quae

203 1397 422 1447 mulieris
462 1399 680 1456 fuerunt,
718 1400 809 1448 viri
843 1400 970 1448 fiunt
1005 1400 1134 1448 dotis
1169 1401 1387 1451 nomine.
1458 1405 1537 1454 Ex

205 1479 575 1542 comparatione
617 1487 783 1527 autem
825 1479 990 1527 omnia
1027 1478 1214 1539 valent,
1258 1497 1383 1545 quae
1422 1493 1538 1538 sunt

205 1554 478 1620 ejusmodi:
532 1559 684 1616 Quod
724 1559 775 1605 in
810 1574 862 1606 re
904 1557 1089 1622 majore
1113 1559 1264 1619 valet,
1300 1561 1463 1611 valeat
1484 1565 1536 1613 in

203 1636 428 1686 minore:
467 1646 538 1695 ut,
572 1638 611 1686 si
640 1638 692 1685 in
727 1638 848 1686 urbe
884 1637 1006 1686 fines
1030 1654 1131 1686 non
1156 1649 1412 1705 reguntur,
1453 1659 1537 1692 ne-

201 1732 300 1780 que
324 1733 452 1782 aqua
474 1718 527 1766 in
550 1719 673 1766 urbe
698 1725 939 1766 arceatur.
1011 1717 1141 1766 Item
1162 1728 1364 1768 contra:
1403 1725 1537 1786 quod

202 1795 254 1843 in
279 1797 470 1847 minore
495 1797 645 1857 valet,
680 1797 844 1862 valeat
878 1797 929 1845 in
961 1797 1162 1862 majore.
1233 1799 1381 1849 Licet
1404 1803 1538 1852 idem

203 1876 489 1942 exemplum
515 1885 822 1926 convertere.
895 1876 1056 1925 Item:
1106 1877 1257 1934 Quod
1281 1879 1331 1926 in
1356 1897 1409 1929 re
1434 1884 1538 1946 pari

202 1955 354 2015 valet,
389 1956 552 2005 valeat
574 1957 626 2005 in
650 1957 758 2013 hac,
797 1973 923 2021 quae
946 1973 1034 2021 par
1059 1964 1162 2005 est:
1201 1965 1271 2015 ut,
1305 1961 1536 2023 quoniam

201 2049 320 2082 usus
345 2035 612 2084 auctoritas
636 2033 779 2083 fundi
803 2034 1060 2083 biennium
1080 2043 1172 2095 est,
1198 2036 1260 2084 sit
1285 2037 1434 2086 etiam
1460 2057 1542 2089 ae„

205 2112 359 2162 dium.
416 2113 490 2162 At
512 2114 564 2162 in
582 2114 694 2179 lege
720 2113 866 2162 aedes
886 2130 985 2162 non
1006 2114 1331 2180 appellantur,
1355 2125 1404 2166 et
1424 2128 1540 2169 sunt

204 2201 513 2242 caeterarum
538 2210 703 2242 rerum
728 2194 969 2253 omnium,
1011 2211 1218 2258 quarum
1244 2212 1437 2245 annuus
1465 2206 1540 2247 est

203 2289 337 2333 usus.
407 2273 589 2323 Valeat
613 2273 852 2338 aequitas,
891 2290 1016 2338 quae
1056 2275 1256 2338 paribus
1292 2275 1341 2323 in
1380 2279 1538 2328 causis

203 2354 338 2417 paria
365 2352 480 2417 jura
503 2353 766 2402 desiderat.
839 2352 982 2410 Quae
1023 2362 1189 2402 autem
1230 2356 1538 2407 extrinsecus

206 2441 537 2490 assumuntur,
577 2450 635 2482 ea
658 2432 872 2482 maxime
916 2449 978 2481 ex
1017 2434 1313 2482 auctoritate
1346 2435 1537 2485 ducun-

205 2519 316 2579 tur..
375 2512 551 2576 Itaque
577 2511 760 2560 Graeci
785 2509 908 2560 tales
932 2512 1388 2576 argumentationes
1412 2513 1538 2575 α’τέχ-

207 2611 263 2639 »ες
288 2599 488 2651 vocant,
523 2591 694 2650 idest,
730 2591 846 2638 artis
879 2599 1136 2656 expertes:
1174 2599 1248 2651 ut,
1286 2593 1325 2640 si
1360 2593 1430 2641 ita
1463 2610 1538 2643 re-

208 2670 485 2736 spondeas:
542 2668 791 2726 Quoniam
830 2668 883 2716 P.
917 2668 1152 2718 Scaevola
1175 2669 1227 2718 id
1251 2670 1409 2719 solum
1435 2689 1539 2723 esse

207 2749 421 2799 ambitus
463 2747 660 2798 aedium
686 2747 886 2807 dixerit,
922 2749 1056 2812 quod
1090 2749 1290 2814 parietis
1321 2767 1539 2806 commuf

207 2830 283 2878 nis
305 2829 511 2896 tegendi
550 2845 697 2877 causa
732 2835 925 2877 tectum
966 2828 1307 2893 projiceretur,
1346 2847 1409 2879 ex
1440 2848 1544 2896 quo.

206 2910 259 2961 in
283 2917 474 2960 tectum
500 2907 622 2974 ejus,
664 2908 811 2959 aedes
837 2908 918 2974 qui
949 2910 1264 2976 protexisset,
1305 2927 1433 2976 aqua
1456 2912 1538 2962 de-
