2071 3508
428 401 505 437 338
934 401 1010 440 DE
1041 401 1243 441 CLARIS

427 509 715 557 memoriam
740 520 905 559 autem
940 511 992 558 in
1024 520 1276 576 posterum
1318 509 1506 575 ingenii
1543 510 1616 558 sui
1657 524 1758 557 non

428 586 730 648 desiderant,
756 607 868 638 curn
895 608 945 639 se
969 600 1149 655 putant
1164 591 1278 639 satis
1297 606 1527 654 magnam
1554 588 1759 653 adeptos

429 681 533 713 esse
560 666 758 715 dicendi
783 669 1005 732 gloriam,
1034 685 1241 733 eamque
1259 669 1407 716 etiam
1432 666 1667 731 majorem
1692 664 1760 713 vi-

430 759 539 791 sum
564 744 641 804 iri,
667 746 704 792 si
730 747 777 793 iu
806 747 1194 795 existimantium
1220 747 1475 796 arbitrium
1501 763 1588 793 sua
1612 744 1763 809 scrip-

429 829 481 869 ta
504 839 605 871 non
630 825 857 872 venerint
874 824 1091 881 z—ali0s‚
1127 825 1262 888 quod
1286 824 1459 873 melius
1483 831 1665 890 putent
1690 823 1761 871 di-

430 917 543 948 cere
569 918 619 949 se
654 918 814 965 posse,
849 919 995 965 quam
1031 902 1276 951 scribere:
1317 903 1449 967 quod
1480 900 1762 967 peringeni-

429 979 524 1026 osis
566 980 865 1039 hominibus,
907 996 1067 1044 neque
1103 982 1218 1029 satis
1256 982 1430 1039 doctis,
1467 981 1761 1046 plerumque

430 1058 655 1121 contigit,
678 1069 732 1105 ut
757 1058 847 1122 ipsi
874 1058 1097 1107 Galbae:
1137 1077 1284 1124 quem
1314 1060 1519 1109 fortasse
1550 1060 1622 1108 vis
1661 1075 1760 1107 non

429 1136 619 1200 ingenii
645 1136 821 1197 solum,
847 1138 934 1185 sed
960 1139 1107 1186 etiam
1128 1140 1296 1199 animi,
1322 1148 1372 1188 et
1396 1139 1632 1188 naturalis
1657 1138 1761 1203 qui-

430 1212 543 1260 dam
583 1214 722 1262 dolor
764 1215 1015 1264 dicentem
1054 1216 1373 1276 incendebat,
1399 1217 1763 1280 efficiebatque,

431 1303 485 1343 ut
511 1303 561 1344 et
584 1297 808 1356 incitata,
846 1306 895 1346 et
919 1298 1100 1363 gravis,
1138 1306 1188 1345 et
1211 1296 1480 1345 vehemens
1507 1303 1635 1343 esset
1659 1310 1764 1342 ora-

430 1375 500 1423 tio
523 1393 533 1422 :
574 1375 689 1424 dein
727 1394 841 1425 cum
872 1379 1057 1425 otiosus
1082 1376 1263 1442 stylum
1287 1374 1635 1440 prehenderat,
1662 1389 1765 1421 mo-

429 1461 607 1519 tusque
643 1458 801 1504 omnis
826 1458 994 1517 animi,
1029 1466 1265 1522 tanquam
1289 1464 1486 1515 ventus,
1510 1453 1764 1503 hominem

431 1533 703 1592 defecerat,
728 1536 1048 1584 flaccessebat
1073 1536 1258 1584 oratio:
1299 1535 1433 1599 quod
1472 1534 1549 1592 iis,
1588 1532 1672 1597 qui
1709 1531 1764 1579 li-

430 1613 609 1665 matius
635 1613 835 1661 dicendi
856 1623 1205 1663 consectantur
1223 1631 1400 1679 genus,
1416 1612 1644 1662 accidere
1663 1627 1765 1659 non

431 1692 574 1752 solet,
597 1703 860 1758 propterea
879 1696 1013 1759 quod
1035 1696 1299 1760 prudentia
1318 1711 1571 1759 nunquam
1597 1692 1766 1741 deficit

431 1784 691 1832 oratorem,
736 1794 830 1840 qua
863 1777 943 1825 ille
981 1785 1126 1825 utens
1162 1778 1338 1825 eodem
1362 1777 1512 1825 modo
1535 1775 1689 1840 possit
1713 1782 1766 1823 et

432 1857 597 1906 dicere
641 1865 691 1904 et
733 1859 960 1906 scribere.
1034 1857 1201 1906 Ardor
1241 1858 1390 1905 animi
1428 1874 1528 1906 non
1571 1870 1764 1922 semper

430 1938 588 1998 adest,
613 1939 749 2002 isque
777 1957 890 1987 cum
913 1940 1154 1996 consedit,
1183 1940 1341 1988 omnis
1358 1939 1440 1987 illa
1463 1938 1535 1986 vis
1560 1948 1610 1987 et
1627 1940 1765 2003 quasi

429 2018 626 2065 flamma
663 2020 866 2067 oratoris
905 2020 1251 2084 exstinguitur.
1326 2019 1474 2067 Hanc
1511 2018 1664 2083 igitur
1699 2019 1763 2067 ob

431 2112 629 2143 causam
670 2096 866 2144 videtur
907 2096 1063 2163 Laelii
1105 2114 1244 2145 mens
1291 2097 1473 2162 spirare
1522 2097 1670 2145 etiam
1712 2096 1764 2144 in

433 2174 646 2237 scriptis,
671 2173 861 2222 Galbae
882 2183 1048 2222 autem
1073 2175 1145 2222 vis
1171 2175 1428 2224 occidisse.

499 2256 721 2303 Fuerunt
746 2256 893 2304 etiam
919 2257 969 2303 in
995 2266 1244 2305 oratorum
1274 2274 1480 2306 numero
1505 2257 1765 2306 mediocri-

432 2351 516 2381 um
541 2333 601 2381 L.
629 2341 679 2381 et
705 2333 786 2397 Sp.
815 2334 1066 2393 Mummii,
1101 2334 1294 2394 fiatres,
1332 2352 1540 2399 quorum
1565 2344 1764 2384 exstant

432 2412 688 2460 amborum
714 2412 974 2461 orationes.
1047 2412 1264 2477 Simplex
1291 2413 1492 2476 quidem
1516 2412 1577 2461 L.
1604 2422 1654 2462 et
1679 2431 1762 2462 an-

432 2490 626 2554 tiquus:
668 2490 748 2555 Sp.
793 2499 958 2539 autem
994 2491 1146 2539 nihilo
1182 2491 1263 2540 ille
1301 2491 1503 2556 quidem
1529 2493 1761 2551 ornatior,
1809 2491 1816 2497 ”

433 2570 521 2617 sed
545 2578 713 2618 tamen
737 2571 1018 2619 adstrictior
1041 2593 1052 2631 ;
1092 2570 1188 2619 fuit
1219 2572 1350 2619 enim
1377 2571 1555 2620 doctus
1581 2588 1643 2620 ex
1669 2572 1763 2620 dis-

435 2648 615 2713 ciplina
642 2648 933 2696 Stoicorum.
991 2649 1186 2697 Multae
1213 2658 1326 2698 sunt
1352 2650 1433 2714 Sp.
1461 2649 1634 2697 Albini
1659 2666 1762 2698 ora-

436 2727 609 2774 tiones,
671 2727 795 2774 Sunt
821 2728 969 2775 etiam
995 2728 1053 2776 L.
1072 2737 1123 2776 et
1139 2729 1197 2777 C.
1220 2728 1538 2776 Aureliorum
1563 2727 1762 2776 Oresta-

434 2823 558 2862 rum,
600 2823 721 2870 quos
746 2807 909 2871 aliquo
932 2808 1079 2856 video
1105 2808 1156 2856 in
1181 2825 1389 2856 numero
1413 2815 1662 2856 oratorum
1685 2806 1762 2855 fu-

434 2884 542 2932 isse.
605 2885 659 2936 P,
687 2886 836 2935 etiam
862 2887 1079 2953 Popilius
1105 2904 1219 2936 cum
1244 2887 1364 2937 civis
1389 2886 1635 2952 egregius,
1653 2893 1760 2935 tum
