2071 3508
765 395 1139 436 ORATORIBUS.
1541 400 1619 437 395

287 506 537 571 perfectus
577 503 750 563 literis,
787 504 875 552 sed
907 504 1146 562 Graecis3
1185 501 1467 551 fastidiosus
1503 521 1619 553 sane

288 585 608 633 Latinarum:
661 590 864 646 argutus
911 589 1094 640 orator,
1140 582 1400 645 verbisque
1443 581 1619 641 dulcis,

288 665 375 712 sed
398 663 594 728 fugiens
618 677 719 709 non
745 661 894 708 modo
920 661 1140 720 dicendi,
1165 677 1338 708 verum
1364 660 1513 708 etiam
1540 677 1619 708 co-

285 741 478 807 gitandi
519 738 758 798 laborem,
801 746 994 787 tantum
1035 738 1126 786 sibi
1169 738 1230 786 de
1272 736 1511 786 facultate
1537 738 1620 787 de-

286 820 450 876 traxit,
475 825 716 883 quantum
742 818 994 866 imminuit
1017 817 1306 866 industriae.

354 900 470 948 Hoc
514 897 627 946 loco
670 897 872 956 Brutus,
911 897 1075 954 Quam
1107 896 1305 956 vellem,
1341 897 1522 961 inquit,
1560 896 1621 945 de
1657 886 1763 947 71.

285 979 360 1027 his
386 978 536 1027 etiam
561 977 854 1036 oratoribus,
892 976 976 1041 qui
1000 976 1148 1025 hodie
1175 984 1308 1036 sunt,
1340 977 1431 1025 tibi
1457 976 1623 1025 dicere

285 1059 495 1107 luberet.
567 1056 648 1114 Et,
688 1056 727 1104 si
764 1055 826 1104 de
865 1055 970 1104 aliis
1008 1056 1188 1114 minus,
1227 1056 1289 1103 de
1327 1055 1518 1103 duobus
1553 1063 1624 1103 ta-

285 1154 422 1197 men,
458 1152 581 1201 quos
605 1152 634 1183 a
657 1143 707 1184 te
745 1135 847 1183 scio
887 1134 1077 1183 laudari
1113 1134 1288 1193 solere,
1328 1134 1538 1182 Caesare
1574 1141 1626 1181 et

288 1217 553 1277 Marcello,
594 1218 816 1266 audirem
858 1233 959 1265 non
1001 1216 1163 1265 minus
1191 1216 1440 1275 lubenter,
1477 1232 1625 1280 quam

288 1297 456 1345 audivi
497 1298 559 1346 de
600 1298 678 1357 iis,
719 1297 804 1362 qui
843 1295 1062 1345 fuerunt.
1149 1296 1251 1345 Cur
1288 1296 1512 1355 tandem,
1552 1295 1625 1342 in-

287 1377 471 1441 quam?
510 1393 573 1425 an
598 1383 875 1441 exspectas,
907 1375 1026 1440 quid
1051 1391 1145 1439 ego
1162 1373 1388 1439 judicem
1415 1374 1477 1422 de
1502 1374 1624 1433 istis,

288 1456 373 1521 qui
397 1457 488 1506 tibi
513 1465 629 1505 sunt
653 1473 810 1521 aeque
837 1456 963 1514 noti,
989 1472 1046 1504 ac
1073 1455 1228 1503 mihi?
1280 1454 1411 1502 Mihi
1434 1454 1627 1504 mehen-

289 1535 420 1595 cule‚
455 1535 635 1600 inquit,
674 1532 946 1581 Marcellus
985 1533 1101 1580 satis
1126 1540 1202 1581 est
1224 1540 1404 1592 notus3
1445 1532 1626 1581 Caesar

287 1622 453 1663 autem
492 1630 682 1678 parum.
755 1612 904 1660 Illum
935 1612 1068 1660 enim
1106 1629 1253 1676 saepe
1288 1611 1486 1659 audivi:
1523 1612 1625 1672 hic,

288 1710 403 1743 cum
440 1709 535 1758 ego
567 1690 796 1756 judicare
826 1690 932 1755 jam
975 1690 1161 1755 aliquid
1200 1707 1410 1755 possem,
1450 1690 1623 1739 abfuit.

290 1772 430 1831 Quid
453 1771 606 1837 igitur
632 1770 694 1819 de
719 1769 804 1818 illo
821 1769 1038 1834 judicas,
1064 1786 1210 1834 quem
1238 1786 1384 1833 saepe
1409 1769 1625 1818 audisti?

287 1851 429 1911 Quid
454 1867 645 1909 censes,
680 1849 860 1913 inquit,
896 1848 988 1896 nisi
1012 1849 1082 1907 id,
1119 1848 1254 1912 quod
1281 1847 1538 1896 habiturus
1575 1865 1626 1897 es

288 1931 499 1980 similem
522 1930 635 1978 tui?
683 1929 794 1977 Nae
820 1945 930 1993 ego,
968 1928 1189 1992 inquam,
1227 1929 1265 1975 si
1306 1928 1377 1976 ita
1418 1937 1509 1988 est,
1544 1947 1626 1978 ve-

290 2009 376 2057 lim
412 2009 502 2057 tibi
539 2025 653 2057 eum
683 2008 879 2073 placere
905 2024 1051 2072 quam
1077 2007 1307 2055 maxime.
1380 2006 1539 2071 Atqui
1576 2017 1627 2057 et

289 2091 359 2140 ita
384 2096 476 2149 est,
511 2088 690 2152 inquit,
727 2095 778 2135 et
800 2088 1123 2135 vehementer
1156 2085 1353 2150 placet:
1391 2103 1486 2134 nec
1510 2104 1628 2136 vero

291 2170 397 2218 sine
434 2185 596 2217 causa.
668 2168 798 2215 Nam
825 2175 875 2215 et
901 2167 1096 2225 didicit,
1133 2173 1202 2225 et,
1237 2166 1427 2214 omissis
1465 2175 1627 2215 caete-

290 2249 356 2297 ris
397 2248 590 2306 studiis,
632 2264 787 2295 unum
828 2247 881 2295 id
923 2247 1044 2311 egit,
1080 2263 1284 2310 seseque
1327 2247 1627 2311 quotidianis

292 2328 794 2378 commentationibus
819 2328 1057 2376 acerrime
1083 2327 1324 2375 exercuit.
1374 2326 1550 2391 Itaque
1577 2336 1628 2375 et

287 2409 430 2458 lectis
470 2409 626 2457 utitur
666 2408 827 2456 verbis
864 2416 915 2456 et
955 2406 1328 2472 frequentibus:
1375 2415 1426 2454 et
1467 2406 1627 2470 splen-

294 2489 414 2538 dore
438 2488 592 2547 vocis,
630 2496 680 2537 et
705 2488 948 2553 dignitate
978 2495 1142 2535 motus
1183 2486 1238 2534 fit
1273 2486 1552 2550 speciosum
1578 2494 1629 2534 et

292 2567 501 2627 illustre,
537 2567 671 2631 quod
695 2567 908 2615 dicitur:
947 2566 1210 2629 omniaque
1243 2565 1312 2612 sic
1337 2572 1629 2629 suppetunt,

294 2655 352 2695 ut
393 2647 439 2695 ei
479 2646 664 2694 nullam
708 2646 877 2694 deesse
918 2645 1154 2692 virtutem
1179 2644 1384 2691 oratoris
1423 2651 1627 2707 putem:

296 2726 610 2789 maximeque
643 2724 920 2772 laudandus
968 2731 1060 2782 est,
1115 2723 1212 2786 qui,
1262 2722 1358 2770 hoc
1407 2730 1630 2787 tempore

294 2807 417 2872 ipso,
456 2821 572 2854 cum
612 2804 780 2863 liceat,
822 2803 872 2850 in
915 2802 1010 2851 hoc
1054 2802 1305 2851 communi
1346 2809 1532 2861 nostro,
1580 2810 1631 2851 et

298 2886 436 2952 quasi
473 2884 611 2937 fatali
649 2883 797 2944 malo,
840 2881 1124 2933 consoletur
1160 2899 1210 2932 se
1237 2898 1351 2931 cum
1377 2881 1631 2950 conscien-
