2071 3508
787 368 1162 410 ORATORIBUS.
1564 375 1644 416 337

303 487 411 528 tum
436 477 651 527 maxime
677 477 879 541 cognita
906 486 994 534 est,
1038 495 1172 538 cum,
1210 478 1460 528 Lusitanis
1486 497 1513 528 a
1539 482 1642 531 Ser,

303 558 466 608 Galba
491 564 717 622 praetore
744 563 918 603 contra
937 556 1296 621 interpositam,
1319 566 1375 606 ut
1396 559 1644 608 existima-

300 638 461 693 batur,
488 635 656 692 fidem,
680 632 978 693 interfectis,
1014 635 1072 683 L.
1096 635 1289 685 Libone
1315 637 1516 685 tribuno
1542 639 1644 703 ple-

299 715 374 764 bis
397 711 636 778 populum
661 711 924 771 incitante,
946 720 996 761 et
1020 714 1330 778 rogationem
1351 716 1401 763 in
1428 716 1644 766 Galbam

297 791 544 858 privilegii
570 789 780 840 similem
805 789 1020 854 ferente,
1058 811 1250 842 summa
1275 804 1534 844 senectute
1562 784 1645 862 (ut

296 878 414 920 ante
455 868 585 931 dixi)
630 869 701 917 M.
748 870 875 919 Cato
912 871 1077 936 legem
1113 874 1326 924 suadens
1350 876 1400 923 in
1428 875 1644 924 Galbam

295 949 455 998 multa
479 950 639 998 dixit:
680 967 828 1015 quam
864 954 1141 1001 orationem
1176 952 1228 1001 in
1265 954 1501 1020 Origines
1533 960 1644 1004 suas

294 1029 486 1089 retulit,
509 1029 683 1094 paucis
708 1038 975 1095 antequam
1001 1041 1224 1081 mortuus
1251 1041 1343 1093 est,
1369 1051 1432 1082 an
1450 1035 1643 1096 diebus,

296 1127 360 1158 an
402 1110 671 1160 mensibus.
737 1110 870 1158 Tum
910 1111 1062 1175 igitur
1100 1130 1332 1162 recusans
1359 1114 1523 1164 Galba
1552 1134 1643 1181 pro

296 1206 421 1250 sese,
465 1197 516 1239 et
553 1189 745 1255 populi*
771 1190 985 1239 Romani
1027 1191 1176 1241 fidem
1213 1194 1498 1259 implorans,
1525 1213 1643 1244 cum

296 1287 409 1318 suos
456 1287 660 1336 pueros,
697 1278 805 1321 tum
848 1271 906 1319 C.
951 1271 1085 1320 Galli
1106 1274 1274 1321 etiam
1321 1274 1476 1322 filium
1518 1276 1643 1324 flens

297 1350 717 1410 commendabat3
757 1350 898 1416 cujus
934 1352 1117 1400 orbitas
1155 1361 1206 1401 et
1235 1353 1380 1402 fletus
1406 1355 1528 1404 mire
1555 1356 1643 1403 rni-

296 1429 516 1478 serabilis
553 1429 651 1478 fuit
691 1441 895 1495 propter
932 1439 1188 1480 recentem
1230 1435 1521 1482 memoriam
1547 1435 1643 1483 cla-

295 1509 474 1557 rissimi
520 1509 674 1574 patris
697 1528 708 1557 :
760 1510 900 1574 isque
948 1528 999 1559 se
1047 1520 1155 1560 tum
1205 1513 1387 1576 eripuit
1427 1514 1641 1573 flamma,

295 1596 501 1653 propter
542 1605 722 1654 pueros
770 1589 1108 1638 misericordia
1153 1591 1325 1655 populi
1375 1603 1643 1655 commota,

297 1669 428 1717 sicut
451 1668 586 1716 idem
612 1668 852 1733 scriptum
877 1669 1080 1732 reliquit
1115 1670 1261 1730 Cato,
1301 1680 1451 1736 atque
1493 1675 1644 1723 etiam

294 1749 458 1814 ipsum
500 1747 748 1796 Libonem
791 1765 892 1796 non
929 1747 1174 1798 infantem
1207 1749 1355 1800 video
1378 1752 1550 1814 fuisse,
1586 1764 1644 1804 ut

296 1846 361 1878 ex
385 1828 692 1877 orationibus
729 1827 834 1892 ejus
869 1828 1082 1894 intelligi
1106 1838 1288 1894 potest.
1362 1833 1490 1881 Cum
1517 1835 1642 1885 haec

296 1909 547 1968 dixissem,
589 1918 641 1959 et
664 1909 868 1975 paulum
904 1910 1352 1975 interquievissem,
1390 1915 1528 1972 Quid
1552 1916 1644 1980 igi-

294 1996 395 2049 tur,
420 1989 602 2055 inquit,
628 1998 704 2038 est
729 2007 924 2049 causae,
952 1991 1150 2048 Brutus,
1190 1993 1228 2040 si
1254 2001 1393 2042 tanta
1414 1995 1566 2043 virtus
1591 1996 1644 2044 in

298 2082 494 2122 oratore
520 2071 684 2121 Galba
707 2072 822 2131 fuit,
865 2089 954 2120 cur
996 2090 1054 2121 ea
1088 2073 1225 2122 nulla
1259 2075 1311 2122 in
1337 2076 1642 2126 orationibus

298 2152 403 2218 ejus
427 2153 699 2219 appareat?
737 2152 872 2217 quod
896 2152 1061 2201 mirari
1086 2169 1185 2202 non
1221 2172 1422 2219 possum
1463 2157 1516 2204 in
1552 2157 1643 2218 eis,

297 2234 383 2298 qui
408 2233 531 2281 nihil
555 2232 759 2282 omnino
783 2233 955 2298 scripti
979 2233 1303 2298 reliquerunt.

365 2312 478 2362 Nec
515 2313 648 2362 enim
688 2320 763 2361 est
804 2313 1000 2373 eadem,
1038 2313 1259 2379 inquam,
1294 2316 1467 2378 Brute,
1494 2335 1644 2369 causa
1677 2318 1786 2380 24«,

295 2409 397 2441 non
422 2392 691 2452 scribendi,
717 2400 769 2441 et
792 2408 893 2440 non
918 2400 1020 2440 tam
1044 2393 1174 2441 bene
1199 2396 1469 2456 scribendi,
1494 2416 1644 2463 quam

296 2473 530 2522 dixerint.
604 2474 737 2522 Nam
759 2472 1006 2521 ·videmus
1048 2473 1168 2523 alios
1210 2483 1428 2524 oratores
1464 2478 1644 2527 inertia

295 2551 419 2599 nihil
444 2552 716 2618 scripsisse,
747 2569 811 2600 ne
836 2552 1140 2601 domesticus
1165 2554 1315 2602 etiam
1338 2554 1478 2604 labor
1502 2574 1645 2607 acce-

297 2630 441 2680 deret
475 2631 540 2679 ad
574 2630 855 2691 forensem3
893 2632 1160 2698 pleraeque
1194 2634 1326 2682 enim
1360 2636 1645 2687 scribuntur

298 2711 548 2760 orationes
572 2711 770 2760 habitae
786 2711 912 2777 jam,
937 2729 1038 2761 non
1063 2721 1120 2761 ut
1144 2713 1421 2763 habeantur
1439 2717 1644 2767 :—·alios

298 2807 401 2840 non
424 2790 668 2851 laborare,
698 2800 757 2840 ut
780 2791 1010 2841 meliores
1033 2792 1187 2842 fiant:
1226 2793 1363 2843 nulla
1399 2797 1531 2845 enim
1567 2815 1645 2847 res

298 2878 497 2925 tantum
522 2871 587 2924 ad
611 2872 883 2924 dicendum
906 2872 1119 2941 proficit,
1147 2882 1390 2940 quantum
1416 2877 1642 2945 scriptio:

1287 2972 1320 3004 Y
