2071 3508
655 385 823 424 LIBER
854 383 1165 424 SECUNDUS.
1518 392 1592 428 125

258 495 380 544 illud
415 493 613 544 dicendi
650 493 968 556 studiumque
1009 492 1149 540 vixit.
1246 492 1589 558 Posteaquam,
1623 508 1702 550 95,

258 574 512 624 exstinctis
535 572 625 629 his,
664 572 823 620 omnis
848 588 1019 620 eorum
1044 571 1281 619 memoria
1306 574 1485 621 sensim
1511 576 1594 622 ob-

257 659 450 702 scurata
491 659 565 700 est
589 659 641 699 et
682 652 917 712 evanuit3
974 651 1068 699 alia
1108 651 1350 716 quaedam
1393 653 1596 701 dicendi

255 730 476 779 molliora
500 747 558 778 ac
594 731 870 779 remissiora
892 746 1078 795 genera
1112 731 1394 795 viguerunt.
1467 731 1595 780 Inde

255 808 614 869 Demochares,
663 826 811 874 quem
853 810 991 858 aiunt
1036 810 1211 857 sororis
1252 809 1407 858 filium
1442 809 1594 859 fuisse

254 888 640 937 Demosthenis:
706 897 814 937 tum
855 888 1120 937 Phalereus
1161 888 1243 936 ille
1287 889 1596 949 Demetrius,

254 968 476 1016 omnium
514 967 740 1027 istorum,
787 984 898 1016 mea
945 968 1208 1026 sententia,
1258 967 1597 1032 politissimus,

253 1046 433 1111 aliique
459 1063 630 1095 eorum
656 1046 837 1096 similes
874 1047 1188 1095 exstiterunt.
1263 1048 1406 1104 Quae
1444 1048 1481 1095 si
1515 1065 1597 1096 vo-

253 1123 411 1174 lemus
437 1143 593 1191 usque
629 1126 812 1175 adhoc
848 1133 1044 1190 tempus
1067 1126 1316 1191 persequi,
1351 1126 1597 1190 intellige-

255 1221 382 1265 mus,
417 1213 474 1253 ut
498 1205 647 1254 hodie
674 1204 1076 1254 Alabandensem
1113 1204 1251 1252 illum
1290 1204 1598 1266 Meneclem,

257 1292 306 1332 et
331 1284 436 1349 ejus
458 1283 664 1333 fratrem
692 1283 1000 1343 Hieroclem,
1037 1301 1158 1348 quos
1185 1301 1278 1348 ego
1303 1285 1488 1343 audivi,
1525 1293 1597 1333 to-

255 1369 308 1410 ta
330 1363 553 1412 imitetur
580 1363 734 1412 Asia:
773 1364 842 1412 sic
868 1380 1060 1428 semper
1084 1362 1234 1411 fuisse
1254 1363 1483 1427 aliquem,
1513 1381 1597 1412 cu-

246 1441 330 1505 jus
355 1461 405 1492 se
443 1444 623 1493 similes
657 1444 880 1509 plerique
917 1460 1021 1491 esse
1056 1442 1258 1491 vellent.
1332 1443 1481 1491 Hanc
1505 1443 1595 1507 igi-
1626 1456 1705 1499 96,

254 1529 337 1570 tur
361 1523 735 1571 similitudinem
778 1523 862 1587 qui
896 1523 1174 1571 imitatione
1210 1523 1404 1586 assequi
1441 1523 1592 1581 volet,

255 1608 361 1648 tum
388 1602 829 1651 exercitationibus
855 1602 1038 1650 crebris
1063 1609 1211 1666 atque
1236 1601 1446 1665 magnis,
1486 1610 1594 1650 tum

255 1681 518 1730 scribendo
559 1682 775 1730 maxime
815 1688 1156 1746 persequatur.
1245 1681 1398 1739 Quod
1435 1681 1475 1729 si
1512 1682 1596 1732 hic

255 1769 422 1810 noster
448 1760 694 1826 Sulpicius
717 1760 921 1817 faceret,
959 1760 1118 1809 multo
1155 1759 1259 1825 ejus
1284 1761 1440 1809 oratio
1466 1769 1597 1811 esset

254 1841 496 1905 pressior;
536 1841 587 1888 in
626 1857 724 1905 qua
763 1856 898 1888 nunc
940 1839 1208 1896 interdum,
1247 1847 1305 1888 ut
1342 1840 1394 1888 in
1431 1840 1598 1889 herbis

255 1921 428 1969 rustici
470 1920 631 1969 solent
672 1920 858 1978 dicere,
898 1920 951 1967 in
992 1935 1183 1967 summa
1216 1920 1444 1969 ubertate
1468 1920 1599 1969 inest

255 1997 475 2048 luxuries
500 1999 759 2063 quaedam,
798 2016 924 2064 quae
950 1998 1062 2047 stilo
1099 1999 1414 2064 depascenda
1438 2007 1527 2048 est.

327 2078 429 2127 Hic
455 2078 716 2142 Sulpicius,
757 2094 836 2126 me
862 2077 1079 2142 quidem,
1117 2078 1294 2142 inquit,
1332 2086 1470 2127 recte
1496 2095 1597 2127 mo-
1625 2091 1705 2137 97.

258 2174 363 2217 nes,
400 2158 550 2223 idque
574 2157 695 2205 mihi
718 2165 916 2221 gratum
942 2166 1016 2205 est
1038 2176 1049 2206 :
1090 2157 1177 2205 sed
1201 2174 1264 2205 ne
1300 2164 1352 2206 te
1377 2158 1598 2222 quidem,

261 2237 473 2297 Antoni,
492 2236 704 2286 multum
730 2236 1031 2301 scriptitasse
1057 2236 1281 2285 arbitror.
1337 2237 1470 2285 Tum
1495 2238 1597 2298 ille,

258 2317 395 2382 quasi
420 2333 556 2376 vero,
580 2316 760 2383 inquit,
789 2332 890 2364 non
915 2332 973 2364 ea
995 2316 1296 2381 praecipiam
1321 2315 1445 2376 aliis,
1471 2335 1597 2382 quae

259 2397 379 2445 mihi
403 2398 495 2463 ipsi
521 2397 716 2446 desint:
757 2396 845 2444 sed
879 2404 1048 2444 tamen
1084 2412 1146 2444 ne
1179 2395 1370 2444 tabulas
1396 2397 1597 2460 quidem

260 2477 505 2527 conficere
530 2476 815 2526 existimor:
854 2492 1027 2524 verum
1053 2483 1104 2524 et
1127 2476 1177 2523 in
1202 2476 1318 2535 hoc,
1354 2492 1417 2524 ex
1452 2494 1504 2524 re
1530 2476 1600 2524 fa-

260 2557 437 2605 miliari
460 2574 590 2616 mea,
626 2563 677 2605 et
700 2556 750 2604 in
775 2555 878 2615 illo,
920 2572 983 2604 ex
1008 2572 1067 2604 eo
1093 2555 1226 2619 quod
1252 2555 1384 2614 dico,
1421 2559 1598 2619 (quan-

259 2636 421 2685 tulum
446 2636 497 2684 id
523 2652 736 2700 cumque
773 2634 871 2696 est)
909 2634 1029 2699 quid
1066 2633 1245 2683 faciam
1272 2633 1489 2697 judicari
1513 2651 1598 2699 po-

261 2725 374 2766 test.
447 2716 617 2781 Atque
654 2732 758 2763 esse
794 2722 961 2763 tamen
998 2714 1177 2761 multos
1217 2713 1460 2772 videmus,
1513 2714 1596 2777 qui
1628 2725 1707 2770 98,

261 2797 512 2846 neminem
538 2796 808 2852 imitentur,
848 2803 898 2843 et
934 2802 1106 2859 suapte
1133 2801 1322 2850 natura,
1361 2793 1494 2858 quod
1518 2811 1598 2843 ve-

262 2875 374 2934 lint,
410 2875 514 2925 sine
540 2874 829 2941 cujusquam
855 2872 1175 2924 similitudine
1195 2881 1561 2939 consequantur
1582 2892 1594 2922 z
