2071 3508
457 393 537 437 526
854 392 1292 431 ANNOTATIONE-S
1320 392 1380 430 IN

456 501 559 538 vium
576 500 840 538 Romanorum
857 506 935 537 tam
954 498 1121 544 nomina,
1143 511 1257 550 quam
1276 510 1380 549 opes.
1437 496 1478 535 Si
1497 496 1580 548 quis
1600 495 1777 534 dominus

455 572 550 604 tunc
569 566 751 618 temporis
770 579 879 605 servo
899 580 968 604 suo
988 566 1171 618 permisit,
1200 573 1243 604 ut
1262 566 1301 603 in
1323 564 1462 603 civium
1483 576 1644 602 numero
1663 564 1712 601 ab
1731 563 1776 600 iis

454 633 740 684 magistratibus
759 641 1040 683 recenseretur,
1072 634 1102 670 is
1130 633 1227 671 liber
1245 632 1371 670 factus
1399 638 1482 669 est:
1511 631 1580 669 sed
1600 629 1699 667 inter
1713 631 1778 679 ju·-

455 700 703 738 risconsultos
724 701 992 751 quaerebatur,
1025 708 1155 738 utrum
1174 700 1360 744 continuo,
1390 699 1430 735 id
1449 706 1520 744 est,
1546 711 1592 735 eo
1611 697 1694 748 ipso
1714 695 1777 732 die

455 767 695 812 recensendi,
726 767 757 804 is
791 766 888 803 liber
913 774 1025 810 esset,
1046 778 1095 802 an
1114 765 1265 802 nonnisi
1284 771 1371 814 post
1391 771 1515 801 totum
1535 775 1693 800 censum
1712 761 1779 798 ab·

455 833 637 879 solutum,
668 832 744 870 sive
763 830 920 868 lustrum
940 830 1141 875 conditum,
1174 829 1278 880 quod
1297 830 1446 867 solenni
1464 829 1652 868 sacrificio
1671 827 1778 866 finie-

454 900 580 937 batur.
637 898 868 935 PEARcms.
1383 896 1388 901 '

440 1010 443 1011 ⁷
511 964 605 1014 Pag.
626 967 691 1002 63.
719 963 784 999 lin.
805 965 869 1000 30.
916 961 994 1013 qui,
1013 974 1093 999 cum
1114 960 1263 1013 ingenio
1283 960 1356 999 sibi
1371 968 1536 1008 auctore,
1557 963 1651 1011 ἄτη]
1701 960 1779 998 Lo-

457 1044 524 1069 cus
543 1029 607 1068 hic
626 1042 705 1066 non
720 1041 796 1066 una
814 1035 923 1079 parte
939 1027 1096 1065 vitiosus
1111 1027 1275 1065 videtur.
1331 1028 1503 1065 Primum
1517 1041 1597 1065 cum
1613 1027 1780 1065 alienum

456 1104 497 1135 et
522 1095 729 1134 delendum
757 1101 874 1145 put0;
913 1093 1068 1140 deinde,
1101 1106 1190 1131 curn
1219 1094 1395 1140 Pearcio,
1426 1094 1586 1132 verbum
1616 1099 1780 1139 auctore,

456 1163 561 1215 quod
580 1175 672 1200 sane
691 1161 865 1212 ineptum
885 1168 955 1199 est.
1012 1161 1106 1203 Quis
1137 1161 1191 1198 ita
1221 1160 1320 1198 dixit
1351 1161 1501 1212 ingenio
1529 1166 1681 1199 auctore
1709 1159 1782 1197 sihi

456 1229 627 1282 reperit?
683 1228 784 1266 Edd.
817 1242 846 1266 s.
875 1228 900 1266 1.
931 1235 972 1266 et
1003 1240 1036 1265 a.
1066 1227 1175 1265 Med.
1205 1227 1310 1278 Lips.
1343 1227 1488 1265 habent
1528 1226 1781 1279 peperissent,

457 1297 562 1348 quod
581 1303 640 1334 est
658 1295 908 1333 verissimum.
965 1295 1068 1338 Quid
1093 1308 1208 1346 porro
1235 1302 1306 1341 est,
1337 1294 1376 1332 in
1396 1293 1650 1347 respondendo
1656 1292 1784 1345 jure?

457 1372 502 1402 ut
530 1363 677 1415 vulgati
707 1363 862 1401 habent.
919 1362 1014 1405 Quis
1040 1362 1094 1400 ita
1122 1362 1247 1400 dixit?
1306 1361 1478 1400 Eaedem
1506 1361 1694 1399 editiones
1712 1359 1782 1397 ha-

455 1432 551 1470 bent
570 1431 718 1483 dejure
729 1446 746 1475 ;
777 1436 898 1467 recte.
955 1429 1007 1466 Et
1024 1429 1204 1466 videntur
1232 1428 1348 1466 etiam
1367 1430 1484 1466 verba
1516 1428 1580 1465 hic
1608 1435 1782 1477 transpo-

455 1497 542 1537 sita.
597 1497 719 1534 Totus
738 1496 845 1534 locus
866 1495 921 1533 sic
941 1502 999 1532 est
1020 1495 1334 1533 constituendus:
1362 1494 1542 1546 multique
1564 1499 1783 1546 praeterea,

458 1564 523 1616 qui
554 1562 706 1615 iugenio
740 1561 810 1600 sibi
843 1561 1065 1613 dignitatem
1091 1561 1337 1612 peperissent,
1360 1563 1601 1613 perficerunt
1633 1573 1783 1611 respon-

457 1630 578 1668 dendo
597 1629 759 1680 dejure,
789 1634 830 1665 ut
849 1628 1087 1672 auctoritate,
1110 1626 1201 1678 plus
1227 1628 1338 1665 etiam
1359 1642 1467 1679 quam
1489 1627 1654 1679 ingenio,
1685 1625 1784 1664 vale-

459 1702 556 1734 rent.
613 1696 796 1733 Ceterum
816 1701 966 1731 tantum
987 1693 1025 1729 in
1045 1701 1157 1731 textu
1178 1694 1431 1740 correximus,
1450 1694 1553 1744 quod
1571 1693 1675 1730 libris
1689 1704 1782 1730 auc-

459 1764 589 1801 toribu
625 1762 835 1813 potuimus.
895 1760 1132 1798 ERNESTUS.

515 1830 609 1880 Pag.
630 1832 694 1867 65.
722 1828 786 1864 lin.
807 1830 842 1867 7.
898 1841 971 1864 non
991 1832 1069 1863 tam
1089 1826 1282 1875 caduceo]
1336 1825 1539 1864 Caduceus
1558 1833 1642 1863 erat
1660 1825 1783 1876 virga,

462 1910 575 1948 quam
595 1895 750 1933 feciales
769 1894 968 1944 gerebant,
989 1906 1077 1930 cum
1097 1893 1146 1930 ad
1160 1893 1290 1930 hostes
1308 1893 1569 1930 Romanorum
1584 1892 1785 1930 mitteren-

462 1973 537 2011 tur,
559 1977 627 2001 seu
646 1962 736 2000 belli
764 1974 832 1998 seu
851 1961 957 2012 pacis
973 1973 1100 2006 causa,
1122 1973 1313 2011 quamque
1328 1973 1420 2010 prae
1440 1973 1480 1998 se
1498 1960 1666 1998 ferentes
1685 1959 1786 1998 sacri

461 2039 503 2070 et
531 2031 617 2068 ideo
649 2042 728 2066 non
761 2027 929 2065 violandi
961 2028 1207 2078 putabantur.
1255 2027 1485 2066 PEARcms.
1543 2027 1618 2069 Qui
1637 2026 1786 2077 virgam

461 2099 578 2144 illam,
599 2097 747 2147 insigne
766 2095 885 2146 pacis,
905 2095 1121 2146 gestabant,
1135 2102 1244 2131 erant
1259 2095 1345 2144 jure
1366 2095 1540 2145 gentium
1556 2095 1697 2145 ubique
1710 2094 1787 2132 tuti

463 2173 503 2204 et
521 2164 745 2202 incolumes.
802 2162 914 2200 Haec
934 2168 993 2199 est
1011 2174 1126 2212 porro
1146 2161 1259 2211 hujus
1288 2161 1363 2198 loci
1383 2162 1597 2199 sententia:
1641 2161 1783 2199 Orator

463 2245 542 2269 non
561 2239 639 2268 tam
653 2228 813 2267 oratoris
832 2241 1008 2280 persona,
1029 2241 1143 2279 quam
1159 2228 1340 2265 orationis
1355 2228 1586 2266 auctoritate
1602 2235 1709 2266 tutus
1722 2228 1787 2267 sit.

465 2299 700 2337 Pnosmus.

520 2366 614 2415 Pag.
643 2367 706 2404 71.
734 2363 799 2399 lin.
825 2364 861 2399 8.
916 2361 1105 2400 duodecim
1133 2361 1280 2413 scriptis
1308 2360 1472 2411 ludere]
1537 2361 1613 2399 Ali-i
1646 2362 1787 2413 legunt

464 2432 619 2483 scrupis.
678 2430 850 2480 Scriptus
879 2435 1009 2466 autem
1034 2436 1092 2466 est
1111 2429 1217 2479 lapis,
1255 2442 1330 2479 quo
1351 2430 1557 2467 utebantur
1575 2435 1725 2467 veteres
1745 2429 1789 2466 in

465 2500 540 2537 hoc
558 2497 636 2535 ludi
657 2509 811 2547 genere.
870 2495 1089 2533 Duodecim
1109 2495 1240 2546 scripti
1263 2495 1423 2533 totidem
1443 2495 1597 2533 sedibus
1617 2494 1789 2540 alternis,

466 2566 553 2603 albo
573 2572 613 2602 et
627 2563 736 2614 nigro
753 2562 881 2600 colore
897 2562 1066 2612 signatis,
1087 2562 1399 2614 disponebantur.
1455 2562 1534 2600 Hic
1553 2561 1665 2600 ludus
1684 2561 1786 2599 simi-

467 2632 511 2669 lis
531 2631 646 2668 fuisse
665 2629 817 2666 videtur
837 2628 1025 2666 hodierno
1045 2629 1150 2674 ludo,
1171 2629 1366 2681 drauglzts.

522 2699 616 2748 Pag.
636 2700 699 2737 75.
727 2696 792 2733 lin.
815 2698 875 2734 16.
932 2701 1109 2747 tanquam
1132 2696 1169 2733 itz
1182 2696 1378 2747 procinctu
1395 2702 1667 2742 testamentum,
1686 2697 1781 2746 δια]

468 2765 615 2803 Milites
647 2763 809 2800 Romani
829 2775 996 2814 pugnam
1017 2763 1268 2810 commissuri,
1298 2763 1418 2805 tribus
1443 2764 1662 2815 pluribusve
1681 2776 1786 2802 com-

470 2829 704 2869 militonibus
731 2829 989 2876 audientibus,
1032 2829 1216 2868 heredem
1249 2830 1446 2869 nominare
1480 2830 1654 2868 solebant
1684 2837 1727 2868 ut
1752 2828 1786 2868 si
1837 2824 1844 2832 ’

2061 1487 2071 1976 ῌΜΑψιὼ-ῌ-μῌᾉ
2068 1453 2071 1458 .
2070 1394 2071 1400 ᾼ
2069 1347 2071 1367 μ,
2070 1312 2071 1317 Α
2070 1240 2071 1258 μ
2070 1198 2071 1202 Α
