2071 3508
784 397 1001 448 TOPICA.
1484 411 1562 452 507

231 515 293 564 de
333 517 621 582 ponendum
663 522 771 574 est3
822 516 928 579 pari
964 514 1122 579 gloria
1160 514 1344 564 debent
1380 533 1484 565 esse
1509 518 1562 578 ii,

229 596 315 658 qui
341 596 624 653 consulunt,
661 603 711 642 et
748 593 798 650 ii,
838 594 921 657 qui
954 593 1248 642 defendunt.
1322 594 1394 642 At
1431 597 1564 660 quod

229 675 458 738 primum,
498 681 604 722 est:
649 673 784 737 quod
823 673 1046 737 sequitur
1082 673 1250 737 igitur.
1338 674 1568 724 Perfecta

228 760 306 800 est
346 753 503 801 omnis
541 760 947 817 argumentorum
982 752 1393 802 inveniendorum
1429 771 1567 819 prae-

226 831 415 894 ceptio,
456 839 530 891 ut,
573 848 688 880 cum
728 831 984 897 profectus
1027 832 1089 879 sis
1132 849 1160 880 a
1196 832 1502 893 definitione,
1539 852 1568 882 a

225 910 512 973 partitione,
554 929 583 960 a
606 912 878 969 notatione,
918 929 946 960 a
971 911 1264 977 conjugatis,
1301 930 1330 961 a
1363 931 1567 978 genere,

226 1005 258 1037 a
279 989 456 1050 forma,
495 1009 523 1039 a
560 992 901 1052 similitudine,
938 1010 966 1040 a
991 991 1286 1052 differentia,
1321 1011 1351 1041 a
1375 1003 1568 1043 contra-

225 1068 325 1126 riis,
364 1071 424 1119 ab
450 1071 716 1137 adjunctis,
758 1089 786 1121 a
811 1072 1248 1137 consequentibus,
1285 1074 1345 1121 ab
1370 1082 1568 1124 antece-

230 1146 482 1210 dentibus,
519 1169 548 1199 a
571 1152 982 1217 repugnantibus,
1009 1168 1036 1199 a
1062 1152 1238 1212 causiS,
1275 1153 1335 1201 ab
1361 1153 1568 1216 effectis,

229 1243 260 1274 a
305 1231 674 1294 comparatione
721 1230 983 1296 majorum,
1040 1232 1306 1292 minorum,
1357 1234 1569 1297 parium,

230 1306 367 1355 nulla
389 1317 647 1373 praeterea
671 1311 813 1359 sedes
838 1311 1118 1376 argumenti
1143 1313 1427 1376 quaerenda
1450 1315 1528 1363 sit.

301 1386 400 1435 Sed
447 1390 680 1453 quoniam
718 1390 788 1438 ita
834 1408 862 1440 a
899 1390 1144 1455 principio
1191 1391 1464 1453 divisimus,
1514 1401 1572 1445 ut

232 1465 352 1515 alios
375 1466 513 1516 locos
538 1469 816 1518 diceremus
839 1469 891 1517 in
916 1486 976 1518 eo
1001 1470 1125 1534 ipso,
1156 1470 1218 1519 de
1244 1488 1341 1536 quo
1366 1472 1573 1538 ambigi-

230 1553 328 1603 tur,
366 1546 588 1608 haerere,
630 1549 693 1597 de
734 1550 911 1613 quibus
950 1549 1065 1597 satis
1091 1556 1166 1598 est
1190 1550 1411 1612 dictum3
1452 1552 1572 1602 alios

231 1628 412 1675 assumi
437 1629 745 1677 extrinsecus
762 1649 776 1689 3
817 1628 879 1676 de
914 1628 972 1676 iis
995 1644 1157 1693 pauca
1181 1629 1433 1679 dicamus:
1479 1633 1572 1681 etsi

229 1722 290 1754 ea
326 1706 450 1754 nihil
487 1707 690 1755 omnino
728 1708 792 1755 ad
815 1714 1002 1757 vestras
1038 1707 1397 1773 disputationes
1421 1713 1571 1777 perti-

230 1793 388 1847 nent;
428 1786 515 1835 sed
539 1796 708 1835 tamen
742 1794 899 1835 totam
924 1804 1028 1836 rem
1051 1787 1383 1853 perficiamus,
1419 1809 1572 1856 quan-

231 1865 500 1930 doquidem
548 1867 819 1931 coepimus.
913 1867 1092 1931 Neque
1139 1868 1272 1916 enim
1319 1877 1374 1917 tu
1422 1870 1462 1918 is
1501 1889 1568 1930 es,

231 1961 380 2009 quem
419 1945 560 2005 nihil,
598 1946 691 1994 nisi
723 1945 806 2010 jus
849 1946 1012 2007 civile,
1049 1947 1301 1996 delectet:
1340 1958 1408 2010 et,
1452 1968 1571 2015 quo-

230 2024 365 2072 niam
389 2025 454 2073 ad
472 2032 522 2074 te
547 2025 671 2074 haec
696 2025 766 2073 ita
789 2026 1091 2086 scribuntur,
1126 2036 1184 2075 ut
1206 2028 1356 2076 etiam
1381 2030 1432 2077 in
1457 2027 1573 2080 alio-

234 2121 345 2152 rum
371 2121 544 2152 manus
581 2104 679 2153 sint
701 2111 929 2164 ventura,
966 2104 1112 2153 detur
1136 2123 1304 2171 opera,
1344 2116 1402 2156 ut
1426 2126 1574 2174 quam

233 2183 503 2250 plurimum
543 2184 620 2243 iis,
662 2200 783 2249 quos
808 2192 946 2232 recta
969 2185 1133 2233 studia
1156 2185 1425 2245 delectant,
1462 2206 1573 2253 pro-

237 2265 378 2313 desse
402 2263 660 2329 possimus.
723 2263 867 2311 Haec
892 2279 1012 2327 ergo
1036 2268 1419 2328 argumentatio,
1445 2284 1572 2333 quae

238 2343 423 2392 dicitur
464 2343 581 2391 artis
623 2358 817 2408 expers,
869 2342 921 2389 in
957 2333 1243 2392 testimonio
1282 2346 1444 2410 posita
1481 2355 1571 2396 est.

238 2423 605 2474 Testimonium
630 2430 797 2470 autem
821 2410 956 2470 nunc
981 2421 1210 2483 dicimus,
1248 2441 1414 2484 omne,
1440 2427 1574 2491 quod

236 2506 298 2554 ab
323 2504 486 2568 aliqua
503 2519 556 2550 re
575 2510 783 2551 externa
801 2501 1009 2550 sumitur
1023 2501 1087 2549 ad
1104 2501 1387 2552 faciendam
1406 2505 1571 2555 fidem.

240 2585 456 2632 Persona
513 2591 680 2630 autem
727 2597 827 2630 non
880 2579 1251 2646 qualiscumque
1302 2584 1574 2633 testimonii

239 2662 436 2728 pondus
476 2661 660 2710 habet:
701 2661 765 2708 ad
799 2659 1079 2709 faciendam
1116 2661 1248 2708 enim
1286 2660 1434 2710 fidem
1460 2681 1575 2713 auc,-

239 2742 413 2791 toritas
456 2741 708 2806 quaeritur
729 2759 740 2788 :
786 2739 874 2788 sed
897 2739 1246 2788 auctoritatem
1271 2749 1357 2790 aut
1379 2751 1574 2804 natura,

240 2829 327 2879 aut
350 2829 546 2886 tempus
571 2820 725 2869 affert.
786 2820 1007 2868 Naturae
1027 2819 1294 2869 auctoritas
1317 2820 1370 2870 in
1392 2821 1576 2873 virtute

238 2901 370 2961 ¹inest
409 2901 639 2952 maxime.
713 2899 774 2952 In
810 2907 1033 2965 tempore
1071 2906 1238 2950 autem
1263 2900 1419 2951 multa
1442 2908 1578 2970 sunt,

1609 1380 1709 1443 19.
