2071 3508
653 383 820 422 LIBER
850 383 1157 424 SECUNDUS.
1506 393 1581 430 153

249 495 391 554 mihi,
432 493 524 541 nisi
563 492 836 550 admonito,
875 493 1090 540 venisset
1129 493 1180 539 in
1219 502 1470 544 mentem:
1526 507 1582 547 ut

251 574 403 638 possis
428 571 727 630 existimare,
763 587 842 619 me
867 571 918 618 in
944 588 1019 629 ea,
1055 572 1107 618 in
1145 571 1321 636 quibus
1358 590 1583 623 nonnun-

248 668 393 717 quam
435 651 620 715 aliquid
658 650 851 699 efficere
890 651 1079 711 videor,
1116 668 1208 699 usu
1233 651 1390 700 solere
1426 653 1477 700 in
1515 655 1584 702 di-

248 731 426 789 cendo,
466 730 546 778 vel
583 747 699 778 casu
734 731 898 795 potius
934 732 1202 780 incurrere.
1274 732 1354 780 Ac
1380 749 1456 781 res
1481 734 1585 797 qui-

246 809 359 858 dem
384 809 491 866 ista,
536 826 682 873 quam
709 827 818 874 ego,
863 811 1102 874 quianon
1127 827 1315 868 noram,
1355 812 1440 868 sic,
1479 819 1585 860 tan-

245 905 392 954 quam
433 889 660 953 ignotum
699 890 969 949 hominem,
1004 891 1349 954 praeteribam,
1387 899 1583 940 tantum

243 975 410 1033 potest
433 968 483 1015 in
516 968 749 1028 dicendo,
783 978 839 1017 ut
875 970 939 1018 ad
973 969 1278 1018 vincendum
1315 971 1450 1019 nulla
1473 972 1584 1035 plus

243 1048 412 1112 possit.
486 1048 583 1095 Sed
618 1057 786 1097 tamen
823 1049 942 1096 mihi
978 1049 1159 1097 videris
1196 1057 1311 1097 ante
1336 1057 1532 1115 tempus
1557 1069 1585 1099 a
1621 1058 1727 1098 181.

246 1142 325 1174 me
364 1127 604 1175 rationem
647 1128 831 1176 ordinis
874 1136 924 1176 et
966 1128 1383 1192 disponendarum
1419 1146 1584 1178 rerum

245 1206 520 1270 requisisse.
592 1206 723 1255 Nam
749 1207 787 1255 si
813 1223 908 1271 ego
933 1223 1131 1254 omnem
1167 1207 1267 1254 vim
1303 1209 1508 1256 oratoris
1532 1209 1584 1257 in

247 1286 570 1349 argumentis,
609 1294 660 1333 ct
700 1286 751 1332 in
790 1302 841 1333 re
883 1286 988 1350 ipsa
1022 1302 1109 1350 per
1140 1302 1190 1334 se
1217 1287 1585 1351 comprobanda

246 1365 533 1428 posuissem,
573 1372 768 1429 tempus
810 1372 937 1412 esset
975 1364 1080 1428 jam
1123 1365 1184 1412 de
1232 1364 1405 1412 ordine
1441 1383 1584 1430 argu-

246 1452 546 1502 mentorum,
590 1451 640 1491 et
679 1443 740 1491 de
790 1438 1116 1491 collocatione
1164 1442 1351 1507 aliquid
1398 1443 1582 1493 dicere.

248 1521 346 1570 Sed
371 1539 485 1569 cum
524 1523 618 1570 tria
658 1522 756 1570 sint
796 1539 826 1569 a
859 1539 938 1570 me
961 1521 1232 1586 proposita,
1269 1521 1332 1570 de
1357 1539 1457 1572 uno
1483 1523 1586 1574 dic-

244 1606 351 1647 tum
371 1620 383 1660 ;
413 1617 527 1649 cum
548 1600 611 1649 de
628 1600 821 1649 duobus
836 1600 1036 1666 reliquis
1055 1601 1243 1658 dixero,
1262 1608 1370 1649 tum
1390 1603 1484 1651 erit
1503 1603 1585 1653 de-

243 1678 393 1743 nique
419 1679 482 1727 de
507 1679 815 1745 disponenda
839 1687 945 1728 tota
963 1680 1185 1729 oratione
1204 1682 1560 1746 quaerendum.

310 1757 462 1807 Valet
484 1759 637 1824 igitur
677 1759 889 1808 multum
930 1760 993 1808 ad
1029 1757 1350 1817 vincendum,
1388 1762 1583 1826 probari
1615 1756 1722 1817 4⁴3.

245 1853 424 1896 moreS,
449 1837 694 1897 instituta,
732 1846 782 1887 et
806 1838 954 1896 facta,
997 1847 1047 1887 et
1081 1839 1234 1888 vitam
1274 1856 1459 1896 eorum,
1499 1842 1583 1905 qui
1620 1851 1727 1891 182.

246 1923 398 1980 agent
422 1934 612 1976 causas,
638 1925 690 1965 et
715 1934 904 1977 eorum,
922 1935 1013 1982 pro
1033 1918 1242 1982 quibus3
1282 1926 1334 1967 et
1350 1918 1471 1968 item
1496 1920 1584 1968 im-

243 1996 440 2060 probari
466 1997 855 2046 adversariorum
877 2017 891 2057 ;
925 1997 1212 2062 animosque
1238 2015 1426 2057 eorum,
1452 2000 1585 2064 apud

247 2091 370 2139 quos
394 2075 572 2140 agitur,
601 2076 852 2125 conciliari
878 2092 1024 2140 quam
1051 2077 1266 2125 maxime
1285 2077 1348 2125 ad
1371 2079 1584 2128 benevo-

245 2153 469 2214 lentiam,
512 2171 625 2203 cum
665 2172 783 2219 erga
824 2163 1087 2214 oratorem,
1125 2162 1233 2203 tum
1272 2172 1391 2220 erga
1425 2156 1583 2218 illum,

245 2249 336 2298 pro
361 2249 458 2298 quo
484 2234 620 2282 dicet
644 2241 821 2282 orator.
873 2234 1215 2283 Conciliantur
1239 2243 1406 2284 autem
1432 2237 1583 2285 animi

245 2311 490 2376 dignitate
536 2312 767 2373 hominis,
809 2315 954 2362 rebus
999 2313 1167 2378 gestis,
1217 2314 1582 2364 existimatione

243 2392 407 2452 vitae3
468 2408 596 2456 quae
637 2391 830 2441 facilius
872 2392 1034 2440 ornari
1074 2402 1300 2457 possunt,
1349 2394 1387 2442 si
1434 2395 1584 2443 modo

247 2479 380 2530 sunt,
405 2488 551 2536 quam
577 2471 715 2537 fingi,
752 2472 790 2519 si
815 2472 952 2520 nulla
976 2480 1105 2521 sunt.
1178 2473 1276 2522 Sed
1299 2474 1423 2522 haec
1448 2473 1583 2537 adju-

246 2558 365 2598 vant
403 2551 454 2597 in
496 2558 708 2610 oratore,
747 2550 924 2598 lenitas
964 2552 1118 2611 vocis,
1156 2552 1340 2611 vultus,
1382 2553 1582 2617 pudoris

247 2629 556 2694 significatio,
601 2629 860 2676 verborum
901 2631 1141 2678 comitas:
1187 2631 1226 2678 si
1264 2632 1383 2695 quid
1420 2649 1582 2696 perse-

249 2725 399 2773 quare
425 2709 599 2763 acrius‚
640 2715 695 2755 ut
729 2708 912 2756 invitus
949 2716 1001 2756 et
1032 2717 1236 2757 coactus
1259 2708 1425 2758 facere
1449 2711 1582 2760 vidc-

248 2804 347 2836 are.
440 2786 730 2845 Facilitatis,
788 2786 1113 2847 liberalitatis,
1172 2789 1582 2848 mansuetudini&

245 2866 464 2932 pietatis,
488 2866 615 2930 grati
652 2866 816 2924 animi,
854 2883 954 2917 non
978 2868 1272 2934 appetentis,
1309 2885 1409 2916 non
1434 2869 1580 2925 avidi,
