2071 3508
766 398 933 438 LIBER
961 398 1188 438 PRIMUS.
1590 407 1641 445 73

304 512 524 576 itemque
549 526 623 569 ea,
666 525 792 573 quae
827 508 980 574 vulgo
1018 509 1301 574 expetenda
1331 518 1479 574 atque
1506 523 1641 578 opta.

306 591 422 639 bilia
445 590 693 647 videntur,
731 588 946 636 dicendo
982 588 1249 653 amplificat
1286 597 1435 654 atque
1460 602 1637 653 ornat3

304 685 464 732 neque
489 668 596 716 vult
613 668 683 715 ita
707 668 899 734 sapiens
925 668 1054 716 inter
1079 667 1253 716 stultos
1269 668 1444 729 videri,
1463 671 1537 719 uti
1557 673 1640 736 qui

303 747 525 807 audiant,
561 754 647 795 aut
681 747 819 794 illum
850 748 1076 812 ineptum
1119 755 1169 796 et
1205 747 1511 797 Graeculum
1553 768 1641 815 pu-

300 832 441 887 tent,
481 833 586 887 aut,
624 827 816 875 etiamsi
850 826 994 875 valde
1018 828 1231 892 probent
1254 827 1511 892 ingenium
1537 847 1641 878 ora-

301 907 441 966 toris,
467 907 757 971 sapientiam
782 906 1109 966 admirentur,
1134 924 1185 956 se
1206 924 1311 956 esse
1337 908 1512 957 stultos
1538 927 1641 959 mo-

304 987 429 1035 leste
453 986 645 1046 ferant:
684 987 772 1035 sed
795 987 866 1035 ita
887 995 1119 1052 peragrat
1152 1005 1243 1052 per
1271 989 1460 1037 animos
1487 989 1640 1039 homi·
1657 990 1769 1030 222·

303 1083 442 1126 num,
483 1067 553 1115 ita
587 1083 758 1115 sensus
793 1074 1085 1132 mentesque
1121 1075 1411 1132 pertractat,
1455 1077 1511 1118 ut
1541 1087 1643 1119 non

304 1146 554 1195 desideret
597 1146 1003 1212 philosophorum
1052 1147 1428 1212 descriptiones,
1481 1166 1644 1214 neque

306 1226 534 1291 exquirat
558 1227 798 1286 oratione,
835 1244 1081 1287 summum
1106 1227 1230 1275 illud
1253 1229 1441 1276 bonum
1466 1229 1516 1276 in
1543 1230 1644 1276 ani-

306 1322 453 1354 mone
486 1307 567 1365 sit,
603 1323 665 1355 an
706 1307 758 1354 in
794 1323 1032 1371 corpore3
1071 1306 1274 1366 virtute,
1299 1324 1362 1367 an
1387 1307 1644 1372 voluptate

308 1384 602 1434 definiatur:
642 1403 704 1434 an
742 1386 865 1434 haec
895 1386 1025 1433 inter
1063 1402 1114 1433 se
1144 1385 1293 1450 jungi
1324 1386 1645 1451 copularique

307 1465 497 1530 possint
517 1486 530 1525 3
559 1482 621 1513 an
647 1482 781 1523 vero,
801 1472 857 1512 ut
877 1463 1171 1528 quibusdam
1195 1465 1373 1523 visum,
1393 1465 1517 1512 nihil
1543 1483 1646 1515 cer-

306 1551 415 1591 tum
440 1544 571 1602 sciri,
598 1543 718 1591 nihil
742 1543 889 1608 plane
916 1543 1153 1608 cognosci
1179 1551 1229 1592 et
1246 1545 1437 1609 percipi
1455 1546 1610 1610 possit
1631 1565 1643 1598 ε

307 1638 514 1687 quarum
538 1639 702 1670 rerum
733 1621 893 1670 fateor
930 1640 1182 1688 magnam,
1218 1623 1646 1690 multiplicemque

305 1718 410 1751 esse
436 1701 765 1767 disciplinam,
808 1710 860 1751 et
894 1702 1093 1763 multaS,
1125 1703 1366 1768 copiosas,
1391 1704 1647 1770 variasque

306 1782 536 1830 rationeS.
587 1782 686 1830 Sed
709 1781 845 1830 aliud
870 1783 1127 1847 quiddam,
1151 1782 1301 1848 longe
1327 1783 1480 1844 aliud,
1507 1785 1646 1834 Cras·
1663 1798 1774 1838 223.

304 1877 376 1922 se,
401 1862 681 1926 quaerimus
702 1880 715 1910 ι
753 1870 902 1910 acuto
926 1861 1128 1911 homine
1153 1863 1294 1912 nobis
1320 1881 1442 1928 opus
1468 1872 1561 1925 est,
1599 1873 1649 1915 et

306 1948 484 2007 natura
507 1958 698 2006 usuque
725 1940 922 2001 callido,
949 1942 1032 2005 qui
1058 1943 1301 2006 sagaciter
1324 1945 1648 2009 pervestiget,

307 2020 430 2084 quid
454 2021 528 2069 sui
553 2021 704 2079 cives,
727 2020 860 2084 iique
886 2020 1128 2081 homines,
1165 2022 1341 2086 quibus
1367 2022 1554 2086 aliquid
1579 2024 1649 2072 di-

310 2101 472 2149 cendo
496 2100 793 2166 persuadere
832 2100 971 2159 velit,
1012 2102 1256 2165 cogitent,
1287 2103 1522 2162 sentiant,
1549 2104 1650 2168 opi-

308 2187 512 2241 nentur,
553 2187 864 2245 exspectent.
936 2180 1132 2229 Teneat
1170 2189 1368 2246 oportet
1391 2199 1541 2230 venas
1568 2199 1649 2231 cu-
1668 2171 1771 2232 52.

299 2258 483 2325 jusque
506 2260 722 2325 generis,
760 2260 955 2318 aetatis,
985 2260 1189 2319 ordinis,
1226 2268 1277 2309 et
1303 2278 1492 2321 eorum,
1519 2263 1652 2326 apud

306 2355 431 2405 quos
455 2339 641 2405 aliquid
665 2348 800 2404 aget,
835 2348 922 2388 aut
947 2340 1040 2388 erit
1068 2348 1288 2400 acturus,
1323 2335 1517 2390 mentes
1543 2358 1648 2390 sen-

307 2437 488 2486 susque
526 2420 773 2485 degustet.
847 2420 1259 2485 Philosophorum
1295 2430 1461 2471 autem
1497 2422 1646 2470 libros
1662 2433 1773 2475 2524.

307 2507 530 2550 reservet
553 2500 644 2548 sibi
669 2499 733 2548 ad
756 2497 1101 2563 hujuscemodi
1127 2500 1400 2548 Tusculani
1425 2501 1646 2564 requiem

308 2586 460 2643 atque
486 2579 642 2626 otium
664 2600 676 2638 ;
706 2595 787 2637 ne,
813 2579 852 2625 si
878 2579 1077 2642 quando
1103 2579 1147 2627 ei
1173 2579 1443 2627 dicendum
1469 2580 1563 2627 erit
1588 2579 1650 2628 de

301 2657 499 2723 justitia
534 2665 585 2705 et
619 2656 736 2716 fide,
771 2665 1027 2705 mutuetur
1062 2675 1090 2705 a
1129 2657 1367 2718 Platone;
1408 2658 1511 2722 qui,
1537 2675 1649 2706 cuin

312 2737 437 2786 haec
491 2735 814 2801 exprimenda
858 2736 1020 2784 verbis
1074 2736 1412 2796 arbitraretur,
1471 2753 1649 2786 novam

312 2815 562 2881 quandam
586 2814 730 2864 finxit
753 2816 804 2863 in
829 2814 964 2863 libris
991 2815 1242 2864 civitatem
1262 2834 1273 2864 :
1302 2833 1457 2882 usque
1475 2833 1534 2865 eo
1549 2817 1650 2878 illa,

314 2912 441 2962 quae
462 2895 678 2947 dicenda
701 2894 763 2945 de
779 2893 976 2961 justitia
997 2895 1224 2963 putabat,
1244 2913 1272 2944 a
1290 2896 1420 2946 vitae
1446 2913 1649 2947 consue-
