2071 3508
261 696 371 739 159.

264 1548 369 1608 35.

264 1643 286 1681 1
296 1641 375 1683 60.

266 2117 374 2161 161.

402 436 455 472 50
877 435 952 474 DE
981 437 1250 476 ORATORE

403 542 572 591 trarias
608 550 804 607 partes3
843 552 910 604 et,
947 546 1180 610 quicquid
1216 546 1307 594 erit
1341 545 1390 592 in
1427 563 1618 610 quaque
1655 563 1728 605 re,

405 621 537 686 quod
577 621 825 684 probabile
863 623 1017 672 videri
1051 625 1221 688 possit,
1257 624 1554 672 eliciendum
1579 634 1727 688 atque

406 701 687 749 dicendum.
766 702 1150 750 perdiscendum
1188 702 1270 767 jus
1318 703 1493 762 civile3
1547 705 1771 767 cogno-i

403 781 615 828 scendae
654 780 822 844 leges3
873 781 1189 845 percipienda
1231 781 1387 827 omnis
1428 782 1726 844 antiquitas3

404 859 645 908 senatoria
672 860 995 917 consuetudo,
1013 859 1267 922 disciplina
1284 859 1599 922 reipublicae,
1616 859 1729 922 jura
1772 924 1775 925 ⁷

405 938 667 995 sociorum,
692 936 909 995 foedera,
934 938 1206 1000 pactiones,
1231 954 1375 984 causa
1400 926 1729 1000 imperii'cog-

404 1015 654 1063 noscenda
679 1024 768 1063 est.
837 1015 1090 1063 Libandus
1127 1016 1273 1063 etiam
1299 1032 1360 1063 ex
1386 1016 1518 1062 omni
1548 1031 1731 1078 genere

404 1094 695 1141 urbanitatis
730 1093 1018 1142 facetiarum
1055 1094 1252 1157 quidam
1284 1093 1437 1157 lepos,
1476 1111 1592 1157 quo,
1627 1102 1732 1141 tan-

405 1188 552 1235 quam
594 1172 710 1230 sale,
752 1181 1096 1236 perspergatur
1136 1173 1291 1220 omnis
1327 1172 1497 1219 oratio.
1568 1172 1733 1220 Effudi

404 1250 543 1297 vobis
590 1250 771 1308 omnia,
819 1267 943 1313 quae
991 1251 1292 1309 sentiebam3
1345 1268 1469 1314 quae
1509 1250 1734 1310 fortasse,

405 1345 752 1393 quemcunque
775 1327 1173 1393 patremfamilias
1197 1328 1518 1392 arripuissetis
1555 1346 1616 1377 ex
1651 1329 1735 1378 ali-

407 1424 505 1470 quo
547 1406 751 1465 circulo,
794 1407 965 1455 eadem
1012 1407 1150 1455 vobis
1189 1408 1628 1471 percunctantibus
1662 1423 1734 1456 re-

407 1488 700 1552 spondisset.

477 1567 619 1615 Haec
646 1583 758 1615 cum
785 1566 985 1614 Crassus
1010 1563 1229 1622 dixisset,
1249 1563 1497 1612 silentium
1522 1572 1596 1619 est
1620 1581 1736 1612 con-

408 1654 648 1694 secutum.
721 1645 818 1693 Sed
842 1661 1119 1708 quanquam
1145 1644 1261 1691 satis
1293 1643 1370 1701 iis,
1406 1643 1488 1706 qui
1513 1644 1735 1703 aderant,

407 1725 470 1771 ad
504 1724 575 1783 id,
612 1724 745 1788 quod
770 1732 873 1771 erat
896 1724 1219 1787 propositum,
1246 1722 1433 1770 dictum
1457 1723 1732 1780 videbatur,

407 1810 574 1850 tamen
600 1803 878 1851 sentiebant
903 1802 1109 1849 celerius
1134 1818 1237 1849 esse
1262 1800 1438 1859 multo,
1474 1818 1619 1866 quam
1643 1801 1735 1866 ipsi

406 1881 610 1940 vellent,
636 1883 694 1928 ab
722 1899 780 1928 eo
804 1888 1101 1944 peroratum.
1157 1881 1288 1928 Tum
1310 1880 1561 1940 Scaevola,
1600 1879 1737 1937 Quid

407 1967 500 2018 est,
527 1959 713 2007 Cotta?
749 1959 942 2022 inquit3
983 1958 1101 2021 quid
1130 1958 1338 2006 tacetis?
1374 1958 1560 2006 nihilne
1598 1958 1738 2007 vobis

406 2036 457 2085 in
494 2046 711 2086 mentem
753 2036 907 2094 venit,
947 2035 1080 2099 quod
1116 2044 1370 2099 praeterea
1406 2054 1434 2084 a
1464 2036 1638 2085 Crasso
1662 2054 1737 2087 re-

408 2119 642 2182 quiratis?
682 2117 840 2162 Immo
864 2114 916 2160 id
940 2113 1240 2171 mehercule,
1271 2114 1449 2177 inquit,
1484 2116 1644 2178 ipsum
1669 2123 1739 2163 at-

407 2199 575 2246 tendo.
647 2195 838 2242 Tantus
880 2192 1011 2238 enim
1051 2208 1219 2238 cursus
1242 2194 1503 2240 verborum
1538 2192 1653 2252 fuit,
1688 2201 1740 2242 et

409 2279 478 2326 sic
518 2272 729 2324 evolavit
764 2269 938 2326 oratio,
979 2275 1035 2314 ut
1072 2267 1175 2330 ejus
1198 2268 1297 2316 vim
1322 2276 1470 2332 atque
1494 2270 1739 2320 incitatio-

409 2371 523 2404 nem
550 2349 892 2415 adspexerim3
930 2345 1138 2408 vestigia
1161 2345 1532 2411 ingressumque
1560 2347 1644 2396 vix
1668 2350 1740 2399 vi..

411 2434 597 2482 derim:
643 2439 693 2479 et
733 2437 967 2491 tanquam
1006 2426 1056 2472 in
1092 2424 1303 2489 aliquam
1338 2425 1637 2491 locupletem
1679 2444 1738 2478 ac

408 2512 640 2561 refertam
683 2509 883 2556 domum
918 2503 1156 2563 venerim,
1191 2520 1291 2552 non
1316 2505 1562 2570 explicata
1583 2515 1737 2565 veste,

409 2607 572 2655 neque
595 2587 846 2653 proposito
871 2592 1093 2648 argento,
1113 2599 1273 2647 neque
1297 2583 1494 2644 tabulis,
1513 2594 1564 2634 et
1588 2586 1741 2651 signis

410 2668 661 2734 propalam
710 2663 978 2721 coflocaffis,
1037 2662 1123 2710 sed
1168 2661 1243 2710 his
1289 2663 1516 2712 omnibus
1571 2665 1738 2715 multis

383 2747 782 2809 {magnificisque
823 2743 967 2790 rebus
1005 2741 1317 2800 constructis,
1353 2758 1410 2791 ac
1434 2743 1736 2794 reconditis:

364 2878 366 2881 ,
413 2825 482 2873 sic
508 2827 673 2883 modo,
698 2826 749 2871 in
774 2822 993 2871 oratione
1013 2820 1191 2879 Crassi,
1211 2820 1404 2868 divitias
1427 2829 1574 2886 atque
1598 2838 1736 2870 orna.

413 2911 583 2956 menta
605 2902 707 2968 ejus
729 2901 917 2967 ingenii
939 2916 1028 2966 per
1051 2899 1292 2965 quaedam
1314 2899 1567 2951 involucra
1589 2908 1738 2966 atque
