2071 3508
308 1168 414 1228 44.

455 432 535 471 362
965 427 1041 466 DE
1072 424 1270 467 CLARIS

455 545 586 587 esset
609 538 672 595 Q.
715 536 964 601 Caepione
989 535 1190 584 consule
1231 540 1375 582 natus
1411 540 1461 580 et
1497 532 1553 580 C.
1591 529 1780 589 Laelio,

454 617 669 666 triennio
692 616 798 681 ipso
839 615 1016 674 minor,
1058 630 1206 677 quam
1233 610 1511 660 Antonius:
1553 609 1686 673 quod
1708 607 1781 656 id-

453 696 589 745 circo
612 695 771 760 posui,
805 702 862 742 ut
903 693 1101 741 dicendi
1137 691 1314 749 Latine
1349 690 1505 755 prima
1528 687 1784 736 maturitas

453 773 506 821 in
532 791 627 838 qua
651 780 811 820 aetate
838 771 1122 828 exstitisset,
1146 776 1311 833 posset
1334 767 1492 816 notari
1513 786 1526 826 3
1566 774 1616 813 et
1639 762 1782 812 intel-

453 851 691 916 figeretur
739 850 843 915 jam
885 849 948 897 ad
983 864 1227 899 summum
1262 863 1389 912 pene
1425 862 1531 894 esse
1570 843 1780 909 perduc-

452 937 573 988 tam,
609 938 665 977 ut
690 946 748 978 eo
790 928 910 975 nihil
933 927 1088 975 ferme
1113 926 1368 990 quisquam
1393 924 1574 972 addere
1597 928 1782 986 posset,

453 1008 545 1055 nisi
571 1008 654 1071 qui
695 1026 723 1054 a
746 1005 1071 1071 philosophia,
1107 1021 1135 1052 a
1160 1003 1273 1067 jure
1309 1002 1461 1061 civili,
1495 1003 1554 1050 ab
1580 999 1782 1049 historia

452 1085 626 1134 fuisset
648 1084 948 1133 instructior,

520 1168 640 1223 Erit,
662 1166 822 1230 inquit
848 1165 922 1213 M.
951 1165 1150 1224 Brutus,
1175 1173 1260 1214 aut
1274 1165 1378 1230 jam
1403 1173 1478 1212 est
1499 1164 1612 1222 iste,
1631 1179 1779 1227 quern

451 1245 742 1310 exspectas?
779 1244 982 1302 Nescio,
1017 1244 1233 1307 inquam.
1305 1243 1403 1291 Sed
1427 1250 1501 1290 est
1537 1242 1686 1290 etiam
1718 1241 1779 1290 L.

449 1327 613 1375 Crassi
654 1327 703 1373 in
744 1324 1021 1382 consulatu,
1061 1340 1151 1388 pro
1195 1323 1257 1380 Q.
1299 1321 1568 1386 Caepione,
1611 1319 1789 1369 defen..

451 1405 587 1452 sione
620 1402 816 1467 juncta,
852 1418 952 1450 non
975 1401 1157 1460 brevis,
1192 1409 1249 1449 ut
1271 1399 1505 1456 laudatio,
1542 1407 1600 1447 ut
1623 1398 1779 1448 oratio

450 1491 634 1541 autem,
687 1480 867 1539 brevis,
913 1487 1159 1544 postrema
1207 1477 1422 1526 censoris
1462 1478 1634 1534 oratio,
1683 1494 1781 1542 qua

450 1577 579 1608 anno
606 1557 1177 1622 duodequinquagesimo
1200 1573 1317 1605 usus
1341 1564 1429 1604 est.
1501 1555 1562 1603 In
1580 1555 1655 1605 his
1679 1573 1781 1604 om-

448 1639 593 1687 nibus
617 1638 746 1685 inest
770 1635 968 1700 quidam
990 1635 1097 1682 sine
1117 1634 1217 1681 ullo
1240 1633 1358 1681 fuco
1382 1633 1602 1682 veritatis
1627 1633 1777 1683 color.

451 1717 587 1774 Quin
626 1716 774 1764 etiam
813 1713 1206 1778 comprehensio,
1248 1720 1299 1760 et
1333 1713 1544 1760 ambitus
1567 1712 1650 1761 ille
1673 1729 1779 1761 ver-

447 1796 622 1843 borum
666 1794 729 1858 (si
768 1793 837 1841 sic
873 1793 1131 1857 periodum
1174 1790 1406 1856 appellari
1447 1790 1636 1856 placet)
1673 1801 1778 1842 erat

449 1873 581 1937 apud
604 1872 742 1920 illum
762 1865 1069 1929 contractus,
1106 1878 1157 1918 et
1173 1870 1334 1918 brevis
1355 1890 1368 1930 3
1408 1878 1459 1917 et
1482 1869 1533 1917 in
1557 1872 1778 1920 membra

448 1951 704 2017 quaedam,
745 1967 868 2015 quae
894 1949 994 1994 κῶλα
1019 1950 1202 1998 Graeci
1226 1957 1421 2005 vocant,
1457 1948 1777 2014 dispertiebat

447 2030 719 2078 orationem
743 2028 1006 2077 lubentius.
1080 2028 1194 2076 Hoc
1232 2027 1344 2077 loco
1370 2028 1565 2084 Brutus,
1608 2027 1775 2085 Quan-

448 2108 715 2172 doquidem
757 2116 813 2155 tu
849 2108 967 2155 istos
1008 2115 1243 2165 oratores,
1292 2107 1470 2171 inquit,
1517 2114 1775 2172 tantopere

446 2186 636 2254 laudas,
676 2186 854 2234 vellem
895 2186 1080 2250 aliquid
1119 2185 1361 2244 Antonio,
1401 2195 1596 2250 praeter
1634 2185 1773 2236 illum

447 2264 510 2313 de
535 2265 724 2312 ratione
763 2265 960 2312 dicendi
997 2281 1112 2312 sane
1148 2265 1324 2313 exilem
1360 2264 1599 2324 libellum,
1632 2265 1775 2329 plura

447 2342 623 2391 Crasso
661 2342 882 2390 libuisset
923 2343 1169 2391 scribere:
1220 2360 1334 2391 cum
1372 2343 1504 2391 enim
1544 2343 1771 2392 omnibus

445 2421 730 2468 memoriam
773 2421 861 2476 sui,
904 2429 1010 2468 tum
1047 2421 1194 2469 etiam
1220 2420 1526 2486 disciplinam
1552 2421 1769 2481 dicendi,

444 2499 585 2547 nobis
609 2498 932 2562 reliquissent.
1005 2499 1135 2547 Nam
1161 2499 1424 2548 Scaevolae
1450 2499 1649 2548 dicendi
1673 2498 1768 2548 ele-

443 2577 662 2641 gantiam
705 2578 818 2624 satis
861 2593 922 2625 ex
958 2577 1015 2625 iis
1056 2578 1371 2635 orationibus,
1411 2594 1528 2643 quas
1552 2577 1767 2642 reliquit,

442 2655 679 2703 habemus
714 2655 980 2718 cognitam.
1068 2655 1134 2703 Et
1175 2673 1283 2720 ego,
1336 2656 1466 2704 Mihi
1504 2656 1703 2721 quidem
1737 2672 1767 2706 a

440 2734 652 2798 pueritia
692 2734 827 2796 quasi
863 2734 1096 2797 magistra
1117 2733 1232 2794 fuit,
1267 2735 1481 2799 inquam,
1518 2734 1600 2782 illa
1621 2734 1675 2782 in
1696 2733 1764 2783 le-

441 2828 555 2874 gem
595 2812 854 2876 Caepionis
896 2813 1084 2861 oratio:
1122 2813 1172 2861 in
1209 2830 1304 2878 qua
1328 2822 1379 2861 et
1402 2813 1666 2862 auctoritas
1688 2828 1763 2861 or-

441 2899 586 2947 natur
609 2900 825 2952 senatUS‚
866 2907 964 2956 quo
996 2908 1087 2958 pro
1110 2892 1283 2944 ordine
1304 2892 1389 2943 illa
1411 2892 1643 2946 dicuntur
1655 2911 1673 2956 5
1711 2898 1762 2942 et
