2071 3508
531 449 609 486 514
1083 446 1297 486 ΤΟΡῙΟΑ,

534 554 690 602 oratio
715 561 803 602 est.
874 554 1000 602 Cum
1026 563 1189 602 autem
1217 555 1278 602 de
1304 571 1460 618 aequo
1486 563 1535 602 et
1568 555 1736 619 iniquo
1762 555 1859 604 disa-

537 632 729 692 serstur,
766 633 1024 697 aequitatis
1048 633 1144 681 loci
1173 633 1486 697 colliguntur.
1552 634 1621 680 Hi
1648 651 1856 682 cernun-

536 720 617 759 tur
655 711 905 775 bipartsto,
947 719 997 759 et
1035 720 1225 768 natura,
1268 719 1318 759 et
1352 712 1594 759 instituto.
1665 713 1858 759 Natura

536 797 699 854 partes
734 790 883 837 habet
916 790 1050 845 duas,
1088 790 1349 837 tuitionem
1384 790 1471 846 sui,
1512 798 1561 837 et
1585 789 1856 838 ulciscendi

528 868 624 932 jus.
698 868 950 915 Institutio
992 875 1157 915 autem
1199 868 1458 931 aequitatis
1498 869 1741 933 tripartita
1766 875 1854 917 est.

536 947 650 994 Una
673 962 784 1009 pars
807 944 1027 1008 legitima
1058 952 1146 1000 est,
1183 944 1336 992 altera
1360 947 1676 1004 conveniens,
1711 946 1858 994 tertia

533 1023 684 1070 moris
706 1030 950 1070 vetustate
988 1022 1286 1069 confirmata.
1358 1022 1526 1085 Atque
1565 1024 1713 1071 etiam
1753 1040 1857 1071 rur-

536 1119 615 1149 sus
654 1101 878 1164 aequitas·
907 1100 1153 1163 tripartita
1188 1100 1368 1147 dicitur
1393 1117 1527 1148 esse:
1565 1117 1664 1148 una
1693 1101 1755 1148 ad
1779 1118 1855 1149 su-

532 1197 676 1245 peros
701 1180 837 1238 deos,
873 1178 1025 1226 altera
1048 1178 1111 1225 ad
1135 1194 1320 1237 manes,
1355 1179 1502 1226 tertia
1538 1178 1601 1225 ad
1634 1179 1861 1226 homines

532 1258 800 1323 pertinere,
869 1257 1047 1315 Prima,
1088 1257 1275 1320 pietas:
1319 1257 1555 1316 secunda,
1591 1257 1857 1305 sanctitas:

532 1337 693 1393 tertia,
717 1336 928 1400 justitia,
953 1343 1038 1383 aut
1064 1335 1282 1398 aequitas
1306 1336 1603 1383 nominatur.

389 1400 495 1461 24⁴.
599 1416 680 1464 De
720 1415 978 1479 proposito
1013 1414 1127 1462 satis
1161 1413 1345 1461 multa:
1387 1414 1620 1478 deinceps
1656 1414 1719 1461 de
1744 1430 1858 1461 cau-

532 1511 584 1542 sa
617 1493 851 1558 pauciora
883 1492 1094 1540 dicenda
1123 1500 1253 1539 sunt.
1322 1491 1561 1555 Pleraque
1587 1493 1718 1540 enim
1743 1499 1857 1541 sunt

531 1574 576 1621 ei
620 1589 733 1620 cum
772 1571 1025 1635 proposito
1067 1569 1364 1617 communia.
1449 1569 1567 1617 Tria
1611 1577 1726 1618 sunt
1766 1570 1863 1634 igi«

529 1658 611 1699 tur
657 1666 841 1714 genera
890 1664 1179 1707 causarum3
1223 1647 1420 1711 judicii,
1471 1647 1856 1706 deliberationis,

530 1727 842 1777 laudationis.
915 1725 1137 1781 Quarum
1161 1724 1281 1772 fines
1317 1724 1409 1788 ipsi
1444 1725 1715 1784 declarant,
1752 1725 1857 1790 qui-

531 1809 622 1856 bus
658 1805 900 1854 utendum
936 1803 1057 1851 locis
1096 1803 1171 1850 sit.
1257 1803 1387 1851 Nam
1420 1803 1597 1866 judicii
1634 1803 1741 1851 finis
1780 1811 1855 1852 est.

521 1886 635 1950 jus:
675 1902 736 1932 ex
772 1900 869 1948 quo
912 1883 1059 1930 etiam
1100 1898 1297 1929 nomen.
1380 1881 1512 1930 Juris
1547 1890 1713 1930 autem
1747 1899 1855 1946 par-

529 1974 605 2014 tes
650 1973 757 2012 tum
805 1962 1071 2026 expositae,
1122 1977 1236 2008 cum
1285 1960 1560 2024 aequitatis.
1653 1961 1855 2010 Delibe-

531 2045 672 2094 randi
695 2043 818 2099 finis,
856 2040 1041 2088 utilitas
1063 2058 1075 2086 ε
1115 2038 1253 2102 cujus
1280 2038 1372 2086 hae
1396 2047 1578 2103 partes,
1604 2055 1728 2102 quae
1755 2057 1858 2088 mo-

532 2126 596 2174 do
622 2122 892 2187 expositae,
924 2136 1088 2167 rerum
1114 2119 1518 2183 expetendarum.
1589 2119 1857 2167 Laudatio-

533 2204 609 2252 nis
632 2202 759 2260 finis,
799 2200 1060 2247 honestas:
1101 2198 1162 2246 de
1201 2215 1296 2262 qua
1332 2198 1452 2246 item
1494 2205 1568 2246 est
1608 2206 1722 2246 ante
1753 2198 1859 2246 dic-

531 2292 654 2331 tum.
726 2279 823 2327 Sed
859 2277 1087 2325 definitae
1123 2277 1432 2340 quaestiones
1457 2295 1485 2324 a
1509 2278 1605 2324 suis
1630 2293 1857 2340 quaeque

531 2361 669 2416 locis,
707 2358 843 2422 quasi
873 2356 1094 2421 propriis,
1130 2355 1474 2414 instituuntur,
1509 2356 1558 2402 in
1584 2355 1854 2403 accusatio-

532 2457 662 2496 nem,
702 2435 1138 2497 defensionemque
1160 2433 1384 2497 partitae.
1457 2433 1517 2480 In
1559 2433 1744 2496 quibus
1770 2449 1853 2480 ex-

535 2521 712 2568 sistunt
746 2516 869 2562 haec
905 2529 1104 2577 genera,
1140 2520 1196 2559 ut
1220 2519 1476 2560 accusator
1497 2528 1756 2575 personam
1781 2529 1852 2560 ar-

534 2604 655 2662 guat
678 2593 828 2641 facti:
867 2589 1093 2638 defensor
1118 2588 1301 2652 aliquid
1325 2597 1543 2654 opponat
1567 2589 1628 2636 de
1663 2589 1818 2637 tribus
1838 2607 1850 2637 ε

456 2678 468 2695 ’
535 2683 621 2724 aut
645 2688 744 2720 non
780 2686 884 2718 esse
908 2668 1126 2726 factum3
1166 2673 1265 2722 aut,
1306 2667 1344 2713 si
1380 2667 1442 2714 sit
1472 2665 1674 2722 factum,
1718 2666 1852 2714 aliud

536 2753 638 2818 ejus
673 2749 792 2798 facti
833 2761 1014 2794 nomen
1056 2761 1189 2804 esse3
1229 2752 1314 2792 aut
1344 2746 1457 2808 jure
1501 2760 1605 2792 esse
1644 2743 1858 2792 factum.¹

536 2832 711 2893 Itaque
736 2834 821 2874 aut
843 2823 1074 2881 infitialis,
1115 2830 1201 2869 aut
1225 2821 1566 2886 conjecturalis
1590 2821 1746 2886 prima
1769 2837 1851 2885 ap-

533 2908 773 2972 pelletur:
812 2902 1079 2959 dcfinitiva,
1104 2899 1285 2949 altera:
1323 2901 1482 2958 tertia,
1510 2899 1730 2965 quamvis
1748 2914 1849 2946 mo-
