2071 3508
660 669 1378 731 ANNOTATIONES

999 855 1048 881 IN

853 1001 1167 1053 BRUTUM
1185 1023 1202 1065 ;

985 1186 1077 1221 SEU,

567 1332 663 1382 DE
701 1331 964 1382 CLARIS
1001 1331 1488 1383 ORATORIBUS.

417 1753 512 1806 Pag.
543 1756 635 1793 312.
676 1753 742 1793 lin.
770 1756 834 1794 20.
905 1768 952 1793 ex·
982 1755 1182 1807 conditis]
1244 1755 1426 1807 Intellige
1457 1755 1576 1805 libris,
1608 1771 1706 1810 quos

359 1821 540 1874 scriptos,
573 1821 642 1860 sed
662 1821 837 1859 nondum
856 1821 982 1859 editos
1002 1822 1135 1861 habet.
1193 1822 1301 1868 Post,
1320 1823 1374 1861 ad
1391 1837 1483 1875 quos
1493 1838 1595 1877 pene
1617 1824 1707 1865 solis

363 1888 470 1929 nohis
485 1889 612 1928 aditus
626 1890 772 1942 patuit,
793 1888 981 1940 intellige,
1001 1903 1099 1941 quos
1121 1902 1242 1941 prope
1262 1889 1408 1929 nemini
1427 1890 1615 1943 legendos
1641 1892 1711 1933 de-

365 1955 503 1995 dimus.
561 1956 646 2002 Illo,
677 1970 755 2008 quo
775 1956 942 2008 scripsit,
963 1964 1154 2009 ternpore,
1181 1958 1230 1996 ab
1250 1957 1324 1997 illis
1353 1957 1459 1997 libris
1481 1960 1630 2009 aberat,
1664 1970 1708 2001 ut

362 2023 509 2077 legere,
529 2030 597 2062 aut
621 2023 703 2062 aliis
723 2023 829 2070 dare,
849 2036 930 2062 non
945 2031 1088 2076 posset.
1143 2024 1271 2063 IDEM.

422 2092 517 2143 Pag.
539 2094 631 2131 321.
659 2091 726 2130 lin.
748 2094 812 2131 25.
869 2106 923 2130 CO!
927 2097 1108 2130 ztroversa
1130 2098 1284 2131 natura„
1288 2093 1309 2143 ]
1373 2092 1589 2144 Significat,
1612 2108 1709 2146 gen-

367 2166 448 2197 tem
471 2159 640 2197 Siculam
661 2166 800 2197 natuia
818 2158 1031 2210 proclivem
1050 2159 1101 2197 ad
1115 2158 1398 2198 controversias
1414 2167 1456 2198 et
1469 2159 1556 2198 lites
1568 2160 1709 2202 fuisse:

367 2226 474 2278 quod
505 2226 702 2265 consentit
732 2226 790 2273 iis,
824 2238 923 2278 quae
944 2225 994 2264 de
1035 2226 1254 2266 Siculorum
1280 2226 1439 2279 ingenio
1459 2234 1612 2268 veteres
1631 2238 1710 2270 tra-

367 2293 514 2334 didere.
571 2294 698 2332 IDEM.

424 2362 520 2413 Pag.
542 2363 634 2401 324.
662 2361 731 2399 lin.
753 2363 819 2400 28.
875 2359 956 2414 lege
986 2360 1147 2399 Moenia
1177 2359 1296 2412 lata]
1358 2361 1459 2400 Lata
1484 2375 1508 2400 a
1532 2362 1710 2413 Moenio,

369 2429 527 2468 tribuno
546 2428 684 2480 plebis,
705 2441 807 2466 anno
828 2428 933 2467 urbis
953 2430 1047 2474 467,
1078 2435 1122 2466 ut
1140 2435 1270 2479 patres
1288 2436 1379 2467 ante
1403 2428 1499 2467 inita
1526 2442 1550 2468 a
1567 2432 1712 2483 populo

369 2495 562 2547 suffragia,
582 2495 722 2535 fierent
742 2503 922 2535 auctores
942 2497 1025 2546 ejus
1046 2496 1115 2543 rei,
1140 2509 1257 2547 quam
1276 2496 1441 2548 populus
1456 2498 1633 2547 jussurus
1653 2512 1714 2538 es-

369 2571 444 2610 set,
464 2576 593 2615 neque
626 2563 726 2602 adeo
746 2563 1034 2615 reprehendere
1064 2563 1233 2608 comitia,
1258 2563 1334 2602 hoc
1355 2572 1428 2611 est,
1457 2563 1565 2603 irrita
1583 2565 1714 2606 facere

368 2638 540 2683 possent.
598 2630 698 2669 Vide
720 2630 976 2669 Gronovium.
1008 2630 1224 2669 Observ.1.
1251 2635 1316 2671 25.
1346 2631 1412 2684 qui
1441 2632 1572 2671 locum
1605 2633 1712 2673 hunc

373 2697 576 2737 Ciceronis
595 2698 754 2750 egregie
775 2699 952 2737 illustrat.
1009 2699 1136 2736 IDEM.
1293 2691 1297 2693 “

428 2765 523 2817 Pag.
554 2769 646 2806 836.
674 2766 740 2804 lin.
773 2771 839 2806 21.
895 2766 1045 2806 silentio
1063 2765 1382 2819 praeteriretur]
1444 2766 1625 2821 Intellige
1644 2781 1714 2810 au.

375 2831 578 2880 dientium,
593 2832 677 2872 sine
696 2833 848 2886 plausu,
869 2841 910 2872 et
924 2834 1217 2892 acclarnatione.
1274 2833 1401 2872 IDEM.

429 2899 528 2954 Pag.
549 2903 642 2944 337.
670 2901 737 2942 lin.
758 2905 796 2943 9.
860 2902 955 2942 Tum
975 2902 1097 2957 igitur
1116 2915 1308 2952 recusam,
1328 2903 1427 2955 &c.]
1473 2902 1621 2944 Vereor
1640 2918 1714 2958 ego
