2071 3508
320 528 426 568 100.

322 1614 429 1675 ⁶26.

327 1707 435 1747 101.

330 2173 436 2212 102.

457 417 536 454 ¹258
946 407 1024 448 DE
1052 407 1166 448 ORA
1173 406 1322 447 TORE

458 521 692 572 facillime
733 520 973 585 effugiant
1013 520 1306 568 satietatem.
1379 515 1459 564 Sic
1484 516 1710 564 omnibus
1733 515 1786 564 in

459 604 625 661 rebus,
658 600 992 665 voluptatibus
1011 598 1235 646 maximis
1250 596 1501 644 fastidium
1525 594 1789 642 finitimum
1836 643 1838 645 .

463 689 569 730 est:
609 698 706 745 quo
746 681 842 728 hoc
883 679 1044 727 minus
1081 678 1132 725 in
1173 677 1393 725 oratione
1435 675 1698 733 miremur3
1736 673 1790 729 in

464 778 579 824 qua,
615 759 693 807 vel
719 775 780 806 ex
804 757 978 822 poetiS‚
999 755 1080 804 vel
1104 754 1395 813 oratoribus,
1431 769 1688 818 possumus
1709 751 1790 816 ju-

465 839 649 898 dicare,
686 836 1001 893 concinnam,
1039 833 1345 891 distinctam,
1380 840 1621 891 ornatam,
1655 830 1791 880 festi-

464 928 594 975 vam,
630 917 733 964 sine
758 914 1138 970 intermissione,
1175 912 1278 959 sine
1303 911 1702 975 reprehensione,
1733 911 1793 958 si-

464 1013 527 1043 ne
569 995 820 1050 varietate,
860 992 1079 1057 quamvis
1119 989 1259 1038 claris
1285 990 1346 1037 sit
1371 989 1616 1037 coloribus
1639 989 1792 1053 picta,

464 1073 543 1121 vel
566 1072 742 1137 poesis,
778 1071 857 1119 vel
882 1070 1057 1128 oratio,
1095 1085 1194 1116 non
1218 1086 1360 1133 posse
1384 1069 1436 1115 in
1461 1067 1794 1116 delectatione

465 1167 569 1198 esse
595 1150 842 1197 diuturna.
915 1149 1085 1212 Atque
1124 1165 1183 1196 eo
1209 1148 1353 1196 citius
1376 1147 1428 1194 in
1453 1147 1671 1204 oratoris,
1709 1153 1796 1194 aut

464 1229 516 1274 in
562 1232 737 1292 poetae
780 1228 1022 1276 cincinnis
1069 1244 1127 1275 ac
1164 1225 1283 1275 fuco
1329 1226 1612 1284 offenditur,
1660 1224 1795 1288 quod

465 1323 649 1363 sensus,
687 1307 737 1353 in
774 1306 925 1353 nimia
947 1305 1218 1370 voluptate,
1256 1313 1450 1365 natura,
1484 1321 1585 1352 non
1609 1311 1796 1363 mente,

465 1385 737 1444 satiantur3
776 1385 827 1431 in
869 1384 1061 1449 scriptis
1097 1392 1148 1432 ct
1188 1385 1238 1432 in
1264 1385 1429 1443 dictis,
1463 1400 1565 1432 non
1606 1382 1797 1431 aurium

466 1463 641 1521 Solum,
678 1464 765 1510 sed
795 1464 955 1509 *animi
978 1463 1172 1526 judicio
1191 1464 1340 1510 etiam
1366 1464 1541 1526 magis,
1575 1461 1798 1510 infucata

464 1541 584 1589 vitia
608 1549 897 1589 noscuntur.

533 1620 719 1678 Quare,
756 1621 868 1667 bene
893 1626 944 1666 et
960 1620 1230 1682 praeclare,
1250 1619 1471 1682 quamvis
1485 1619 1627 1668 nobis
1651 1635 1796 1685 saepe

469 1698 693 1758 dicatur3
751 1697 863 1745 belle
901 1704 952 1744 et
968 1697 1166 1759 festive,
1215 1696 1421 1743 nimium
1463 1713 1608 1761 saepe
1648 1698 1795 1746 nolo:

468 1793 748 1840 quanquam
785 1775 868 1823 illa
907 1775 1012 1839 ipsa
1044 1773 1357 1832 exclamatio,
1393 1775 1513 1822 Non
1529 1783 1690 1838 potest
1707 1795 1799 1826 me-

467 1855 574 1914 lius,
611 1855 673 1902 sit
709 1854 857 1902 velim
894 1855 1099 1912 crebra3
1139 1853 1225 1900 sed
1248 1853 1427 1901 habeat
1451 1861 1618 1902 tamen
1641 1855 1724 1904 illa
1747 1857 1799 1904 in

467 1932 679 1980 dicendo
705 1931 978 1988 admiratio,
1014 1948 1071 1979 ac
1096 1947 1286 1978 summa
1308 1930 1432 1991 laus,
1467 1933 1690 1981 umbram
1715 1933 1800 1982 ali-

467 2027 613 2074 quam
656 2017 706 2058 et
746 2026 1013 2068 recessum,
1055 2025 1152 2072 quo
1188 2009 1343 2073 magis
1366 2010 1437 2069 id,
1473 2011 1607 2075 quod
1630 2005 1723 2060 erit
1745 2012 1800 2060 il-

466 2088 782 2146 luminatum,
819 2095 987 2136 extare
1012 2095 1160 2151 atque
1186 2088 1400 2137 eminere
1424 2089 1665 2138 videatur.

536 2167 805 2229 Nunquam
846 2166 950 2230 agit
986 2165 1120 2214 hunc
1152 2183 1348 2215 versum
1374 2168 1585 2217 Roscius
1610 2186 1670 2218 eo
1692 2187 1801 2236 ges-

471 2252 528 2292 tu
553 2260 650 2307 quo
674 2250 857 2307 potest,

576 2347 678 2384 Nam
711 2346 860 2398 sapiens
879 2346 1012 2385 virtuti
1033 2347 1207 2385 honorem
1224 2348 1451 2400 praemium,
1483 2349 1590 2389 haud
1605 2352 1804 2405 praedma,

620 2412 720 2466 petit
737 2428 752 2451 :
780 2445 785 2448 .

472 2481 559 2529 sed
583 2480 751 2544 abjicit
774 2496 990 2544 prorsus,
1024 2488 1082 2529 ut
1104 2481 1156 2528 in
1178 2483 1446 2546 proximos,

577 2571 729 2623 Ecquid
745 2571 851 2610 'video
866 2571 886 2607 ,9
896 2572 1016 2622 ferro
1035 2578 1159 2624 septus
1170 2574 1339 2625 possidet
1357 2575 1459 2614 sedes
1477 2588 1620 2625 sacras,

472 2650 678 2710 incidat,
715 2650 938 2717 aspiciat,
973 2651 1259 2714 admiretur,
1312 2662 1577 2722 stupescat.
1663 2655 1799 2714 Quid

474 2729 554 2778 ille
579 2729 703 2778 alter

764 2808 868 2855 Quid
876 2815 1006 2862 petam
1018 2809 1196 2863 praesidi
1206 2810 1227 2849 ἓ
