2071 3508
434 388 486 425 98
910 388 987 426 DE
1017 387 1285 427 ORATORE

442 491 613 557 major,
648 510 794 559 quam
831 495 1024 545 illorum
1049 498 1133 561 qui
1173 497 1349 556 solent,
1392 514 1686 562 quocunque
1710 497 1762 545 in

436 571 563 631 1000,
609 591 927 639 quoscunque
961 577 1090 624 inter
1124 577 1346 625 homines
1380 577 1537 624 visum
1574 585 1665 636 est,
1701 576 1764 624 de

437 655 583 702 rebus
608 662 692 702 aut
733 654 1027 703 difficillimis
1063 663 1148 703 aut
1182 672 1280 703 non
1317 656 1600 704 necessariis
1624 672 1765 719 argu-

438 732 624 781 tissime
650 733 912 797 disputare.
987 734 1101 781 Hoc
1120 750 1208 781 nos
1233 735 1292 782 ab
1316 734 1419 781 istis
1443 733 1767 783 adolescenti-

438 812 530 860 bus
553 812 732 870 facere,
769 813 910 861 inviti
946 820 997 861 et
1031 821 1326 869 recusantes,
1364 812 1470 860 heri
1507 814 1667 862 coacti
1691 829 1767 862 su-

440 908 564 939 mus.

366 969 426 1026 5,
508 970 639 1017 Tum
683 970 903 1027 Catulus,
964 988 1026 1018 ne
1074 971 1256 1019 Graec-i
1305 970 1525 1036 quidem,
1588 968 1768 1034 inquit,

355 1066 428 1106 19,
443 1051 633 1108 Crasse,
687 1050 770 1112 qui
810 1050 860 1096 in
903 1050 1181 1098 civitatibus
1219 1050 1316 1097 suis
1358 1050 1476 1098 clari
1515 1057 1564 1096 et
1602 1047 1770 1111 magni

439 1129 662 1186 fuerunt,
704 1127 849 1175 sicuti
887 1135 943 1175 tu
982 1145 1050 1186 es,
1086 1144 1273 1191 nosque
1310 1145 1479 1176 omnes
1514 1127 1565 1174 in
1601 1134 1772 1173 nostra

440 1205 694 1270 republica
718 1203 944 1252 volumus
969 1222 1091 1263 esse,
1127 1206 1302 1254 horum
1341 1207 1652 1262 Graecorum,
1688 1203 1772 1267 qui

440 1303 492 1333 se
539 1283 795 1331 inculcant
836 1283 1032 1330 auribus
1073 1282 1269 1340 nostris,
1317 1282 1497 1330 similes
1536 1282 1769 1329 fuerunt:

440 1380 535 1411 nec
559 1371 726 1410 tamen
751 1361 802 1407 in
827 1360 928 1408 otio
954 1375 1202 1408 sermones
1240 1358 1520 1422 hujusmodi
1559 1359 1773 1423 disputa-

350 1454 428 1494 520.
441 1443 699 1504 tionesque
735 1439 1010 1503 fugiebant.
1083 1438 1163 1486 Ac
1199 1438 1238 1485 si
1279 1438 1369 1486 tibi
1404 1438 1654 1496 videntur,
1685 1438 1773 1502 qui

356 2398 435 2438 21.

439 1520 695 1585 temporis,
731 1518 814 1582 qui
849 1517 964 1576 loci,
1002 1517 1085 1581 qui
1108 1517 1363 1564 hominum
1399 1517 1639 1564 rationem
1672 1533 1772 1565 non

440 1602 645 1658 habent,
684 1597 861 1662 inepti,
902 1597 1030 1644 sicut
1066 1596 1250 1644 debent
1284 1596 1474 1655 videri;
1512 1612 1630 1643 num
1666 1603 1773 1644 tan-

444 1681 559 1729 dem
585 1686 671 1726 aut
691 1677 830 1725 locus
865 1676 947 1724 hic
984 1692 1083 1724 non
1108 1676 1315 1724 idoneus
1338 1675 1552 1734 videtur,
1587 1675 1639 1722 111
1675 1693 1773 1740 quo

442 1758 662 1824 porticus
698 1757 820 1804 haec
857 1755 979 1819 ipsa,
1015 1755 1100 1803 ubi
1136 1754 1458 1813 ambulamus,
1500 1764 1551 1802 et
1589 1754 1774 1819 palaes-

443 1846 538 1897 tra,
564 1845 616 1885 et
638 1844 715 1884 tot
737 1835 858 1882 10015
882 1833 1133 1889 sessiones,
1152 1833 1521 1898 gymnasiorum
1546 1841 1597 1881 et
1621 1833 1776 1882 Grae-

445 1931 614 1965 carum
651 1913 1039 1979 disputationum
1081 1912 1367 1960 memoriam
1409 1913 1772 1976 quodammodo

445 1992 794 2044 commovent?
832 1999 916 2039 aut
952 1991 1288 2054 importunum
1327 1999 1522 2055 tempus
1559 1991 1609 2038 in
1634 1999 1774 2040 tanto

444 2074 566 2132 otio,
602 2072 736 2136 quod
760 2078 810 2118 et
833 2087 941 2117 raro
977 2069 1139 2128 datur,
1176 2077 1225 2117 et
1249 2085 1382 2117 nunc
1406 2077 1666 2134 peroptato
1682 2087 1776 2119 vno-

445 2153 520 2201 bis
557 2152 725 2198 datum
752 2148 861 2197 est?
898 2156 984 2196 aut
1017 2147 1240 2196 homines
1265 2150 1324 2196 ab
1349 2148 1444 2195 1100
1468 2165 1651 2212 genere
1681 2150 1774 2198 dis-

445 2229 716 2295 putationis
754 2227 918 2285 alieni,
968 2226 1051 2290 qui
1086 2243 1255 2273 omnes
1279 2226 1329 2273 hi
1354 2244 1538 2286 sumus,
1574 2236 1631 2276 ut
1671 2230 1774 2278 sine

446 2309 522 2356 his
546 2306 719 2355 studiis
743 2305 894 2352 vitam
918 2302 1101 2351 nullam
1128 2320 1231 2351 esse
1257 2303 1493 2351 ducamus
1514 2305 1530 2352 ?

516 2386 699 2435 Omnia
722 2385 832 2441 ista,
856 2382 1016 2446 inquit
1051 2382 1271 2440 Crassus,
1297 2398 1391 2445 ego
1415 2382 1509 2430 alio
1533 2384 1682 2432 modo
1705 2385 1776 2435 in-

447 2472 710 2529 terpretor,
747 2462 828 2526 qui
868 2461 1081 2525 primum
1117 2460 1427 2523 palaestram,
1463 2471 1514 2510 et
1538 2464 1696 2523 sedeS,
1726 2475 1777 2515 et

448 2543 687 2611 porticus,
725 2540 873 2588 etiam
898 2539 1045 2602 ipsos,
1082 2537 1276 2596 Catule,
1314 2538 1552 2598 Graecos,
1589 2545 1776 2593 exerci-

449 2621 650 2672 tationis
691 2626 742 2667 et
782 2616 1124 2665 delectationis
1160 2633 1322 2676 causa,
1363 2634 1462 2665 non
1488 2619 1775 2685 disputatio-

450 2702 543 2759 nis,
578 2698 822 2746 invenisse
847 2695 1068 2743 arbitror.
1139 2696 1268 2744 Nam
1305 2704 1355 2744 et
1379 2697 1585 2746 saeculis
1608 2698 1775 2747 multis

452 2787 566 2828 ante
590 2775 844 2843 gymnasia
865 2775 1067 2823 inventa
1101 2782 1234 2833 sunt,
1270 2791 1415 2839 quam
1446 2775 1497 2822 in
1521 2775 1595 2824 his
1617 2777 1772 2841 philo-

451 2856 590 2921 sophi
624 2855 808 2920 garrire
849 2861 1150 2919 coeperunt3
1189 2860 1240 2903 et
1277 2853 1372 2903 hoc
1400 2854 1506 2918 ipso
1530 2863 1770 2920 tempore,
