2071 3508
767 415 1141 458 ORATORIBUS.
1540 421 1620 459 329

290 539 379 587 est,
418 528 551 594 quod
575 527 608 574 ii
649 527 759 591 ipsi,
803 527 886 590 qui
911 527 962 573 in
988 525 1196 574 Graecis
1222 525 1515 589 antiquitate
1541 527 1624 574 de-

287 609 553 665 lectantur,
590 622 744 669 eaque
781 604 1073 663 subtilitate,
1109 620 1256 669 quam
1295 603 1517 651 Atticam
1543 621 1625 668 ap-

287 687 490 753 pellant,
525 684 654 731 hanc
695 682 746 729 in
787 682 978 730 Catone
1011 699 1111 731 non
1136 690 1382 730 noverunt
1406 682 1623 746 quidem.

286 763 576 830 Hyperidae
601 761 775 809 volunt
801 778 905 809 esse
932 768 982 809 et
1008 761 1201 827 Lysiae.
1274 761 1466 809 Laudo.
1528 759 1627 808 Sed

286 859 376 892 cur
417 841 594 890 nolunt
634 839 838 888 Catonis
859 840 876 887 ?
921 839 1096 887 Attico
1136 857 1321 904 genere
1347 839 1548 888 dicendi
1573 855 1625 887 se

284 920 506 985 gaudere
546 919 736 966 dicunt.
809 917 1067 982 Sapienter
1108 918 1160 965 id
1200 917 1400 981 quidem
1423 935 1435 964 :
1476 926 1626 982 atque

285 999 476 1047 utinam
517 997 849 1056 imitarentur,
886 1013 979 1044 nec
1019 1013 1127 1044 ossa
1151 996 1328 1056 solum,
1365 996 1452 1044 sed
1478 997 1627 1045 etiam

285 1077 578 1142 sanguinem
601 1077 610 1124 !
665 1084 863 1140 gratum
907 1083 981 1124 est
1021 1083 1208 1134 tamen,
1262 1074 1396 1139 quod
1435 1074 1628 1124 volunt.

286 1156 390 1205 Cur
428 1156 580 1220 igitur
623 1155 796 1219 Lysias
839 1163 889 1202 et
929 1154 1213 1220 Hyperides
1251 1163 1461 1214 amatur,
1512 1172 1628 1203 cum

284 1235 485 1301 penitus
511 1235 768 1299 ignoretur
794 1234 955 1282 Cato?
992 1234 1238 1298 antiquior
1264 1243 1338 1282 est
1362 1234 1506 1299 hujus
1532 1251 1630 1283 ser-

286 1331 384 1371 m0‚
413 1322 463 1364 et
489 1313 733 1378 quaedam
760 1313 1032 1362 horridiora
1055 1315 1234 1373 verba3
1274 1315 1344 1362 ita
1369 1315 1501 1362 enim
1520 1323 1629 1362 tum

285 1393 634 1458 loquebantur.
714 1392 775 1440 Id
812 1401 981 1453 muta3
1021 1393 1157 1457 quod
1180 1402 1288 1441 tum
1312 1392 1394 1441 ille
1419 1410 1521 1441 non
1544 1410 1632 1457 po-

286 1474 414 1521 tuit:
443 1482 493 1522 et
519 1473 646 1521 adde
672 1489 933 1532 numeros;
964 1480 1015 1520 et
1039 1472 1200 1537 aptior
1224 1473 1287 1520 sit
1311 1473 1499 1520 oratio:
1527 1472 1632 1537 ipsa

284 1554 436 1601 verba
478 1569 741 1617 compone,
785 1560 836 1600 et
878 1552 1015 1616 quasi
1041 1560 1351 1616 coagmenta,
1397 1551 1531 1616 quod
1566 1568 1632 1599 ne

285 1631 470 1680 Graeci
496 1631 698 1695 quidem
722 1638 919 1678 veteres
937 1630 1294 1679 factitaverunt
1311 1650 1322 1678 z
1341 1629 1447 1695 jam
1471 1631 1626 1678 nemi-

283 1727 400 1760 nem
425 1719 696 1776 antepones
723 1710 917 1758 Catoni.
968 1709 1149 1758 Ornari
1169 1711 1444 1759 orationem
1464 1710 1627 1758 Grae-

285 1790 332 1839 ci
355 1799 549 1856 putant,
589 1790 628 1837 si
652 1790 915 1838 verborum
951 1789 1378 1838 immutationibus
1402 1798 1628 1849 utantur,

286 1890 409 1938 quos
435 1874 687 1939 appellant
721 1877 875 1934 rfbmsc,
913 1881 964 1921 et
988 1874 1345 1923 sententiarum
1371 1876 1626 1924 orationis-

287 1970 383 2018 que
408 1952 592 2010 formis,
628 1970 753 2018 quae
779 1958 961 2000 vocant
984 1955 1208 2010 σχνῖτματαε
1237 1968 1337 1999 non
1361 1953 1627 2001 verisimile

287 2040 380 2090 est,
420 2049 567 2096 quam
609 2032 672 2080 sit
708 2032 759 2078 in
800 2038 1011 2095 utroque
1052 2046 1236 2094 genere
1279 2037 1329 2078 et
1368 2032 1540 2079 creber
1575 2037 1627 2079 et

289 2111 552 2159 distinctus
579 2111 722 2160 Cato.

356 2189 466 2238 Nec
510 2207 627 2238 vero
668 2191 858 2255 ignoro,
897 2192 1120 2241 nondum
1147 2209 1251 2241 esse
1277 2193 1392 2241 satis
1415 2191 1626 2257 politum

286 2270 422 2318 hunc
447 2278 712 2329 oratorem,
745 2279 795 2319 et
819 2272 1156 2335 quaerendum
1182 2289 1286 2320 esse
1311 2271 1498 2336 aliquid
1519 2287 1628 2335 per-

288 2349 504 2398 fectius:
544 2349 725 2414 quippe
753 2368 866 2398 cum
892 2352 961 2399 ita
1001 2351 1063 2399 sit
1103 2352 1167 2399 ad
1190 2360 1468 2400 nostrorum
1505 2359 1628 2398 tem-

288 2446 464 2494 porum
507 2430 749 2478 rationem
792 2439 950 2487 vetuS‚
989 2439 1046 2481 ut
1076 2431 1257 2480 nullius
1282 2432 1521 2495 scriptum
1546 2447 1629 2478 ex-

291 2517 389 2557 stet
415 2509 621 2572 dignum
648 2509 847 2572 quidem
872 2509 1104 2566 lectione,
1127 2512 1260 2575 quod
1285 2511 1348 2558 sit
1362 2510 1630 2573 antiquius.

294 2587 392 2636 Sed
417 2587 599 2651 majore
625 2587 812 2636 honore
837 2589 887 2635 in
914 2589 1141 2637 omnibus
1166 2589 1370 2648 artibus,
1406 2605 1553 2653 quam
1578 2589 1631 2636 in

292 2672 386 2720 hac
407 2688 506 2718 una
530 2671 746 2727 dicendi,
769 2681 991 2720 versatur
1015 2674 1296 2737 antiquitas.
1347 2674 1472 2730 Quis
1497 2676 1629 2723 enim

294 2767 485 2808 eorum,
551 2750 634 2814 qui
676 2749 799 2798 haec
842 2752 1031 2799 minora
1068 2752 1487 2812 animadvertunt,
1529 2770 1630 2802 non

294 2828 546 2891 intelligit,
587 2828 807 2876 Canachi
834 2829 972 2893 signa
998 2830 1230 2893 rigidiora
1255 2848 1374 2888 esse,
1403 2849 1549 2896 quam
1573 2841 1631 2881 ut

293 2907 551 2956 imitentur
571 2908 855 2958 veritatem?
883 2908 1148 2958 Calamidis
1169 2909 1291 2959 dura
1308 2910 1391 2959 illa
1409 2912 1630 2978 quidem,

1667 2186 1768 2247 18.
