2071 3508
674 378 841 417 LIBER
872 377 1179 418 SECUNDUS.
1525 385 1597 425 287

268 503 359 537 nus
384 487 638 553 objicienti
662 486 871 534 lustrum
892 486 1014 534 illud
1039 487 1229 542 infelix,
1254 488 1390 546 Noli,
1417 491 1597 553 inquit,

265 567 459 615 mirari:
502 566 542 613 is
568 565 720 623 enim,
758 565 843 628 qui
879 572 930 613 te
955 582 1018 612 ex
1044 566 1242 613 aerariis
1262 571 1464 624 exemit,
1504 570 1595 616 lus-

263 654 394 694 trum
436 644 678 703 condidit,
718 652 769 692 et
811 653 1007 692 taurum
1049 645 1337 694 immolavit.
1432 647 1597 695 Tanta

263 725 475 789 suspicio
501 732 593 783 est,
629 732 685 772 ut
710 724 949 788 religione
987 725 1239 773 civitatem
1277 726 1595 774 obstrinxisse

262 804 487 852 videatur
513 803 803 859 Mummius,
826 803 960 867 quod
987 804 1212 852 Asellum
1237 804 1510 869 ignominia
1528 805 1595 854 le-

260 882 402 930 varit.

326 961 530 1010 Urbana
570 960 720 1009 etiam
757 960 1081 1009 dissimulatio
1112 969 1204 1019 est,
1244 977 1357 1008 cum
1395 960 1489 1009 alia
1525 961 1595 1010 di·
1628 960 1736 1021 67,

260 1048 459 1100 cuntur,
495 1057 553 1088 ac
578 1040 790 1099 sentias;
829 1056 930 1087 non
954 1039 1038 1088 illo
1062 1056 1265 1103 genere,
1302 1040 1364 1088 de
1391 1058 1488 1104 quo
1513 1058 1594 1089 an-
1627 1052 1739 1093 269.

258 1127 309 1168 te
346 1118 465 1176 dixi,
504 1135 618 1166 cum
655 1118 900 1166 contraria
937 1117 1090 1177 dicas,
1134 1126 1190 1165 ut
1226 1118 1428 1167 Lamiae
1455 1120 1594 1168 Cras-

260 1214 341 1247 sus
362 1219 374 1259 ;
403 1198 491 1247 sed
516 1214 630 1245 cum
655 1205 763 1244 toto
787 1213 971 1261 genere
991 1196 1225 1244 orationis
1242 1214 1410 1246 severe
1434 1197 1594 1258 ludas,

261 1294 374 1326 cum
400 1277 542 1325 aliter
567 1277 765 1334 sentias,
786 1293 843 1324 ac
862 1275 1095 1339 loquare3
1123 1286 1180 1325 ut
1194 1286 1361 1325 noster
1386 1277 1594 1327 Scaevo-

258 1357 307 1406 la
345 1356 684 1421 Septumuleio
709 1356 779 1403 illi
806 1356 1095 1419 Anagnino,
1130 1357 1210 1403 cui
1234 1373 1323 1421 pro
1351 1357 1408 1405 C.
1436 1358 1593 1406 Grac-

260 1436 341 1485 chi
367 1437 528 1500 capite
554 1443 659 1483 erat
683 1452 855 1482 aurum
880 1451 1162 1498 repensum,
1198 1436 1410 1499 roganti,
1448 1445 1505 1483 ut
1541 1453 1592 1484 se

256 1516 307 1563 in
335 1515 505 1563 Asiam
531 1513 838 1579 praefectum
865 1513 1089 1572 duceret,
1128 1514 1264 1570 Quid
1290 1515 1380 1563 tibi
1404 1516 1494 1574 vis,
1519 1516 1591 1563 in-

257 1594 382 1659 quit,
406 1593 611 1641 insane?
651 1601 791 1640 tanta
815 1592 1055 1640 malorum
1081 1602 1156 1640 est
1179 1592 1449 1661 multitudo
1475 1595 1591 1642 civi-

256 1690 359 1732 um,
394 1681 452 1721 ut
474 1673 565 1721 tibi
590 1689 685 1737 ego
709 1673 805 1721 hoc
831 1672 1133 1729 confirmem,
1172 1673 1210 1720 si
1239 1672 1430 1722 Romae
1455 1691 1589 1722 man-

253 1753 388 1810 seris,
425 1760 477 1801 te
500 1753 672 1818 paucis
708 1753 848 1800 annis
872 1752 935 1800 ad
960 1752 1198 1800 maximas
1222 1754 1458 1817 pecunias
1484 1771 1589 1803 esse

254 1841 534 1881 venturum.
607 1833 668 1880 In
693 1833 789 1880 hoc
813 1848 998 1896 genere
1021 1832 1238 1880 Fannius
1254 1834 1305 1880 in
1331 1832 1587 1882 annalibus
1620 1845 1732 1889 270.

254 1912 352 1960 suis
380 1911 676 1961 Africanum
694 1912 829 1959 hunc
851 1910 1188 1959 Aemilianum
1209 1912 1331 1960 dicit
1349 1911 1514 1968 fuisse,
1538 1921 1589 1961 et

254 2008 368 2040 eum
394 1991 593 2040 Graeco
634 1991 786 2039 verbo
821 1989 1038 2054 appellat
1072 1990 1226 2050 εἴρωναε
1271 1990 1358 2038 sed
1395 1991 1492 2055 (uti
1517 1990 1587 2040 fe-

252 2079 388 2128 runt,
425 2071 508 2135 qui
533 2070 708 2119 melius
739 2070 863 2118 haec
889 2069 1097 2130 norunt)
1136 2072 1389 2118 Socratem
1415 2071 1589 2135 opinor

253 2149 305 2196 in
338 2149 430 2198 hac
463 2150 620 2197 ironia
658 2149 1114 2213 dissimulantiaque
1149 2149 1298 2214 longe
1333 2149 1501 2214 lepore
1538 2159 1590 2199 et

251 2228 559 2278 humanitate
585 2230 812 2278 omnibus
837 2229 1167 2294 praestitisse:
1198 2246 1357 2293 genus
1383 2237 1456 2277 est
1481 2247 1587 2294 per-

250 2307 467 2373 elegans,
495 2318 545 2357 et
571 2326 682 2357 cum
707 2310 951 2374 gravitate
975 2309 1174 2368 salsum,
1195 2326 1408 2373 cumque
1428 2318 1586 2358 orato-

249 2386 333 2436 riis
381 2388 701 2448 dictionibus,
752 2397 859 2437 tum
908 2389 1106 2438 urbanis
1153 2389 1460 2437 sermonibus
1507 2407 1585 2438 ac-

251 2468 638 2516 commodatum.
710 2468 776 2516 Et
800 2467 1002 2516 hercule
1039 2469 1205 2516 onmia
1229 2468 1367 2525 haec,
1408 2486 1532 2533 quae
1557 2487 1585 2517 a
1617 2486 1729 2530 271,

250 2562 330 2594 me
356 2546 417 2594 de
443 2546 636 2595 facetiis
662 2547 996 2612 disputantur,
1038 2563 1137 2594 non
1164 2547 1347 2611 majora
1382 2547 1584 2595 forensi-

249 2641 334 2673 um
360 2625 631 2684 actionum,
669 2641 815 2688 quam
852 2625 1072 2672 omnium
1108 2642 1388 2673 sermonum
1417 2626 1586 2674 condi-

249 2710 420 2751 menta
444 2712 574 2750 sunt.
647 2703 774 2750 Nam
802 2703 935 2766 quod
960 2704 1093 2767 apud
1114 2704 1356 2751 Catonem
1384 2713 1475 2761 est,
1502 2704 1586 2768 qui

249 2781 407 2831 multa
442 2781 629 2840 retulit,
684 2797 744 2829 ex
782 2782 958 2845 quibus
995 2799 1023 2829 a
1058 2799 1137 2830 me
1188 2781 1402 2846 exempli
1439 2798 1587 2830 causa

250 2862 406 2912 multa
447 2871 718 2926 ponuntur,
760 2879 848 2927 per
890 2861 1008 2909 mihi
1052 2861 1230 2910 scitum
1272 2861 1487 2921 videtur,
1525 2861 1582 2910 C.
