2071 3508
327 605 438 647 344.

331 1850 436 1911 85.

329 1944 440 1984 345.

329 2408 442 2453 346.

468 420 546 460 212
955 417 1033 456 DE
1062 416 1175 457 ORA
1182 419 1341 458 TORE‘r

468 528 603 594 genii
627 527 790 592 aliqua
812 526 1067 587 facultate,
1092 536 1178 576 aut
1195 529 1345 576 animi
1368 529 1709 593 magnitudine
1732 548 1790 580 ac

469 609 662 657 robore.
731 607 861 654 Nam
883 605 1163 665 clementia,
1190 605 1399 671 justitia,
1423 607 1716 671 benignitas,
1742 609 1794 656 fi-

471 687 576 746 des,
600 685 840 734 fortitudo
864 685 914 731 in
938 684 1168 748 periculis
1194 685 1549 742 communibus,
1566 685 1794 750 jucunda

471 774 546 816 est
586 764 759 813 auditu
795 764 846 811 in
887 762 1249 811 laudationibus
1270 782 1282 810 :
1320 781 1489 812 omnes
1530 764 1662 812 enim
1701 766 1794 815 hae

468 845 679 894 virtutes
716 859 815 891 non
854 849 955 889 tam
991 841 1129 905 ipsiS‚
1167 842 1249 904 qui
1297 859 1377 889 eas
1411 843 1462 889 in
1504 859 1554 890 se
1590 843 1794 906 habent,

470 940 616 989 quam
641 921 812 988 generi
835 920 1089 968 hominum
1106 919 1388 968 fructuosae
1410 929 1664 985 putantur.
1714 924 1795 971 Sa-

469 994 658 1067 pientia
694 1008 746 1048 et
779 998 1071 1062 magnitudo
1094 998 1261 1056 animi,
1298 1015 1393 1061 qua
1416 1014 1586 1047 omnes
1609 1016 1684 1047 res
1708 1001 1796 1049 hu-

471 1095 646 1127 manae
670 1086 845 1126 tenues
884 1084 934 1124 et
966 1092 1056 1140 pro
1080 1075 1233 1123 nihilo
1255 1084 1492 1139 putantur
1512 1097 1525 1136 3
1565 1084 1616 1125 et
1638 1078 1690 1125 in
1715 1094 1797 1126 ex-

474 1156 741 1221 cogitando
764 1155 836 1202 vis
862 1154 1102 1218 quaedam
1125 1153 1331 1218 ingenii,
1367 1163 1418 1202 et
1439 1155 1798 1227 ipsa-eloquen-

471 1235 559 1294 tia,
584 1233 920 1282 admirationis
943 1232 1093 1279 habet
1129 1248 1229 1279 non
1264 1232 1442 1291 minus,
1468 1233 1797 1297 jucunditatis

472 1313 668 1361 minus:
706 1311 835 1377 ipsos
874 1310 1005 1360 enim
1047 1310 1200 1374 magis
1235 1310 1449 1370 videtur,
1491 1329 1611 1375 quos
1634 1312 1799 1361 lauda-

472 1408 600 1450 mus,
625 1407 771 1455 quam
795 1389 920 1448 illos,
946 1389 1077 1453 apud
1102 1405 1222 1452 quos
1245 1388 1518 1448 laudamus,
1543 1407 1715 1439 ornare
1739 1408 1798 1441 ac

470 1470 631 1518 tueri:
686 1468 773 1517 sed
813 1476 979 1516 tamen
1025 1468 1077 1515 in
1116 1466 1364 1516 laudando
1389 1467 1649 1532 jungenda
1685 1478 1801 1519 sunt

471 1549 622 1597 etiam
646 1548 770 1595 haec
794 1563 979 1611 genera
1001 1547 1238 1594 virtutum
1260 1566 1273 1605 3
1311 1545 1478 1594 ferunt
1502 1548 1633 1595 enim
1658 1565 1798 1597 aures

471 1626 747 1684 hominum,
773 1642 886 1673 cum
910 1625 1010 1684 illa,
1046 1642 1171 1689 quae
1186 1624 1412 1689 jucunda
1436 1633 1486 1673 et
1508 1634 1666 1690 grata,
1690 1634 1797 1675 tum

473 1706 623 1754 etiam
660 1704 760 1764 illa,
799 1721 923 1768 quae
961 1703 1199 1752 mirabilia
1234 1713 1347 1752 sunt
1381 1705 1433 1751 in
1462 1706 1661 1764 virtute,
1695 1705 1797 1754 lau-

473 1783 594 1832 dari.

539 1862 606 1909 Et
647 1861 877 1926 quoniam
915 1861 1216 1925 singularum
1240 1862 1479 1910 virtutum
1515 1871 1628 1912 sunt
1663 1872 1798 1912 certa

473 1940 714 2005 quaedam
739 1938 898 1987 officia
922 1957 979 1987 ac
1004 1956 1227 1998 munera,
1244 1948 1294 1988 et
1318 1958 1404 1988 sua
1426 1941 1603 2005 cuique
1626 1942 1798 1990 virtuti

470 2018 575 2068 laus
598 2017 795 2083 propria
819 2017 1028 2065 debetur
1047 2038 1060 2076 3
1090 2018 1183 2065 erit
1205 2018 1553 2082 explicandum
1577 2021 1628 2067 in
1650 2020 1797 2070 laude

461 2096 706 2162 justitiae,
732 2095 851 2158 quid
876 2112 988 2143 cum
1013 2095 1128 2154 fide,
1153 2096 1270 2160 quid
1296 2114 1409 2145 cum
1434 2099 1798 2163 aequabilitate,

472 2175 592 2239 quid
617 2190 729 2222 cum
756 2172 995 2236 ejusmodi
1020 2174 1183 2237 aliquo
1206 2174 1366 2224 officio
1390 2177 1448 2235 is,
1473 2178 1556 2240 qui
1579 2178 1797 2228 laudabi-

470 2261 570 2312 tur,
593 2252 803 2300 fecerit:
840 2252 1058 2315 itemque
1096 2253 1145 2299 in
1189 2255 1393 2302 caeteris
1430 2272 1507 2303 res
1540 2265 1710 2319 gestae
1733 2259 1798 2306 ad

470 2330 710 2396 cujusque
750 2330 945 2377 virtutis
986 2347 1159 2393 gemm,
1197 2338 1248 2378 et
1278 2331 1398 2390 vim,
1435 2342 1485 2380 et
1513 2350 1695 2382 nomen
1718 2353 1796 2385 ac-

473 2407 934 2458 commodabuntur.
994 2407 1284 2456 Gratissima
1307 2418 1472 2458 autem
1496 2411 1601 2460 laus
1627 2429 1795 2462 eorum

471 2486 716 2535 factorum
735 2486 961 2544 habetur,
986 2503 1110 2550 quae
1135 2496 1361 2552 suscepta
1377 2489 1609 2538 videntur
1631 2508 1660 2539 a
1682 2491 1798 2541 viris

470 2565 681 2614 fortibus
707 2564 811 2613 sine
837 2564 1170 2613 emolumento
1195 2583 1253 2614 ac
1275 2567 1494 2631 praemio
1515 2586 1527 2616 :
1565 2584 1690 2633 quae
1712 2587 1794 2620 ve-

470 2660 526 2692 ro
550 2645 698 2693 etiam
725 2660 838 2692 cum
862 2643 1026 2692 labore
1063 2651 1113 2692 et
1147 2644 1368 2708 periculo
1401 2646 1636 2711 ipsorum,
1670 2649 1794 2698 haec

469 2721 655 2770 habent
677 2721 972 2771 uberrimam
999 2722 1189 2786 copiam
1213 2723 1277 2771 ad
1303 2723 1623 2785 laudandum,
1661 2727 1793 2791 quod

471 2807 522 2847 et
546 2800 645 2848 dici
669 2799 972 2849 ornatissime
995 2810 1219 2865 possunt,
1260 2809 1311 2851 et
1350 2803 1506 2851 audiri
1541 2803 1788 2854 facillime.

470 2875 544 2924 Ea
568 2878 698 2927 enim
723 2878 936 2945 denique
959 2880 1112 2930 virtus
1147 2898 1252 2931 esse
1282 2881 1478 2932 videtur
1499 2883 1790 2949 praestantis
