2071 3508
400 429 479 465 442
899 421 1232 462 ORATORIAE

401 533 535 583 enim
559 532 873 598 amplificatio
908 532 1175 580 vehemens
1207 530 1449 595 quaedam
1473 546 1731 594 argumen-

401 613 558 673 tatio;
600 621 656 660 ut
693 612 775 660 illa
815 612 1029 660 docendi
1055 627 1202 659 causa
1225 610 1302 667 sit,
1339 610 1482 668 haec,
1519 625 1735 658 commo-

401 692 567 741 vendi.
660 691 851 738 Fers.
902 690 1060 754 Perge
1106 689 1257 753 igitur
1304 688 1476 736 ordine
1523 696 1736 752 quatuor

402 771 522 820 mihi
547 771 661 819 istas
686 778 849 834 partes
874 768 1138 833 explicare.
1211 768 1398 816 PATER.
1442 767 1660 826 Faciam,
1685 774 1737 816 et

405 866 435 898 a
473 849 728 914 principiis
763 849 975 912 primum
1012 846 1208 906 ordiar3
1259 862 1384 910 quae
1421 845 1621 910 quidem
1651 844 1739 893 du-

402 937 588 976 cuntur
612 935 698 975 aut
722 943 784 975 ex
808 926 1046 991 personis,
1083 933 1169 972 aut
1192 941 1256 973 ex
1279 925 1424 972 rebus
1448 924 1579 988 ipsis,
1651 923 1739 972 Su-

406 1014 609 1054 muntur
649 1014 816 1053 autem
853 1006 1001 1052 trium
1037 1020 1200 1052 rerum
1235 1004 1423 1068 gratia:
1470 1011 1529 1051 ut
1563 1003 1741 1063 amice,

406 1093 464 1133 ut
487 1083 844 1147 intelligenter,
876 1091 933 1130 ut
957 1090 1146 1130 attente
1171 1082 1443 1130 audiamur.
1515 1081 1742 1138 Quorum

407 1163 593 1228 primus
617 1162 756 1210 locus
793 1169 868 1209 est
902 1160 953 1208 in
976 1160 1198 1225 personis
1221 1160 1417 1218 nostris,
1447 1159 1745 1222 disceptato-

408 1258 536 1298 rum,
561 1241 951 1289 adversariorum
975 1257 986 1287 :
1031 1257 1058 1288 e
1084 1239 1261 1304 quibus
1284 1238 1426 1286 initia
1447 1236 1745 1286 benevolen-

406 1321 504 1370 tiae
531 1318 872 1368 conciliandae
909 1326 1275 1383 comparantur,
1316 1324 1403 1364 aut
1425 1315 1613 1364 meritis
1636 1331 1746 1364 nos-

408 1400 515 1458 tris,
552 1406 637 1446 aut
663 1396 927 1461 dignitate,
953 1403 1038 1443 aut
1062 1395 1226 1459 aliquo
1249 1411 1434 1459 genere
1457 1393 1669 1451 virtutiS,
1696 1400 1748 1442 et

410 1478 624 1527 maxime
648 1475 974 1534 liberalitatis,
999 1473 1164 1532 officii,
1182 1473 1425 1537 justitiae,
1449 1472 1597 1533 fidei3
1630 1489 1748 1521 con-

411 1558 669 1621 trariisque
685 1557 830 1604 rebus
846 1556 897 1602 in
914 1554 1216 1603 adversarios
1233 1551 1747 1611 conferendis,etcum

413 1638 489 1697 iis,
515 1637 599 1701 qui
625 1637 924 1700 disceptant,
949 1635 1112 1698 aliqua
1136 1632 1501 1697 conjunctionis
1525 1640 1611 1680 aut
1635 1648 1749 1681 cau-

415 1733 468 1764 sa
508 1723 594 1764 aut
635 1732 721 1779 spe
757 1713 1113 1779 significanda:
1159 1720 1223 1770 et,
1268 1712 1307 1760 si
1348 1712 1399 1758 in
1423 1727 1513 1759 nos
1548 1711 1750 1775 aliquod

416 1796 586 1845 odium
622 1794 887 1843 offensiove
914 1792 1093 1841 collata
1133 1793 1214 1850 sit,
1249 1791 1470 1839 tollenda
1493 1807 1552 1839 ea
1590 1790 1749 1839 minu-

417 1874 627 1931 endave,
651 1881 737 1920 aut
763 1870 1018 1929 diluendo,
1037 1879 1123 1918 aut
1147 1869 1485 1928 extenuando,
1509 1877 1595 1918 aut
1619 1886 1751 1918 com-

415 1952 689 2018 pensando,
709 1959 794 1999 aut
811 1949 1142 2016 deprecando.
1214 1948 1561 2012 Intelligenter
1584 1956 1751 1997 autem

418 2041 475 2081 ut
498 2031 774 2088 audiamur,
790 2039 841 2078 et
865 2019 1074 2088 attente,
1095 2046 1122 2076 a
1146 2029 1291 2076 rebus
1314 2028 1430 2092 ipsis
1455 2027 1751 2076 ordiendum

418 2120 508 2160 est.
581 2111 679 2158 Sed
702 2106 935 2158 facillime
961 2108 1156 2163 auditor
1181 2108 1344 2166 discit,
1387 2115 1456 2164 et,
1498 2106 1618 2171 quid
1641 2123 1754 2171 agap

419 2200 520 2249 tur,
561 2188 815 2252 intelligit,
855 2188 893 2236 si
921 2187 1252 2252 complectare
1277 2204 1305 2234 a
1328 2186 1572 2251 principio
1594 2201 1755 2250 genus

419 2277 746 2331 naturamque
772 2283 963 2323 causae,
1003 2267 1041 2313 si
1067 2266 1287 2324 definias,
1312 2265 1350 2313 si
1376 2264 1582 2323 dividas,
1607 2264 1647 2312 si
1670 2279 1756 2313 ne·

422 2365 517 2413 que
558 2347 873 2412 prudentiam
916 2346 1019 2410 ejus
1054 2346 1293 2410 impedias
1329 2343 1619 2393 confusione
1647 2359 1756 2408 par-

421 2428 568 2486 tium,
592 2443 687 2474 nec
712 2426 997 2474 memoriam
1024 2424 1363 2473 multitudine:
1391 2439 1614 2488 quaeque
1638 2439 1757 2472 mox

425 2506 486 2554 de
527 2505 807 2553 narratione
849 2504 1067 2552 dilucida
1105 2504 1348 2560 dicentur,
1398 2502 1571 2551 eadem
1607 2502 1756 2551 etiam

423 2585 522 2633 huc
563 2592 801 2649 poterunt
840 2592 976 2633 recte
1011 2582 1198 2632 referri.
1268 2583 1341 2632 Ut
1375 2591 1566 2631 attente
1590 2589 1758 2631 autem

425 2665 701 2724 audiamur,
760 2665 910 2712 trium
956 2681 1120 2712 rerum
1167 2663 1330 2728 aliqua
1381 2678 1757 2727 consequemur.

425 2744 557 2793 Nam
582 2751 668 2792 aut
708 2761 888 2809 magna
912 2743 1153 2808 quaedam
1176 2759 1523 2809 proponemus,
1566 2749 1653 2790 aut
1675 2757 1762 2790 ne-

427 2825 653 2883 cessaria,
694 2833 780 2873 aut
817 2822 1086 2888 conjuncta
1126 2840 1241 2872 cum
1280 2823 1415 2887 ipsis,
1469 2821 1602 2887 apud
1636 2835 1759 2885 quos

428 2918 504 2952 res
523 2911 714 2969 agetur.
785 2904 860 2954 Sit
900 2911 1068 2953 autem
1091 2903 1187 2954 hoc
1217 2903 1367 2953 etiam
1389 2902 1441 2951 in
1463 2898 1756 2968 praeceptiS,
