2071 3508
684 434 853 474 LIBER
882 433 1133 473 TERTIUS.
1498 440 1579 478 245

242 546 537 595 rhoneorum
559 561 570 591 :
609 543 698 592 sed
722 560 780 592 ea
807 544 984 591 horum
1009 543 1057 591 vi
1083 550 1134 591 et
1159 543 1574 607 disputationibus

240 634 355 673 sunt
368 623 562 690 jamdiu
585 622 759 680 fracta,
787 630 839 671 et
864 622 1101 670 extincta.
1164 622 1241 670 Ex
1266 621 1360 670 illis
1386 632 1573 683 autem,
1606 632 1687 676 63.

237 721 362 768 quae
401 710 678 763 remanent,
721 719 780 751 ea
818 702 1146 768 philosophia,
1189 719 1314 766 quae
1357 703 1575 767 suscepit

233 783 564 846 patrocinium
589 782 871 848 voluptatis,
916 782 1007 830 etsi
1047 781 1128 830 cui
1168 798 1285 829 vera
1325 781 1572 842 videatur,

230 861 404 925 procul
429 863 568 911 abest
591 870 760 911 tamen
785 863 845 910 ab
872 879 931 910 eo
954 861 1078 920 viro,
1099 876 1245 925 quem
1271 861 1570 925 quaerimus,

231 947 283 987 et
307 958 454 1005 quem
480 950 733 991 auctorem
776 941 963 1006 publici
1001 940 1205 997 consilii,
1246 949 1297 988 et
1320 941 1570 1005 regendae

231 1018 443 1068 civitatis
468 1020 667 1080 ducem,
705 1028 755 1069 et
779 1020 1054 1069 sententiae
1080 1028 1229 1083 atque
1256 1019 1569 1084 eloquentiae

227 1098 522 1164 principem,
563 1101 615 1148 in
651 1108 844 1158 senatu,
880 1100 931 1146 in
956 1099 1159 1163 populo,
1184 1099 1234 1146 in
1261 1099 1420 1147 causis
1443 1101 1567 1164 pub-

227 1175 334 1225 licis
359 1172 464 1226 ess'e
493 1179 737 1226 volumus
808 1179 919 1226 Nec
956 1179 1055 1225 ulla
1090 1187 1257 1226 tamen
1283 1179 1329 1226 ei
1353 1179 1565 1243 philoso-

226 1255 371 1319 phiae
395 1256 480 1305 fiet
504 1257 680 1322 injuria
718 1274 746 1305 a
786 1257 962 1305 nobis:
1001 1273 1102 1304 non
1139 1258 1271 1305 enim
1297 1258 1564 1323 repelletur

223 1335 361 1395 inde,
387 1353 485 1400 quo
511 1337 716 1401 aggredi
742 1336 911 1401 cupiet
932 1356 944 1395 3
985 1336 1072 1383 sed
1095 1336 1147 1383 in
1171 1336 1378 1385 hortulis
1405 1339 1564 1402 quies-

225 1422 332 1462 scet
356 1416 472 1475 suis,
509 1416 592 1463 ubi
629 1415 753 1474 wilt,
795 1415 879 1462 ubi
905 1415 1054 1463 etiam
1079 1416 1321 1463 recubans
1346 1417 1562 1465 molliter

225 1502 275 1541 et
317 1494 544 1551 delicate,
583 1511 671 1543 nos
704 1501 881 1543 avocat
921 1511 950 1541 a
990 1494 1172 1550 rostris,
1214 1511 1242 1541 a
1268 1493 1491 1559 judiciis,
1530 1514 1560 1545 a

222 1572 372 1628 curia,
399 1573 605 1622 fortasse
630 1573 896 1639 sapienter,
931 1572 1025 1621 hac
1059 1574 1350 1637 praesertim
1381 1577 1559 1640 repub-

219 1650 329 1699 lica.
402 1651 591 1699 Verum
634 1668 728 1716 ego
770 1667 870 1699 non
912 1667 1095 1715 quaero
1134 1668 1288 1711 nunc,
1330 1669 1458 1717 quae
1495 1654 1557 1703 sit
1589 1666 1668 1711 64,

216 1729 526 1795 philosophia
550 1731 819 1790 verissima,
851 1731 938 1779 sed
962 1747 1088 1795 quae
1113 1732 1295 1780 oratori
1321 1731 1556 1797 conjunc-

216 1816 268 1856 ta
304 1810 533 1859 maxime.
606 1810 773 1868 Quare
813 1811 933 1858 istos
971 1810 1075 1858 sine
1112 1809 1211 1858 ulla
1253 1812 1556 1862 contumelia

216 1888 553 1937 dimittamus:
593 1898 709 1938 sunt
733 1890 865 1938 enim
891 1898 941 1938 et
965 1889 1083 1938 boni
1107 1889 1213 1946 viri,
1242 1898 1293 1938 et
1318 1891 1552 1955 quoniam

214 1967 305 2015 sibi
342 1967 412 2016 ita
446 1969 693 2026 videntur,
720 1969 887 2017 beati:
925 1977 1220 2034 tantumque
1262 1985 1346 2017 eos
1383 1969 1550 2017 admo-

212 2062 435 2106 neamus,
473 2055 530 2095 ut
552 2047 693 2107 illud,
730 2047 879 2096 etiam
906 2048 944 2096 si
970 2057 1045 2097 est
1067 2048 1389 2105 verissimum,
1427 2049 1550 2097 taci-

211 2132 319 2172 tum
344 2134 530 2186 tamen,
555 2135 792 2192 tanquam
816 2128 1124 2193 mysterium,
1154 2136 1378 2187 teneant,
1415 2128 1549 2193 quod

211 2214 397 2269 negant
421 2207 600 2254 versari
626 2208 677 2254 in
701 2207 956 2271 republica
981 2225 1085 2256 esse
1110 2208 1359 2272 sapientis.
1415 2208 1546 2255 Nam

208 2284 247 2331 si
289 2284 384 2332 hoc
421 2285 580 2342 nobis,
604 2292 752 2346 atque
777 2285 965 2346 optimo
991 2287 1170 2348 cuique
1193 2285 1546 2348 persuaserint,

207 2378 307 2410 non
344 2370 582 2427 poterunt
614 2362 726 2427 ipsi*
744 2378 848 2410 esse
880 2362 958 2427 (id
992 2362 1128 2427 quod
1152 2363 1366 2411 maxime
1409 2365 1544 2429 cupi-

207 2440 321 2501 unt)
347 2441 507 2489 otiosi.

273 2528 464 2578 Stoicos
489 2533 671 2583 autem,
699 2542 821 2591 quos
845 2525 1048 2574 minime
1073 2524 1316 2590 improbo,
1343 2525 1540 2575 dimitto
1581 2531 1681 2593 18,

203 2618 404 2669 tamen;
445 2625 538 2658 nec
563 2626 647 2657 eos
671 2610 820 2658 iratos
843 2626 1035 2668 vereor,
1073 2608 1305 2673 quoniam
1337 2609 1538 2657 omnino
1571 2627 1649 2669 65,

201 2687 345 2736 irasci
369 2687 632 2736 nesciunt:
671 2696 820 2752 atque
855 2687 984 2735 hanc
1021 2687 1079 2734 iis
1115 2686 1275 2734 habeo
1309 2687 1535 2750 gratiam,

202 2766 337 2831 quod
373 2766 460 2814 soli
498 2783 560 2814 ex
596 2766 823 2814 omnibus
859 2765 1192 2830 eloquentiam
1217 2764 1451 2813 virtutem
1478 2782 1535 2815 ac

199 2845 489 2910 sapientiam
515 2862 619 2894 esse
645 2845 911 2893 dixerunt:
951 2844 1038 2892 sed
1072 2851 1338 2908 utrumque
1375 2851 1449 2892 est
1483 2844 1536 2892 in

201 2923 293 2984 his,
319 2924 453 2989 quod
476 2924 536 2973 ab
556 2924 670 2983 hoc,
691 2939 837 2989 quem
856 2922 1157 2979 instruimus,
1179 2929 1372 2972 oratore
1391 2922 1535 2971 valde

1117 3018 1149 3055 Q
1166 3010 1194 3050 3
