2071 3508
716 397 881 436 LIBER
912 395 1049 436 PRIM
1058 396 1132 436 US.
1539 398 1586 435 21

267 505 513 554 admoveri
537 505 687 569 possit
711 505 865 554 oratio
901 504 964 552 ad
999 521 1166 552 sensus
1192 503 1482 561 animorum,
1519 511 1588 550 at-

265 601 359 647 que
396 593 556 631 motus
591 582 668 631 vel
710 582 1099 640 inflammandos,
1135 582 1214 630 vel
1251 582 1401 629 etiam
1429 581 1587 628 extin-

260 662 502 724 guendOS,
544 661 701 726 (quod
746 675 899 708 unum
948 661 996 707 in
1043 670 1236 708 oratore
1283 658 1589 720 dominatur)

261 738 364 787 sine
390 740 760 804 diligentissima
793 739 1208 804 pervestigatione
1242 747 1408 786 earum
1434 738 1588 785 omni-

260 833 342 864 um
385 819 648 878 rationum,
680 835 805 882 quae
835 817 896 866 de
929 819 1112 866 naturis
1148 817 1348 864 humani
1390 817 1586 881 generis

258 907 316 943 ae
363 898 578 946 moribus
634 914 662 945 a
717 896 1016 962 philosophis
1075 896 1422 960 explicantur?
1494 891 1585 942 At·
1617 900 1696 943 61.

259 990 354 1038 que
402 975 533 1024 haud
579 977 680 1025 scio
716 992 778 1024 an
824 976 983 1023 minus
1030 975 1124 1023 hoc
1157 975 1294 1023 vobis
1342 974 1430 1021 sim
1477 989 1586 1038 pro-

258 1054 486 1115 baturus;
531 1055 761 1120 equidem
802 1071 901 1103 non
944 1055 1198 1112 dubitabo,
1238 1053 1370 1118 quod
1409 1052 1586 1111 sentio,

258 1131 439 1181 dicere.
511 1134 719 1199 Physica
759 1134 852 1182 ista
892 1134 1012 1198 ipsa,
1055 1142 1104 1182 et
1140 1131 1506 1189 mathematica,
1537 1139 1588 1178 et

258 1226 382 1274 quae
418 1212 565 1276 paulo
603 1221 717 1261 ante
749 1221 1054 1261 caeterarum
1079 1212 1258 1259 artium
1282 1211 1478 1274 propria
1502 1225 1587 1271 po-

258 1289 413 1347 suisti,
439 1290 672 1337 scientiue
698 1300 812 1335 sunt
836 1306 1025 1342 eorum,
1051 1289 1132 1349 qui
1159 1288 1240 1333 illa
1262 1287 1585 1349 profitentur:

258 1365 496 1414 illustrare
533 1374 698 1413 autem
734 1364 954 1412 oratione
991 1363 1139 1425 siquis
1169 1364 1284 1409 istas
1308 1362 1435 1425 ipsas
1461 1371 1588 1410 artes

259 1444 395 1502 velit,
432 1444 495 1492 a'd
532 1444 735 1492 oratoris
772 1441 815 1490 ei
852 1439 1241 1503 confugiendum
1280 1447 1353 1486 est
1383 1438 1588 1487 faculta-

257 1531 373 1570 tem.
439 1523 615 1586 Neque
641 1521 791 1578 enim,
831 1520 868 1567 si
902 1518 1157 1566 Philonem
1183 1517 1321 1565 illum
1346 1517 1586 1567 architec-
1618 1529 1696 1570 62.

254 1609 378 1659 tum,
420 1600 503 1663 qui
546 1598 934 1647 Atheniensibus
976 1596 1408 1644 armamentarium
1443 1595 1583 1656 fecit,

254 1686 445 1727 constat
482 1678 753 1743 perdiserte
793 1675 977 1741 populo
1024 1676 1265 1723 rationem
1306 1676 1467 1740 operis
1509 1676 1583 1723 sui

251 1757 540 1816 reddidisse,
582 1755 964 1804 existimandum
1007 1762 1081 1802 est
1123 1754 1384 1802 architecti
1418 1755 1583 1818 potius

252 1835 456 1885 artificio
482 1836 737 1894 disertum,
777 1851 924 1899 quam
961 1834 1184 1891 oratoris,
1216 1832 1380 1880 fuisse.
1453 1833 1582 1892 Nec,

251 1914 289 1962 si
327 1914 443 1963 huic
484 1914 556 1962 M.
587 1913 810 1962 Antonio
848 1930 938 1977 pro
979 1912 1293 1960 Hermodoro
1323 1910 1495 1958 fuisset
1521 1911 1582 1960 de

250 1994 495 2041 navalium
521 2010 670 2058 opere
696 1992 984 2049 dicendum,
1004 2007 1123 2048 non,
1144 2007 1256 2052 cum
1282 1991 1341 2037 ab
1367 1989 1450 2036 illo
1470 2006 1583 2037 cau-

251 2088 352 2119 sam
378 2072 649 2130 didicisset,
675 2071 777 2135 ipse
803 2078 973 2117 ornate
1000 2070 1061 2117 de
1088 2068 1248 2117 alieno
1268 2067 1476 2115 artificio
1503 2085 1582 2116 co-

248 2150 482 2214 pioseque
507 2150 725 2198 dixisset.
796 2149 974 2212 Neque
1011 2164 1128 2195 vero
1167 2146 1488 2210 Asclepiades
1522 2148 1581 2205 is,

249 2246 347 2293 quo
371 2245 459 2277 nos
484 2229 678 2276 medico
702 2227 960 2290 amicoque
995 2227 1069 2274 usi
1105 2243 1285 2282 sumus,
1313 2233 1439 2284 tum,
1466 2242 1579 2273 cum

249 2307 529 2372 eloquentia
564 2307 796 2356 vincebat
832 2314 1051 2354 caeteros
1077 2305 1315 2363 medicos,
1352 2305 1402 2351 iu
1427 2321 1486 2352 eo
1510 2305 1579 2368 ip-

247 2403 319 2446 so,
344 2387 477 2450 quod
495 2395 666 2434 ornate
687 2386 902 2444 dicebat,
923 2385 1197 2432 medicinae
1217 2383 1454 2432 facultate
1473 2392 1578 2431 utc-

246 2467 407 2524 batnr,
432 2465 531 2513 non
551 2465 874 2529 eloquentiae.
930 2464 1097 2527 Atque
1114 2462 1235 2510 illud
1260 2472 1331 2511 est
1356 2463 1578 2527 probabi·
1610 2472 1687 2512 63.

247 2544 357 2602 lius,
383 2560 544 2607 neque
568 2552 733 2591 tamen
759 2559 948 2600 verum,
980 2541 1112 2605 qnod
1150 2542 1374 2589 Socrates
1411 2541 1576 2588 dicere

248 2622 453 2680 solebat,
489 2638 644 2670 omnes
667 2623 714 2669 in
740 2639 813 2680 eo,
849 2623 976 2684 quod
1002 2622 1192 2678 scirent,
1230 2621 1342 2667 salis
1366 2635 1463 2666 esse
1486 2620 1577 2665 elo-

248 2709 452 2765 quentes.
525 2700 655 2748 Illud
684 2701 844 2747 verius
865 2719 878 2758 ;
918 2715 1078 2762 neque
1115 2714 1392 2760 quenquam
1431 2697 1477 2743 in
1517 2715 1576 2745 eo

248 2779 483 2827 disertum
517 2795 621 2828 esse
656 2795 816 2844 posse,
842 2777 974 2841 quod
999 2776 1203 2834 nesciat,
1240 2792 1419 2839 neque,
1456 2775 1493 2822 si
1523 2776 1574 2822 id

247 2859 431 2923 optime
457 2859 597 2919 sciat,
621 2858 916 2924 ignamsque
937 2856 996 2906 sit
1021 2854 1283 2904 faciundae
1301 2872 1359 2904 ac
1384 2853 1575 2920 poliun-

1138 2950 1166 2980 B
1194 2943 1223 2981 3

1092 3158 1143 3210 y.
