<?xml version="1.0" encoding="UTF-8"?>
<!DOCTYPE html PUBLIC "-//W3C//DTD XHTML 1.0 Transitional//EN"
    "http://www.w3.org/TR/xhtml1/DTD/xhtml1-transitional.dtd">
<html xmlns="http://www.w3.org/1999/xhtml" xml:lang="en" lang="en">
 <head>
  <title>
</title>
<meta http-equiv="Content-Type" content="text/html;charset=utf-8" />
  <meta name='ocr-system' content='tesseract 3.04.00' />
  <meta name='ocr-capabilities' content='ocr_page ocr_carea ocr_par ocr_line ocrx_word'/>
</head>
<body>
  <div class='ocr_page' id='page_1' title='image "./deoratorelibrit00ciceuoft_0198.png"; bbox 0 0 2071 3508; ppageno 0'>
   <div class='ocr_carea' id='block_1_1' title="bbox 288 669 396 731">
    <p class='ocr_par' dir='ltr' id='par_1_1' title="bbox 288 669 396 731">
     <span class='ocr_line' id='line_1_1' title="bbox 288 669 396 731; baseline -0.009 -1"><span class='ocrx_word' id='word_1_1' title='bbox 288 669 396 731; x_wconf 86' lang='lat'>69.</span> 
     </span>
    </p>
   </div>
   <div class='ocr_carea' id='block_1_2' title="bbox 291 762 402 807">
    <p class='ocr_par' dir='ltr' id='par_1_2' title="bbox 291 762 402 807">
     <span class='ocr_line' id='line_1_2' title="bbox 291 762 402 807; baseline 0.018 -7"><span class='ocrx_word' id='word_1_2' title='bbox 291 762 402 807; x_wconf 81' lang='lat'><strong>278.</strong></span> 
     </span>
    </p>
   </div>
   <div class='ocr_carea' id='block_1_3' title="bbox 296 1554 407 1601">
    <p class='ocr_par' dir='ltr' id='par_1_3' title="bbox 296 1554 407 1601">
     <span class='ocr_line' id='line_1_3' title="bbox 296 1554 407 1601; baseline 0.009 -6"><span class='ocrx_word' id='word_1_3' title='bbox 296 1554 407 1601; x_wconf 78' lang='lat'>279.</span> 
     </span>
    </p>
   </div>
   <div class='ocr_carea' id='block_1_4' title="bbox 437 412 1286 456">
    <p class='ocr_par' dir='ltr' id='par_1_4' title="bbox 437 412 1286 456">
     <span class='ocr_line' id='line_1_4' title="bbox 437 412 1286 456; baseline -0.002 -2"><span class='ocrx_word' id='word_1_4' title='bbox 437 421 455 454; x_wconf 92' lang='lat'>1</span> <span class='ocrx_word' id='word_1_5' title='bbox 464 419 516 456; x_wconf 83' lang='lat'>90</span> <span class='ocrx_word' id='word_1_6' title='bbox 911 414 988 453; x_wconf 90' lang='lat' dir='ltr'>DE</span> <span class='ocrx_word' id='word_1_7' title='bbox 1018 412 1286 453; x_wconf 85' lang='lat' dir='ltr'><strong>ORATORE</strong></span> 
     </span>
    </p>
   </div>
   <div class='ocr_carea' id='block_1_5' title="bbox 431 519 1774 2131">
    <p class='ocr_par' dir='ltr' id='par_1_5' title="bbox 431 519 1762 652">
     <span class='ocr_line' id='line_1_5' title="bbox 431 519 1762 589; baseline -0.001 -17"><span class='ocrx_word' id='word_1_8' title='bbox 431 523 534 589; x_wconf 86' lang='lat' dir='ltr'>pol,</span> <span class='ocrx_word' id='word_1_9' title='bbox 569 523 748 588; x_wconf 87' lang='lat' dir='ltr'>inquit,</span> <span class='ocrx_word' id='word_1_10' title='bbox 783 519 974 584; x_wconf 82' lang='lat' dir='ltr'>audeo3</span> <span class='ocrx_word' id='word_1_11' title='bbox 1012 540 1126 571; x_wconf 91' lang='lat' dir='ltr'>nam</span> <span class='ocrx_word' id='word_1_12' title='bbox 1150 540 1229 572; x_wconf 93' lang='lat' dir='ltr'>me</span> <span class='ocrx_word' id='word_1_13' title='bbox 1254 522 1317 571; x_wconf 90' lang='lat' dir='ltr'>ad</span> <span class='ocrx_word' id='word_1_14' title='bbox 1340 521 1568 581; x_wconf 83' lang='lat' dir='ltr'>famosas,</span> <span class='ocrx_word' id='word_1_15' title='bbox 1601 521 1762 571; x_wconf 82' lang='lat' dir='ltr'>vetuit</span> 
     </span>
     <span class='ocr_line' id='line_1_6' title="bbox 433 602 869 652; baseline -0.005 -1"><span class='ocrx_word' id='word_1_16' title='bbox 433 610 590 651; x_wconf 91' lang='lat' dir='ltr'>mater</span> <span class='ocrx_word' id='word_1_17' title='bbox 614 602 869 652; x_wconf 84' lang='lat' dir='ltr'>accedere.</span> 
     </span>
    </p>

    <p class='ocr_par' dir='ltr' id='par_1_6' title="bbox 431 679 1774 1999">
     <span class='ocr_line' id='line_1_7' title="bbox 500 679 1764 744; baseline -0.002 -15"><span class='ocrx_word' id='word_1_18' title='bbox 500 681 634 729; x_wconf 90' lang='lat' dir='ltr'>Salsa</span> <span class='ocrx_word' id='word_1_19' title='bbox 657 689 772 729; x_wconf 86' lang='lat' dir='ltr'>sunt</span> <span class='ocrx_word' id='word_1_20' title='bbox 796 680 964 738; x_wconf 81' lang='lat' dir='ltr'>etiam,</span> <span class='ocrx_word' id='word_1_21' title='bbox 989 696 1114 744; x_wconf 87' lang='lat' dir='ltr'>quae</span> <span class='ocrx_word' id='word_1_22' title='bbox 1138 679 1326 728; x_wconf 87' lang='lat' dir='ltr'>habent</span> <span class='ocrx_word' id='word_1_23' title='bbox 1350 679 1678 743; x_wconf 83' lang='lat' dir='ltr'>suspicionem</span> <span class='ocrx_word' id='word_1_24' title='bbox 1701 679 1764 727; x_wconf 85' lang='lat' dir='ltr'>ri-</span> 
     </span>
     <span class='ocr_line' id='line_1_8' title="bbox 433 757 1764 823; baseline -0.002 -14"><span class='ocrx_word' id='word_1_25' title='bbox 433 761 586 810; x_wconf 90' lang='lat' dir='ltr'>diculi</span> <span class='ocrx_word' id='word_1_26' title='bbox 601 760 940 809; x_wconf 83' lang='lat' dir='ltr'>absconditam</span> <span class='ocrx_word' id='word_1_27' title='bbox 958 779 971 818; x_wconf 90' lang='lat'>;</span> <span class='ocrx_word' id='word_1_28' title='bbox 1000 776 1096 823; x_wconf 92' lang='lat' dir='ltr'>quo</span> <span class='ocrx_word' id='word_1_29' title='bbox 1111 759 1163 807; x_wconf 90' lang='lat' dir='ltr'>in</span> <span class='ocrx_word' id='word_1_30' title='bbox 1181 774 1364 823; x_wconf 85' lang='lat' dir='ltr'>genere</span> <span class='ocrx_word' id='word_1_31' title='bbox 1384 766 1458 807; x_wconf 92' lang='lat' dir='ltr'>est</span> <span class='ocrx_word' id='word_1_32' title='bbox 1480 757 1603 806; x_wconf 88' lang='lat' dir='ltr'>illud</span> <span class='ocrx_word' id='word_1_33' title='bbox 1628 757 1764 806; x_wconf 48' lang='lat' dir='ltr'>Sioua</span> 
     </span>
     <span class='ocr_line' id='line_1_9' title="bbox 431 835 1765 901; baseline -0.002 -14"><span class='ocrx_word' id='word_1_34' title='bbox 431 839 485 898; x_wconf 86' lang='lat' dir='ltr'>li,</span> <span class='ocrx_word' id='word_1_35' title='bbox 519 839 618 898; x_wconf 82' lang='lat' dir='ltr'>cui,</span> <span class='ocrx_word' id='word_1_36' title='bbox 660 855 774 887; x_wconf 88' lang='lat' dir='ltr'>cum</span> <span class='ocrx_word' id='word_1_37' title='bbox 798 837 1046 886; x_wconf 87' lang='lat' dir='ltr'>familiaris</span> <span class='ocrx_word' id='word_1_38' title='bbox 1071 837 1270 901; x_wconf 90' lang='lat' dir='ltr'>quidam</span> <span class='ocrx_word' id='word_1_39' title='bbox 1296 844 1602 900; x_wconf 81' lang='lat' dir='ltr'>quereretur,</span> <span class='ocrx_word' id='word_1_40' title='bbox 1631 835 1765 900; x_wconf 93' lang='lat' dir='ltr'>quod</span> 
     </span>
     <span class='ocr_line' id='line_1_10' title="bbox 435 914 1764 980; baseline -0.003 -14"><span class='ocrx_word' id='word_1_41' title='bbox 435 918 640 973; x_wconf 87' lang='lat' dir='ltr'>diceret,</span> <span class='ocrx_word' id='word_1_42' title='bbox 685 933 891 965; x_wconf 80' lang='lat' dir='ltr'>uxorem</span> <span class='ocrx_word' id='word_1_43' title='bbox 928 932 1065 964; x_wconf 90' lang='lat' dir='ltr'>suam</span> <span class='ocrx_word' id='word_1_44' title='bbox 1101 915 1411 980; x_wconf 86' lang='lat' dir='ltr'>suspendisse</span> <span class='ocrx_word' id='word_1_45' title='bbox 1445 932 1497 964; x_wconf 91' lang='lat' dir='ltr'>se</span> <span class='ocrx_word' id='word_1_46' title='bbox 1532 916 1595 962; x_wconf 88' lang='lat' dir='ltr'>de</span> <span class='ocrx_word' id='word_1_47' title='bbox 1629 914 1764 974; x_wconf 87' lang='lat' dir='ltr'>ficu;</span> 
     </span>
     <span class='ocr_line' id='line_1_11' title="bbox 437 994 1766 1059; baseline -0.003 -15"><span class='ocrx_word' id='word_1_48' title='bbox 437 996 634 1044; x_wconf 84' lang='lat' dir='ltr'>Amabo</span> <span class='ocrx_word' id='word_1_49' title='bbox 669 1004 739 1054; x_wconf 84' lang='lat' dir='ltr'>te,</span> <span class='ocrx_word' id='word_1_50' title='bbox 774 995 949 1059; x_wconf 88' lang='lat' dir='ltr'>inquit,</span> <span class='ocrx_word' id='word_1_51' title='bbox 989 995 1051 1043; x_wconf 91' lang='lat' dir='ltr'>da</span> <span class='ocrx_word' id='word_1_52' title='bbox 1086 994 1205 1041; x_wconf 89' lang='lat' dir='ltr'>mihi</span> <span class='ocrx_word' id='word_1_53' title='bbox 1241 1010 1305 1042; x_wconf 83' lang='lat' dir='ltr'>ex</span> <span class='ocrx_word' id='word_1_54' title='bbox 1327 994 1421 1042; x_wconf 88' lang='lat' dir='ltr'>ista</span> <span class='ocrx_word' id='word_1_55' title='bbox 1448 994 1620 1041; x_wconf 87' lang='lat' dir='ltr'>arbore</span> <span class='ocrx_word' id='word_1_56' title='bbox 1644 1009 1766 1057; x_wconf 86' lang='lat' dir='ltr'>quos</span> 
     </span>
     <span class='ocr_line' id='line_1_12' title="bbox 437 1070 1769 1137; baseline -0.002 -16"><span class='ocrx_word' id='word_1_57' title='bbox 437 1091 593 1122; x_wconf 90' lang='lat' dir='ltr'>seram</span> <span class='ocrx_word' id='word_1_58' title='bbox 637 1072 872 1121; x_wconf 83' lang='lat' dir='ltr'>surculos.</span> <span class='ocrx_word' id='word_1_59' title='bbox 978 1074 1039 1120; x_wconf 92' lang='lat' dir='ltr'>In</span> <span class='ocrx_word' id='word_1_60' title='bbox 1075 1073 1251 1121; x_wconf 84' lang='lat' dir='ltr'>eodem</span> <span class='ocrx_word' id='word_1_61' title='bbox 1285 1089 1468 1137; x_wconf 84' lang='lat' dir='ltr'>genere</span> <span class='ocrx_word' id='word_1_62' title='bbox 1504 1080 1598 1131; x_wconf 85' lang='lat' dir='ltr'>est,</span> <span class='ocrx_word' id='word_1_63' title='bbox 1631 1070 1769 1136; x_wconf 92' lang='lat' dir='ltr'>quod</span> 
     </span>
     <span class='ocr_line' id='line_1_13' title="bbox 438 1151 1769 1216; baseline -0.002 -16"><span class='ocrx_word' id='word_1_64' title='bbox 438 1152 645 1200; x_wconf 83' lang='lat' dir='ltr'>Catulus</span> <span class='ocrx_word' id='word_1_65' title='bbox 683 1152 809 1199; x_wconf 80' lang='lat' dir='ltr'>dixit</span> <span class='ocrx_word' id='word_1_66' title='bbox 845 1152 1041 1199; x_wconf 89' lang='lat' dir='ltr'>cuidam</span> <span class='ocrx_word' id='word_1_67' title='bbox 1065 1152 1246 1199; x_wconf 89' lang='lat' dir='ltr'>oratori</span> <span class='ocrx_word' id='word_1_68' title='bbox 1270 1151 1430 1211; x_wconf 89' lang='lat' dir='ltr'>malo;</span> <span class='ocrx_word' id='word_1_69' title='bbox 1469 1152 1552 1216; x_wconf 93' lang='lat' dir='ltr'>qui</span> <span class='ocrx_word' id='word_1_70' title='bbox 1577 1167 1693 1199; x_wconf 91' lang='lat' dir='ltr'>cum</span> <span class='ocrx_word' id='word_1_71' title='bbox 1715 1151 1769 1197; x_wconf 88' lang='lat' dir='ltr'>in</span> 
     </span>
     <span class='ocr_line' id='line_1_14' title="bbox 437 1230 1770 1295; baseline 0 -17"><span class='ocrx_word' id='word_1_72' title='bbox 437 1230 634 1295; x_wconf 78' lang='lat' dir='ltr'>epilogo</span> <span class='ocrx_word' id='word_1_73' title='bbox 658 1230 1044 1278; x_wconf 87' lang='lat' dir='ltr'>misericordiam</span> <span class='ocrx_word' id='word_1_74' title='bbox 1069 1247 1120 1278; x_wconf 89' lang='lat' dir='ltr'>se</span> <span class='ocrx_word' id='word_1_75' title='bbox 1156 1231 1364 1278; x_wconf 86' lang='lat' dir='ltr'>movisse</span> <span class='ocrx_word' id='word_1_76' title='bbox 1387 1238 1604 1294; x_wconf 88' lang='lat' dir='ltr'>putaret,</span> <span class='ocrx_word' id='word_1_77' title='bbox 1638 1237 1770 1293; x_wconf 82' lang='lat' dir='ltr'>post-</span> 
     </span>
     <span class='ocr_line' id='line_1_15' title="bbox 438 1308 1772 1373; baseline 0 -17"><span class='ocrx_word' id='word_1_78' title='bbox 438 1326 584 1373; x_wconf 83' lang='lat' dir='ltr'>quam</span> <span class='ocrx_word' id='word_1_79' title='bbox 610 1309 809 1368; x_wconf 81' lang='lat' dir='ltr'>assedit,</span> <span class='ocrx_word' id='word_1_80' title='bbox 844 1309 1035 1373; x_wconf 86' lang='lat' dir='ltr'>rogavit</span> <span class='ocrx_word' id='word_1_81' title='bbox 1059 1309 1213 1367; x_wconf 83' lang='lat' dir='ltr'>hunc,</span> <span class='ocrx_word' id='word_1_82' title='bbox 1245 1308 1561 1356; x_wconf 87' lang='lat' dir='ltr'>videretume</span> <span class='ocrx_word' id='word_1_83' title='bbox 1585 1308 1772 1356; x_wconf 88' lang='lat' dir='ltr'>miseri-</span> 
     </span>
     <span class='ocr_line' id='line_1_16' title="bbox 439 1386 1770 1451; baseline -0.002 -16"><span class='ocrx_word' id='word_1_84' title='bbox 439 1388 657 1436; x_wconf 82' lang='lat' dir='ltr'>cordiam</span> <span class='ocrx_word' id='word_1_85' title='bbox 700 1388 945 1436; x_wconf 83' lang='lat' dir='ltr'>movisse?</span> <span class='ocrx_word' id='word_1_86' title='bbox 1033 1387 1112 1435; x_wconf 89' lang='lat' dir='ltr'>Ac</span> <span class='ocrx_word' id='word_1_87' title='bbox 1154 1403 1384 1451; x_wconf 89' lang='lat' dir='ltr'>magnam</span> <span class='ocrx_word' id='word_1_88' title='bbox 1427 1386 1646 1450; x_wconf 91' lang='lat' dir='ltr'>quidem,</span> <span class='ocrx_word' id='word_1_89' title='bbox 1696 1387 1770 1434; x_wconf 90' lang='lat' dir='ltr'>in-</span> 
     </span>
     <span class='ocr_line' id='line_1_17' title="bbox 439 1465 1771 1530; baseline -0.001 -16"><span class='ocrx_word' id='word_1_90' title='bbox 439 1467 577 1530; x_wconf 89' lang='lat' dir='ltr'>quit:</span> <span class='ocrx_word' id='word_1_91' title='bbox 615 1467 863 1514; x_wconf 90' lang='lat' dir='ltr'>neminem</span> <span class='ocrx_word' id='word_1_92' title='bbox 901 1466 1031 1514; x_wconf 91' lang='lat' dir='ltr'>enim</span> <span class='ocrx_word' id='word_1_93' title='bbox 1056 1475 1178 1530; x_wconf 92' lang='lat' dir='ltr'>puto</span> <span class='ocrx_word' id='word_1_94' title='bbox 1211 1483 1315 1514; x_wconf 89' lang='lat' dir='ltr'>esse</span> <span class='ocrx_word' id='word_1_95' title='bbox 1339 1474 1441 1513; x_wconf 89' lang='lat' dir='ltr'>tam</span> <span class='ocrx_word' id='word_1_96' title='bbox 1467 1465 1664 1524; x_wconf 84' lang='lat' dir='ltr'>durum,</span> <span class='ocrx_word' id='word_1_97' title='bbox 1688 1466 1771 1513; x_wconf 82' lang='lat' dir='ltr'>cui</span> 
     </span>
     <span class='ocr_line' id='line_1_18' title="bbox 441 1543 1772 1608; baseline 0 -16"><span class='ocrx_word' id='word_1_98' title='bbox 441 1561 541 1593; x_wconf 90' lang='lat' dir='ltr'>non</span> <span class='ocrx_word' id='word_1_99' title='bbox 565 1545 720 1593; x_wconf 89' lang='lat' dir='ltr'>oratio</span> <span class='ocrx_word' id='word_1_100' title='bbox 756 1554 842 1593; x_wconf 92' lang='lat' dir='ltr'>tua</span> <span class='ocrx_word' id='word_1_101' title='bbox 878 1545 1154 1593; x_wconf 87' lang='lat' dir='ltr'>miseranda</span> <span class='ocrx_word' id='word_1_102' title='bbox 1189 1545 1291 1592; x_wconf 85' lang='lat' dir='ltr'>visa</span> <span class='ocrx_word' id='word_1_103' title='bbox 1315 1545 1390 1592; x_wconf 86' lang='lat' dir='ltr'>sit.</span> <span class='ocrx_word' id='word_1_104' title='bbox 1456 1545 1546 1592; x_wconf 92' lang='lat' dir='ltr'>Me</span> <span class='ocrx_word' id='word_1_105' title='bbox 1571 1543 1772 1608; x_wconf 91' lang='lat' dir='ltr'>quidem</span> 
     </span>
     <span class='ocr_line' id='line_1_19' title="bbox 441 1621 1772 1686; baseline -0.002 -15"><span class='ocrx_word' id='word_1_106' title='bbox 441 1624 642 1673; x_wconf 87' lang='lat' dir='ltr'>hercule</span> <span class='ocrx_word' id='word_1_107' title='bbox 667 1624 810 1672; x_wconf 88' lang='lat' dir='ltr'>valde</span> <span class='ocrx_word' id='word_1_108' title='bbox 847 1624 930 1671; x_wconf 89' lang='lat' dir='ltr'>illa</span> <span class='ocrx_word' id='word_1_109' title='bbox 958 1632 1159 1672; x_wconf 84' lang='lat' dir='ltr'>movent</span> <span class='ocrx_word' id='word_1_110' title='bbox 1197 1623 1523 1682; x_wconf 80' lang='lat' dir='ltr'>stomachosa,</span> <span class='ocrx_word' id='word_1_111' title='bbox 1560 1630 1611 1671; x_wconf 93' lang='lat' dir='ltr'>et</span> <span class='ocrx_word' id='word_1_112' title='bbox 1634 1621 1772 1686; x_wconf 88' lang='lat' dir='ltr'>quasi</span> 
     </span>
     <span class='ocr_line' id='line_1_20' title="bbox 443 1701 1774 1758; baseline -0.003 -6"><span class='ocrx_word' id='word_1_113' title='bbox 443 1705 726 1752; x_wconf 88' lang='lat' dir='ltr'>submorosa</span> <span class='ocrx_word' id='word_1_114' title='bbox 761 1702 982 1758; x_wconf 87' lang='lat' dir='ltr'>ridicula,</span> <span class='ocrx_word' id='word_1_115' title='bbox 1028 1719 1140 1750; x_wconf 88' lang='lat' dir='ltr'>cum</span> <span class='ocrx_word' id='word_1_116' title='bbox 1176 1718 1276 1750; x_wconf 91' lang='lat' dir='ltr'>non</span> <span class='ocrx_word' id='word_1_117' title='bbox 1309 1719 1337 1749; x_wconf 89' lang='lat' dir='ltr'>a</span> <span class='ocrx_word' id='word_1_118' title='bbox 1372 1718 1565 1750; x_wconf 90' lang='lat' dir='ltr'>moroso</span> <span class='ocrx_word' id='word_1_119' title='bbox 1600 1701 1774 1749; x_wconf 81' lang='lat' dir='ltr'>dicun-</span> 
     </span>
     <span class='ocr_line' id='line_1_21' title="bbox 443 1779 1773 1842; baseline -0.002 -13"><span class='ocrx_word' id='word_1_120' title='bbox 443 1790 554 1842; x_wconf 83' lang='lat' dir='ltr'>tur3</span> <span class='ocrx_word' id='word_1_121' title='bbox 592 1787 698 1829; x_wconf 89' lang='lat' dir='ltr'>tum</span> <span class='ocrx_word' id='word_1_122' title='bbox 725 1781 855 1828; x_wconf 89' lang='lat' dir='ltr'>enim</span> <span class='ocrx_word' id='word_1_123' title='bbox 892 1794 991 1828; x_wconf 89' lang='lat' dir='ltr'>non</span> <span class='ocrx_word' id='word_1_124' title='bbox 1028 1780 1110 1837; x_wconf 89' lang='lat' dir='ltr'>sal,</span> <span class='ocrx_word' id='word_1_125' title='bbox 1155 1780 1241 1828; x_wconf 87' lang='lat' dir='ltr'>sed</span> <span class='ocrx_word' id='word_1_126' title='bbox 1264 1788 1439 1829; x_wconf 83' lang='lat' dir='ltr'>natura</span> <span class='ocrx_word' id='word_1_127' title='bbox 1462 1781 1683 1829; x_wconf 82' lang='lat' dir='ltr'>ridetur:</span> <span class='ocrx_word' id='word_1_128' title='bbox 1720 1779 1773 1826; x_wconf 87' lang='lat' dir='ltr'>in</span> 
     </span>
     <span class='ocr_line' id='line_1_22' title="bbox 445 1858 1773 1924; baseline -0.002 -16"><span class='ocrx_word' id='word_1_129' title='bbox 445 1877 561 1924; x_wconf 82' lang='lat' dir='ltr'>quo,</span> <span class='ocrx_word' id='word_1_130' title='bbox 596 1868 652 1908; x_wconf 90' lang='lat' dir='ltr'>ut</span> <span class='ocrx_word' id='word_1_131' title='bbox 687 1859 807 1906; x_wconf 89' lang='lat' dir='ltr'>mihi</span> <span class='ocrx_word' id='word_1_132' title='bbox 842 1860 1057 1918; x_wconf 81' lang='lat' dir='ltr'>videtur,</span> <span class='ocrx_word' id='word_1_133' title='bbox 1092 1858 1360 1924; x_wconf 87' lang='lat' dir='ltr'>persalsum</span> <span class='ocrx_word' id='word_1_134' title='bbox 1397 1859 1520 1908; x_wconf 90' lang='lat' dir='ltr'>illud</span> <span class='ocrx_word' id='word_1_135' title='bbox 1544 1867 1618 1908; x_wconf 85' lang='lat' dir='ltr'>est</span> <span class='ocrx_word' id='word_1_136' title='bbox 1641 1858 1773 1924; x_wconf 92' lang='lat' dir='ltr'>apud</span> 
     </span>
     <span class='ocr_line' id='line_1_23' title="bbox 445 1941 726 1999; baseline -0.004 -11"><span class='ocrx_word' id='word_1_137' title='bbox 445 1941 690 1989; x_wconf 88' lang='lat' dir='ltr'>Naevium</span> <span class='ocrx_word' id='word_1_138' title='bbox 712 1961 726 1999; x_wconf 90' lang='lat'>;</span> 
     </span>
    </p>

    <p class='ocr_par' dir='ltr' id='par_1_7' title="bbox 551 2017 1368 2131">
     <span class='ocr_line' id='line_1_24' title="bbox 675 2017 1086 2070; baseline 0 -15"><span class='ocrx_word' id='word_1_139' title='bbox 675 2018 778 2062; x_wconf 78' lang='lat' dir='ltr'>Quid</span> <span class='ocrx_word' id='word_1_140' title='bbox 787 2017 921 2070; x_wconf 80' lang='lat' dir='ltr'>ploras</span> <span class='ocrx_word' id='word_1_141' title='bbox 933 2025 1049 2070; x_wconf 79' lang='lat' dir='ltr'>pater</span> <span class='ocrx_word' id='word_1_142' title='bbox 1066 2019 1086 2055; x_wconf 64' lang='grc' dir='ltr'><strong><em>ἓ</em></strong></span> 
     </span>
     <span class='ocr_line' id='line_1_25' title="bbox 551 2085 1368 2131; baseline 0 -8"><span class='ocrx_word' id='word_1_143' title='bbox 551 2086 700 2124; x_wconf 68' lang='lat' dir='ltr'>RIirum</span> <span class='ocrx_word' id='word_1_144' title='bbox 721 2085 762 2123; x_wconf 80' lang='lat' dir='ltr'>ni</span> <span class='ocrx_word' id='word_1_145' title='bbox 780 2092 922 2123; x_wconf 81' lang='lat' dir='ltr'>cantem</span> <span class='ocrx_word' id='word_1_146' title='bbox 939 2102 956 2131; x_wconf 88' lang='lat'><em>;</em></span> <span class='ocrx_word' id='word_1_147' title='bbox 991 2086 1257 2125; x_wconf 76' lang='lat' dir='ltr'>condemnatus</span> <span class='ocrx_word' id='word_1_148' title='bbox 1275 2099 1368 2124; x_wconf 82' lang='lat' dir='ltr'>sum.</span> 
     </span>
    </p>
   </div>
   <div class='ocr_carea' id='block_1_6' title="bbox 551 2041 659 2050">
    <p class='ocr_par' dir='ltr' id='par_1_8' title="bbox 551 2041 659 2050">
     <span class='ocr_line' id='line_1_26' title="bbox 551 2041 659 2050; baseline 0 0"><span class='ocrx_word' id='word_1_149' title='bbox 551 2041 659 2050; x_wconf 95' lang='lat' dir='ltr'> </span> 
     </span>
    </p>
   </div>
   <div class='ocr_carea' id='block_1_7' title="bbox 445 2162 1776 2464">
    <p class='ocr_par' dir='ltr' id='par_1_9' title="bbox 445 2162 1776 2464">
     <span class='ocr_line' id='line_1_27' title="bbox 447 2162 1775 2229; baseline -0.002 -16"><span class='ocrx_word' id='word_1_150' title='bbox 447 2165 584 2213; x_wconf 89' lang='lat' dir='ltr'>Huic</span> <span class='ocrx_word' id='word_1_151' title='bbox 608 2165 780 2228; x_wconf 87' lang='lat' dir='ltr'>generi</span> <span class='ocrx_word' id='word_1_152' title='bbox 813 2166 949 2229; x_wconf 88' lang='lat' dir='ltr'>quasi</span> <span class='ocrx_word' id='word_1_153' title='bbox 975 2166 1274 2214; x_wconf 89' lang='lat' dir='ltr'>contrarium</span> <span class='ocrx_word' id='word_1_154' title='bbox 1300 2173 1374 2213; x_wconf 88' lang='lat' dir='ltr'>est</span> <span class='ocrx_word' id='word_1_155' title='bbox 1398 2162 1597 2212; x_wconf 85' lang='lat' dir='ltr'>ridiculi</span> <span class='ocrx_word' id='word_1_156' title='bbox 1615 2178 1775 2227; x_wconf 86' lang='lat' dir='ltr'>genus</span> 
     </span>
     <span class='ocr_line' id='line_1_28' title="bbox 445 2243 1775 2307; baseline 0 -18"><span class='ocrx_word' id='word_1_157' title='bbox 445 2243 677 2306; x_wconf 85' lang='lat' dir='ltr'>patientis</span> <span class='ocrx_word' id='word_1_158' title='bbox 713 2260 770 2290; x_wconf 88' lang='lat' dir='ltr'>ac</span> <span class='ocrx_word' id='word_1_159' title='bbox 805 2243 961 2303; x_wconf 80' lang='lat' dir='ltr'>lenti3</span> <span class='ocrx_word' id='word_1_160' title='bbox 1001 2253 1074 2302; x_wconf 85' lang='lat' dir='ltr'>ut,</span> <span class='ocrx_word' id='word_1_161' title='bbox 1111 2261 1224 2292; x_wconf 87' lang='lat' dir='ltr'>cum</span> <span class='ocrx_word' id='word_1_162' title='bbox 1261 2244 1387 2293; x_wconf 86' lang='lat' dir='ltr'>Cato</span> <span class='ocrx_word' id='word_1_163' title='bbox 1420 2255 1679 2307; x_wconf 86' lang='lat' dir='ltr'>percussus</span> <span class='ocrx_word' id='word_1_164' title='bbox 1704 2258 1775 2290; x_wconf 90' lang='lat' dir='ltr'>es-</span> 
     </span>
     <span class='ocr_line' id='line_1_29' title="bbox 449 2320 1775 2384; baseline -0.001 -16"><span class='ocrx_word' id='word_1_165' title='bbox 449 2329 523 2368; x_wconf 86' lang='lat' dir='ltr'>set</span> <span class='ocrx_word' id='word_1_166' title='bbox 547 2322 606 2368; x_wconf 86' lang='lat' dir='ltr'>ab</span> <span class='ocrx_word' id='word_1_167' title='bbox 633 2337 706 2376; x_wconf 78' lang='lat' dir='ltr'>ee,</span> <span class='ocrx_word' id='word_1_168' title='bbox 746 2321 828 2384; x_wconf 90' lang='lat' dir='ltr'>qui</span> <span class='ocrx_word' id='word_1_169' title='bbox 865 2338 1026 2370; x_wconf 88' lang='lat' dir='ltr'>arcam</span> <span class='ocrx_word' id='word_1_170' title='bbox 1061 2321 1270 2380; x_wconf 79' lang='lat' dir='ltr'>ferebat,</span> <span class='ocrx_word' id='word_1_171' title='bbox 1306 2338 1419 2368; x_wconf 90' lang='lat' dir='ltr'>cum</span> <span class='ocrx_word' id='word_1_172' title='bbox 1453 2320 1535 2368; x_wconf 87' lang='lat' dir='ltr'>ille</span> <span class='ocrx_word' id='word_1_173' title='bbox 1568 2320 1775 2378; x_wconf 81' lang='lat' dir='ltr'>diceret,</span> 
     </span>
     <span class='ocr_line' id='line_1_30' title="bbox 449 2399 1776 2464; baseline -0.003 -16"><span class='ocrx_word' id='word_1_174' title='bbox 449 2416 568 2448; x_wconf 85' lang='lat' dir='ltr'>cave</span> <span class='ocrx_word' id='word_1_175' title='bbox 590 2420 603 2459; x_wconf 67' lang='grc' dir='ltr'><strong>ς</strong></span> <span class='ocrx_word' id='word_1_176' title='bbox 644 2401 853 2463; x_wconf 87' lang='lat' dir='ltr'>rogavit,</span> <span class='ocrx_word' id='word_1_177' title='bbox 889 2400 1130 2464; x_wconf 91' lang='lat' dir='ltr'>numquid</span> <span class='ocrx_word' id='word_1_178' title='bbox 1154 2400 1288 2447; x_wconf 87' lang='lat' dir='ltr'>aliud</span> <span class='ocrx_word' id='word_1_179' title='bbox 1309 2399 1461 2447; x_wconf 89' lang='lat' dir='ltr'>ferret</span> <span class='ocrx_word' id='word_1_180' title='bbox 1484 2406 1680 2462; x_wconf 86' lang='lat' dir='ltr'>praeter</span> <span class='ocrx_word' id='word_1_181' title='bbox 1703 2413 1776 2444; x_wconf 90' lang='lat' dir='ltr'>ar-</span> 
     </span>
    </p>
   </div>
   <div class='ocr_carea' id='block_1_8' title="bbox 406 2475 1778 2543">
    <p class='ocr_par' dir='ltr' id='par_1_10' title="bbox 406 2475 1778 2543">
     <span class='ocr_line' id='line_1_31' title="bbox 406 2475 1778 2543; baseline -0.004 -16"><span class='ocrx_word' id='word_1_182' title='bbox 406 2521 416 2534; x_wconf 80' lang='lat'>,</span> <span class='ocrx_word' id='word_1_183' title='bbox 450 2494 557 2527; x_wconf 88' lang='lat' dir='ltr'>cam</span> <span class='ocrx_word' id='word_1_184' title='bbox 579 2479 596 2526; x_wconf 87' lang='lat'>?</span> <span class='ocrx_word' id='word_1_185' title='bbox 666 2478 829 2525; x_wconf 88' lang='lat' dir='ltr'>Etiam</span> <span class='ocrx_word' id='word_1_186' title='bbox 853 2478 1088 2526; x_wconf 84' lang='lat' dir='ltr'>stultitiae</span> <span class='ocrx_word' id='word_1_187' title='bbox 1114 2479 1236 2527; x_wconf 88' lang='lat' dir='ltr'>salsa</span> <span class='ocrx_word' id='word_1_188' title='bbox 1258 2478 1572 2543; x_wconf 88' lang='lat' dir='ltr'>reprehensio</span> <span class='ocrx_word' id='word_1_189' title='bbox 1592 2497 1606 2537; x_wconf 90' lang='lat'>;</span> <span class='ocrx_word' id='word_1_190' title='bbox 1644 2483 1701 2523; x_wconf 91' lang='lat' dir='ltr'>ut</span> <span class='ocrx_word' id='word_1_191' title='bbox 1722 2475 1778 2523; x_wconf 88' lang='lat' dir='ltr'>il-</span> 
     </span>
    </p>
   </div>
   <div class='ocr_carea' id='block_1_9' title="bbox 450 2556 1796 2936">
    <p class='ocr_par' dir='ltr' id='par_1_11' title="bbox 450 2556 1796 2936">
     <span class='ocr_line' id='line_1_32' title="bbox 450 2556 1778 2622; baseline 0.002 -19"><span class='ocrx_word' id='word_1_192' title='bbox 450 2557 495 2605; x_wconf 90' lang='lat' dir='ltr'>le</span> <span class='ocrx_word' id='word_1_193' title='bbox 521 2556 728 2612; x_wconf 88' lang='lat' dir='ltr'>Siculus,</span> <span class='ocrx_word' id='word_1_194' title='bbox 767 2557 848 2605; x_wconf 91' lang='lat' dir='ltr'>cui</span> <span class='ocrx_word' id='word_1_195' title='bbox 882 2566 1079 2621; x_wconf 88' lang='lat' dir='ltr'>praetor</span> <span class='ocrx_word' id='word_1_196' title='bbox 1115 2558 1279 2622; x_wconf 89' lang='lat' dir='ltr'>Scipio</span> <span class='ocrx_word' id='word_1_197' title='bbox 1313 2566 1576 2622; x_wconf 88' lang='lat' dir='ltr'>patronum</span> <span class='ocrx_word' id='word_1_198' title='bbox 1601 2572 1778 2605; x_wconf 88' lang='lat' dir='ltr'>causae</span> 
     </span>
     <span class='ocr_line' id='line_1_33' title="bbox 451 2635 1796 2700; baseline 0.001 -17"><span class='ocrx_word' id='word_1_199' title='bbox 451 2636 600 2684; x_wconf 87' lang='lat' dir='ltr'>dabat</span> <span class='ocrx_word' id='word_1_200' title='bbox 633 2636 879 2700; x_wconf 86' lang='lat' dir='ltr'>hospitem</span> <span class='ocrx_word' id='word_1_201' title='bbox 915 2652 1074 2695; x_wconf 83' lang='lat' dir='ltr'>suum,</span> <span class='ocrx_word' id='word_1_202' title='bbox 1122 2637 1373 2686; x_wconf 89' lang='lat' dir='ltr'>hominem</span> <span class='ocrx_word' id='word_1_203' title='bbox 1409 2636 1643 2696; x_wconf 85' lang='lat' dir='ltr'>nobilem,</span> <span class='ocrx_word' id='word_1_204' title='bbox 1688 2635 1796 2692; x_wconf 66' lang='lat' dir='ltr'>sed,</span> 
     </span>
     <span class='ocr_line' id='line_1_34' title="bbox 451 2714 1776 2780; baseline 0.001 -19"><span class='ocrx_word' id='word_1_205' title='bbox 451 2715 718 2762; x_wconf 88' lang='lat' dir='ltr'>admodum</span> <span class='ocrx_word' id='word_1_206' title='bbox 743 2714 947 2763; x_wconf 89' lang='lat' dir='ltr'>stultum</span> <span class='ocrx_word' id='word_1_207' title='bbox 969 2735 982 2775; x_wconf 90' lang='lat'>;</span> <span class='ocrx_word' id='word_1_208' title='bbox 1022 2731 1219 2779; x_wconf 85' lang='lat' dir='ltr'>quaeso,</span> <span class='ocrx_word' id='word_1_209' title='bbox 1254 2716 1433 2780; x_wconf 84' lang='lat' dir='ltr'>inquit,</span> <span class='ocrx_word' id='word_1_210' title='bbox 1456 2723 1670 2780; x_wconf 84' lang='lat' dir='ltr'>praetor,</span> <span class='ocrx_word' id='word_1_211' title='bbox 1694 2714 1776 2762; x_wconf 88' lang='lat' dir='ltr'>ad-</span> 
     </span>
     <span class='ocr_line' id='line_1_35' title="bbox 451 2792 1775 2858; baseline 0.002 -20"><span class='ocrx_word' id='word_1_212' title='bbox 451 2792 663 2840; x_wconf 73' lang='lat' dir='ltr'>versario</span> <span class='ocrx_word' id='word_1_213' title='bbox 687 2807 798 2842; x_wconf 90' lang='lat' dir='ltr'>meo</span> <span class='ocrx_word' id='word_1_214' title='bbox 835 2793 897 2841; x_wconf 91' lang='lat' dir='ltr'>da</span> <span class='ocrx_word' id='word_1_215' title='bbox 931 2793 1079 2842; x_wconf 86' lang='lat' dir='ltr'>istum</span> <span class='ocrx_word' id='word_1_216' title='bbox 1113 2801 1408 2858; x_wconf 82' lang='lat' dir='ltr'>patronum3</span> <span class='ocrx_word' id='word_1_217' title='bbox 1448 2794 1628 2843; x_wconf 88' lang='lat' dir='ltr'>deinde</span> <span class='ocrx_word' id='word_1_218' title='bbox 1655 2793 1775 2841; x_wconf 89' lang='lat' dir='ltr'>mihi</span> 
     </span>
     <span class='ocr_line' id='line_1_36' title="bbox 453 2870 1776 2936; baseline 0.004 -22"><span class='ocrx_word' id='word_1_219' title='bbox 453 2870 702 2919; x_wconf 87' lang='lat' dir='ltr'>neminem</span> <span class='ocrx_word' id='word_1_220' title='bbox 748 2871 957 2921; x_wconf 84' lang='lat' dir='ltr'>dederis.</span> <span class='ocrx_word' id='word_1_221' title='bbox 1051 2872 1262 2921; x_wconf 83' lang='lat' dir='ltr'>Movent</span> <span class='ocrx_word' id='word_1_222' title='bbox 1305 2872 1390 2921; x_wconf 87' lang='lat' dir='ltr'>illa</span> <span class='ocrx_word' id='word_1_223' title='bbox 1436 2873 1601 2931; x_wconf 89' lang='lat' dir='ltr'>etiam,</span> <span class='ocrx_word' id='word_1_224' title='bbox 1648 2887 1776 2936; x_wconf 87' lang='lat' dir='ltr'>quae</span> 
     </span>
    </p>
   </div>
  </div>
 </body>
</html>
