2071 3508
229 1470 335 1513 178.

237 2176 342 2222 179.

369 420 418 456 56
844 414 919 452 DE
939 410 1217 452 ORATORE

437 525 590 584 Quid,
623 541 719 589 qua
754 524 815 571 de
850 541 902 571 re
936 523 1064 571 inter
1096 520 1360 569 Marcellos
1385 526 1436 567 et
1459 516 1692 567 Claudios

325 638 335 649 .
367 605 598 668 patricios
634 603 927 652 centumviri
953 600 1277 665 judicarunt?
1315 615 1425 646 cum
1466 592 1692 643 Marcelli

369 683 428 730 ab
469 681 633 729 liberti
670 680 767 728 filio
809 681 977 744 stirpe,
1014 678 1207 727 Claudii
1245 677 1436 742 patricii
1473 673 1691 738 ejusdem

367 760 578 807 hominis
602 759 956 807 haereditatem
980 765 1148 821 gente,
1178 755 1240 802 ad
1265 771 1314 802 se
1339 754 1538 802 rediisse
1563 751 1694 798 dice-

368 847 512 898 rent;
551 855 716 886 nonne
751 838 802 883 in
839 853 896 884 ea
921 852 1066 884 causa
1088 833 1184 880 fuit
1207 831 1477 880 oratoribus
1503 829 1564 876 de
1587 835 1695 875 toto

325 948 334 958 ·
370 917 530 981 stirpis
578 933 635 964 ac
681 914 972 979 gentilitatis
1011 912 1123 976 jure
1171 909 1481 959 dicendum?
1541 906 1697 964 Quid,

369 995 503 1060 quod
526 995 645 1042 item
670 994 722 1040 in
747 990 1088 1041 centumvirali
1104 988 1296 1053 judicio
1326 994 1567 1035 certatum
1592 1000 1697 1032 esse

367 1072 686 1136 accepimus?
736 1071 819 1135 qui
862 1070 1073 1117 Romam
1112 1067 1163 1114 in
1201 1065 1425 1113 exsilium
1466 1063 1700 1120 venisset,

368 1150 449 1197 cui
477 1151 666 1196 Romae
693 1148 914 1195 exsulare
930 1146 1012 1209 jus
1045 1152 1190 1202 esset,
1226 1145 1265 1191 si
1301 1160 1351 1190 se
1387 1142 1450 1190 ad
1485 1141 1697 1204 aliquem

368 1227 505 1290 quasi
529 1234 791 1291 patronum
814 1224 1177 1288 applicavisset,
1215 1223 1547 1284 intestatoque
1572 1225 1701 1266 esset

368 1313 609 1362 mortuus,
637 1309 660 1330 ἡ*
685 1309 709 1330 *⁵
737 1319 901 1350 nonne
925 1303 976 1349 in
1001 1319 1057 1349 ea
1078 1318 1223 1349 causa
1239 1300 1321 1365 jus
1341 1298 1700 1364 applicationis,

369 1384 633 1430 obscurum
649 1399 764 1430 sane
782 1390 831 1429 et
847 1382 1092 1445 ignotum,
1107 1378 1413 1443 patefactum
1432 1375 1702 1440 injudicio,

369 1470 517 1525 atque
542 1461 837 1508 illustratum
863 1468 937 1507 est
962 1477 989 1506 a
1011 1467 1219 1522 patrono
1240 1457 1256 1504 ?
1317 1455 1453 1513 Quid
1473 1455 1489 1503 ?
1526 1470 1703 1518 nuper,

369 1556 483 1588 cum
521 1555 614 1602 ego
651 1537 708 1585 C.
737 1537 891 1599 Sergii
918 1537 1102 1584 Oratae
1128 1543 1299 1582 contra
1323 1535 1457 1581 hunc
1481 1540 1703 1580 nostrum

370 1617 649 1666 Antonium
677 1613 869 1678 judicio
906 1612 1097 1675 privato
1134 1628 1330 1659 causam
1363 1610 1703 1669 defenderem,

369 1710 535 1742 nonne
560 1693 716 1740 omnis
741 1699 907 1738 nostra
930 1691 981 1736 in
997 1689 1110 1753 jure
1133 1696 1325 1737 versata
1349 1688 1572 1735 defensio
1595 1692 1704 1739 est?

373 1774 500 1822 Cum
550 1772 681 1819 enim
732 1769 921 1817 Marius
969 1767 1290 1816 Gratidianus
1337 1766 1483 1814 aedes
1520 1764 1703 1814 Oratae

370 1849 694 1908 vendidisset,
718 1865 880 1912 neque
907 1847 1085 1895 servire
1111 1846 1357 1910 quandam
1382 1862 1550 1893 earum
1574 1846 1705 1893 aedi-

371 1945 456 1976 um
480 1935 672 1992 partem
713 1927 764 1974 in
803 1926 1033 1990 mancipii
1062 1925 1172 1989 lege
1199 1924 1432 1983 dixisset3
1472 1923 1705 1972 defende-

371 2009 563 2064 bamUS,
580 2004 821 2069 quidquid
844 2003 1017 2051 fuisset
1041 2002 1342 2050 incommodi
1366 2002 1417 2048 in
1441 2002 1706 2066 mancipio,

373 2085 444 2143 id,
484 2084 522 2130 si
557 2083 787 2134 venditor
812 2082 1000 2140 scisset,
1035 2098 1196 2145 neque
1222 2080 1535 2139 declarasset,
1570 2097 1707 2144 prae-

377 2171 503 2210 stare
530 2161 726 2209 debere.
799 2160 914 2216 Quo
950 2159 1149 2222 quidem
1177 2159 1228 2205 in
1252 2174 1435 2222 genere
1458 2157 1708 2207 familiaris

377 2248 543 2287 noster
570 2237 641 2285 M.
671 2236 988 2295 Bucculeius,
1022 2235 1170 2282 homo
1195 2252 1355 2298 neque
1390 2252 1502 2284 meo
1517 2236 1710 2299 judicio

380 2317 576 2375 stultus,
618 2324 669 2363 et
711 2331 797 2362 suo
832 2313 975 2361 valde
1001 2313 1210 2376 sapienS,
1247 2321 1298 2360 et
1332 2330 1360 2360 a
1385 2312 1510 2377 juris
1546 2315 1710 2364 studio

381 2412 481 2442 non
507 2393 792 2451 abhorrens,
818 2391 961 2439 simili
985 2391 1036 2438 111
1061 2408 1112 2439 re
1145 2391 1357 2455 quodam
1381 2392 1529 2439 modo
1553 2408 1710 2456 nuper

382 2473 577 2527 erravit.
646 2472 777 2519 Nam
803 2488 916 2518 cum
942 2471 1086 2518 aedes
1112 2470 1170 2518 L.
1197 2469 1343 2517 Fusio
1367 2471 1624 2530 venderet,
1659 2473 1710 2520 in

383 2550 629 2614 mancipio
669 2549 869 2604 lumina,
913 2549 986 2596 uti
1026 2557 1132 2596 tum
1181 2556 1360 2606 essent,
1401 2549 1471 2596 ita
1504 2551 1708 2615 recepit.

383 2629 555 2675 Fusius
580 2636 764 2685 autem,
789 2626 930 2673 simul
956 2634 1103 2690 atque
1120 2626 1364 2675 aedificari
1380 2636 1613 2692 coeptum
1638 2637 1713 2677 est

383 2706 394 2751 i
404 2723 433 2751 11
459 2705 669 2768 quadam
693 2712 832 2769 parte
857 2704 1008 2762 urbis,
1045 2721 1170 2768 quae
1205 2704 1354 2753 modo
1379 2722 1441 2753 ex
1464 2706 1557 2754 illis
1581 2707 1712 2755 aedi-

381 2784 471 2833 bus
498 2782 715 2848 conspici
738 2790 921 2846 posset,
958 2782 1061 2845 egit
1095 2782 1258 2832 statim
1285 2800 1396 2831 cum
1424 2784 1710 2845 Bucculeio,
