2071 3508
749 372 1124 413 ORATORIBUS.
1532 379 1611 416 413

273 490 379 532 tum
420 499 579 549 genus
617 482 851 531 orationis
890 483 1123 546 probant,
1159 496 1253 528 nec
1278 480 1363 529 illo
1385 485 1611 547 graviore

271 571 450 612 ornatu
488 562 701 612 oratorio
737 567 966 618 utuntur,
1003 567 1053 608 et
1093 559 1190 607 hoc
1226 561 1479 625 proprium
1506 581 1610 613 esse

274 642 562 692 Atticorum
575 640 772 700 volunt3
800 647 938 688 recte
956 638 1178 687 laudant.
1218 640 1309 687 Est
1324 641 1455 689 enim
1472 642 1522 690 in
1539 661 1611 691 ar-

270 730 322 771 te
338 730 494 782 tanta,
510 729 710 786 tamque
722 720 874 779 varia,
891 720 1040 768 etiam
1057 719 1174 768 huic
1189 720 1410 769 minutae
1426 722 1614 771 subtili-

269 800 359 849 tati
375 800 529 849 locus.
568 799 648 849 Ita
662 800 766 860 fiet,
779 807 837 848 ut
848 816 950 848 non
963 800 1245 864 omnes,qui
1262 799 1614 860 Attice,iidem

268 881 421 940 bene3
450 880 556 939 sed,
576 888 634 928 ut
651 896 841 940 omnes,
860 880 945 946 qui
963 881 1110 938 bene,
1129 879 1281 928 iidem
1302 880 1452 928 etiam
1480 881 1614 930 Atti-

273 976 331 1008 ce
357 959 543 1008 dicant.
604 960 703 1009 Sed
718 960 980 1009 redeamus
995 976 1161 1009 rursus
1181 960 1243 1007 ad
1266 959 1611 1010 Hortensium.

336 1040 464 1088 Sane
490 1039 711 1105 quidem,
753 1040 916 1104 inquit
941 1041 1154 1087 Brutus:
1200 1056 1482 1105 quanquam
1520 1041 1612 1090 ista
1649 1033 1752 1095 85.

269 1118 391 1167 mihi
432 1126 520 1167 tua
555 1117 652 1166 fuit
691 1117 1002 1183 perjucunda
1037 1135 1065 1166 a
1101 1119 1353 1183 proposita
1390 1121 1613 1170 oratione

271 1198 539 1263 digressio:
580 1198 714 1246 Tum
736 1198 958 1257 Atticus,
977 1197 1261 1262 Aliquoties
1287 1216 1414 1260 sum,
1433 1201 1613 1266 inquit,

271 1286 499 1338 conatus,
524 1277 613 1327 sed
630 1277 946 1343 interpellare
966 1277 1117 1326 nolui.
1190 1279 1358 1336 Nunc,
1381 1281 1611 1344 quoniam

270 1358 334 1406 ad
379 1357 712 1424 perorandum
761 1366 985 1422 spectare
1028 1358 1226 1406 videtur
1273 1376 1434 1408 sermo
1480 1369 1613 1419 tuus,

270 1437 453 1498 dicam,
479 1438 668 1503 opinor,
709 1437 843 1501 quod
868 1438 1043 1486 sentio.
1117 1438 1197 1486 Tu
1222 1456 1360 1499 vero,
1392 1440 1614 1504 inquam,

271 1517 404 1566 Tite.
498 1517 631 1565 Tum
672 1516 770 1574 ille,
824 1517 949 1582 Ego,
994 1518 1172 1582 inquit,
1217 1518 1425 1566 ironiam
1461 1519 1614 1579 illam,

270 1613 419 1661 quam
456 1597 509 1644 in
551 1597 755 1645 Socrate
782 1596 958 1645 dicunt
992 1596 1162 1657 fuisse,
1205 1615 1301 1663 qua
1323 1598 1406 1646 ille
1431 1599 1482 1646 in
1509 1599 1615 1648 Pla-

269 1677 420 1735 tonis,
472 1684 523 1724 et
563 1676 933 1742 Xenophontis,
976 1685 1027 1726 et
1067 1677 1334 1726 Aeschinis
1362 1678 1499 1728 libris
1523 1680 1616 1729 uti-

269 1765 370 1817 tur,
394 1756 611 1805 facetam
637 1765 689 1805 et
731 1756 1013 1821 elegantem
1054 1766 1194 1822 puto.
1266 1758 1357 1823 Est
1398 1759 1531 1807 enim
1568 1768 1618 1809 et

270 1838 474 1885 minime
499 1837 657 1901 inepti
681 1836 913 1896 hominis,
948 1845 999 1885 et
1024 1836 1245 1901 ejusdem
1271 1838 1421 1886 etiam
1446 1838 1617 1897 faceti,

271 1933 389 1964 cum
432 1918 494 1966 de
520 1918 760 1983 sapientia
786 1917 1109 1982 disceptetur,
1154 1918 1284 1966 hanc
1327 1918 1416 1967 sibi
1454 1919 1616 1984 ipsum

274 1997 550 2055 detrahere,
596 1998 665 2046 eis
689 1998 908 2048 tribuere
933 1997 1243 2055 illudentem,
1283 1998 1367 2064 qui
1393 2015 1500 2047 eam
1527 2000 1619 2049 sibi

271 2085 538 2142 arrogant:
565 2085 621 2126 ut
646 2077 779 2143 apud
806 2077 1064 2126 Platonem
1092 2078 1318 2127 Socrates
1342 2078 1393 2125 in
1420 2078 1618 2128 coelum

272 2156 414 2206 effert
436 2157 665 2206 laudibus
686 2157 1025 2223 Protagoram,
1051 2157 1307 2222 Hippiam,
1329 2158 1616 2220 Prodicum,

273 2223 531 2302 Gorgiam,
578 2246 832 2298 caeter0s3
879 2255 930 2286 se
973 2245 1141 2286 autem
1183 2238 1404 2292 omnium
1451 2256 1616 2288 rerum

270 2318 484 2367 inscium
508 2317 652 2383 fingit
669 2326 720 2367 et
743 2318 937 2366 rudem.
1009 2318 1177 2367 Decet
1195 2318 1290 2367 hoc
1310 2319 1479 2367 nescio
1499 2337 1617 2385 quo-

272 2397 424 2446 modo
464 2397 635 2446 illum:
676 2414 770 2445 nec
796 2397 1034 2462 Epicuro,
1074 2398 1157 2462 qui
1189 2398 1242 2445 id
1277 2399 1614 2464 reprehendit,

273 2478 528 2526 assentior.
600 2478 699 2527 Sed
735 2478 788 2525 in
825 2478 1048 2537 historia,
1091 2497 1187 2543 qua
1227 2487 1285 2527 tu
1327 2496 1378 2527 es
1413 2496 1529 2528 usus
1564 2480 1616 2527 in

272 2557 408 2605 omni
433 2573 678 2617 sermone,
715 2574 849 2617 cum,
886 2558 1042 2622 qualis
1079 2558 1285 2623 quisque
1312 2567 1476 2608 orator
1499 2559 1615 2609 fuis-

271 2645 364 2696 set,
400 2653 691 2701 exponeres,
729 2637 862 2697 vide,
900 2654 1097 2701 quaeso,
1124 2638 1300 2702 inquit,
1329 2655 1392 2687 ne
1416 2647 1518 2687 tam
1543 2657 1616 2689 re-

270 2715 630 2782 prehendenda
676 2716 739 2764 sit
783 2717 959 2776 ironia,
1019 2733 1166 2782 quam
1213 2718 1265 2764 in
1312 2719 1614 2769 testimonio.

275 2795 518 2855 Quorsus,
566 2796 786 2862 inquam,
836 2797 1002 2845 istuc?
1053 2813 1154 2846 non
1195 2797 1328 2846 enim
1368 2798 1613 2865 intelligo.

274 2873 407 2932 Quia
445 2875 681 2942 primum,
732 2876 914 2943 inquit,
961 2876 1034 2926 ita
1071 2877 1334 2928 laudavisti
1372 2880 1614 2944 quosdam
