2071 3508
306 676 418 717 228.

306 1231 420 1274 229,

314 2167 427 2207 230.

450 419 526 459 172
938 420 1013 458 DE
1044 421 1310 461 ORATORE

449 543 508 574 eo
531 543 713 591 genere
737 528 962 576 tribuisse
981 536 1192 589 tantum,
1213 541 1263 579 et
1277 548 1377 579 non
1396 532 1539 597 hujus
1557 532 1627 581 rei
1653 549 1769 597 quo-

449 621 545 669 que
580 606 807 670 palmam,
847 615 902 654 ut
940 616 1261 669 caeterarum,
1309 611 1482 659 Crasso
1521 611 1769 660 detulisse.

453 683 584 731 Tum
627 684 891 740 Antonius,
925 685 1033 749 Ego
1057 703 1173 734 vero
1208 688 1278 735 ita
1311 688 1556 749 fecissem,
1591 690 1771 753 inquit,

451 761 545 809 nisi
579 762 827 810 interdum
863 763 910 809 in
938 763 1033 812 hoc
1059 764 1232 812 Crasso
1255 766 1456 830 paulum
1480 767 1769 816 inviderem.

452 839 583 887 Nam
625 857 728 889 esse
771 843 989 905 quamvis
1026 842 1245 891 facetum
1271 852 1418 908 atque
1444 845 1640 904 salsum,
1672 861 1772 893 non

451 919 595 966 nimis
634 927 708 966 est
747 936 835 983 per
875 921 1085 984 seipsum
1126 922 1479 982 invidendum3
1519 923 1624 982 sed,
1660 939 1774 970 cum

452 997 671 1044 omnium
710 998 772 1044 sis
806 999 1176 1047 venustissimus
1201 1008 1251 1048 et
1274 1001 1642 1059 urbanissimus,
1673 1017 1774 1048 om-

451 1074 588 1121 nium
611 1075 949 1139 gravissimum
975 1087 1025 1124 et
1049 1079 1405 1126 severissimum
1431 1087 1482 1127 et
1506 1096 1610 1127 esse
1635 1087 1686 1127 et
1707 1079 1777 1126 vi-

453 1151 576 1210 deri,
602 1154 735 1216 quod
752 1154 832 1201 isti
857 1155 1069 1219 contigit
1085 1158 1187 1212 uni,
1204 1157 1257 1203 id
1271 1157 1389 1204 mihi
1408 1158 1491 1205 vix
1514 1157 1775 1205 ferendum

452 1230 726 1283 videbatur.
788 1231 889 1284 Hic
915 1249 1028 1279 cum
1053 1234 1288 1281 arrisisset
1311 1235 1414 1298 ipse
1439 1235 1657 1292 Crassus,
1684 1235 1778 1283 At-

452 1317 638 1368 tamen,
673 1309 834 1373 inquit
868 1309 1136 1370 AntoniUS,
1162 1329 1274 1360 cum
1299 1320 1453 1361 artem
1479 1330 1583 1361 esse
1606 1313 1778 1362 faceti-

453 1404 610 1446 arum,
655 1387 775 1446 Juli,
822 1405 1041 1452 negares,
1085 1391 1317 1454 aperuisti
1358 1391 1606 1454 quiddam,
1645 1393 1779 1456 quod

452 1467 856 1530 praecipiendum
880 1469 1146 1516 videretur.
1220 1470 1407 1518 Haberi
1444 1471 1574 1518 enim
1611 1470 1778 1519 dixisti

454 1545 695 1593 rationem
733 1554 958 1610 oportere
995 1546 1269 1606 hominum,
1309 1548 1396 1604 rei,
1439 1549 1687 1613 temporis,
1713 1565 1777 1597 ne

456 1623 574 1687 quid
606 1623 751 1688 jocus
787 1625 848 1672 de
882 1625 1123 1688 gravitate
1160 1626 1479 1690 decerperet3
1517 1628 1650 1691 quod
1675 1628 1778 1691 qui-

457 1702 570 1750 dem
594 1703 645 1749 in
669 1703 836 1767 primis
855 1720 882 1750 a
902 1704 1076 1751 Crasso
1102 1705 1344 1752 observari
1369 1705 1505 1753 solet.
1563 1706 1660 1753 Sed
1683 1705 1778 1754 hoe

454 1789 775 1845 praeceptum
815 1783 1308 1846 praetermittendum
1356 1794 1429 1832 est
1469 1783 1779 1844 facetiarum,

456 1874 569 1906 cum
610 1860 683 1906 his
720 1860 842 1906 nihil
877 1877 998 1924 opus
1024 1861 1114 1908 sit:
1152 1878 1242 1909 nos
1258 1871 1431 1910 autem
1456 1863 1703 1926 quomodo
1726 1881 1779 1912 u-

454 1943 630 1994 tamur,
659 1955 770 1984 cum
797 1955 918 2001 opus
943 1940 1019 1995 sit,
1055 1940 1330 2003 quaerimus
1352 1961 1364 1999 ;
1402 1948 1460 1988 ut
1482 1941 1534 1988 in
1558 1941 1780 1991 adversa-

454 2016 600 2074 rium,
626 2024 676 2064 et
700 2017 932 2075 maxime,
951 2017 990 2063 si
1015 2016 1118 2080 ejus
1143 2017 1349 2065 stultitia
1367 2019 1549 2082 poterit
1572 2021 1778 2083 agitari,

456 2093 507 2139 in
532 2101 708 2142 testem
735 2094 957 2153 stultum,
984 2095 1237 2159 cupidum,
1261 2095 1438 2155 levem,
1465 2097 1503 2143 si
1526 2097 1671 2146 facile
1695 2099 1780 2148 ho-

459 2172 614 2219 mines
640 2173 855 2220 audituri
883 2173 1196 2221 videbuntur.
1269 2173 1487 2222 Omnino
1521 2177 1781 2240 probabili-

457 2266 542 2297 ora
565 2258 697 2308 sunt,
723 2267 847 2314 quae
871 2251 1083 2299 lacessiti
1107 2251 1332 2310 dicimus,
1369 2270 1514 2316 quam
1540 2270 1664 2317 quae
1687 2257 1782 2320 pri-

457 2344 578 2376 ores.
650 2329 781 2376 Nam
806 2336 856 2376 et
880 2329 1065 2392 ingenii
1092 2329 1314 2377 celeritas
1342 2330 1495 2394 major
1527 2339 1615 2388 est,
1655 2350 1781 2397 quae

457 2415 660 2471 apparet
696 2408 748 2454 in
785 2408 1147 2472 respondendo,
1185 2416 1235 2456 et
1271 2409 1588 2459 humanitatis
1613 2421 1688 2460 est
1709 2429 1783 2461 re-

458 2487 670 2550 sponsio.
741 2486 983 2534 Videmur
1008 2488 1138 2535 enim
1164 2488 1376 2551 quieturi
1400 2488 1569 2548 fuisse,
1594 2490 1686 2538 nisi
1711 2507 1782 2538 es-

459 2580 620 2612 semus
659 2564 904 2613 lacessiti:
943 2574 1000 2613 ut
1036 2566 1086 2612 in
1115 2566 1207 2613 ista
1243 2566 1347 2630 ipsa
1386 2568 1625 2616 concione
1661 2569 1783 2616 nihil

457 2641 561 2691 fere
600 2644 788 2692 dictum
828 2652 902 2692 est
936 2645 996 2692 ab
1034 2644 1144 2700 hoc,
1188 2646 1320 2708 quod
1352 2646 1551 2709 quidem
1573 2646 1782 2696 facetius

460 2720 648 2768 dictum
673 2722 940 2780 videretur,
976 2723 1109 2786 quod
1143 2739 1243 2770 non
1267 2732 1560 2787 provocatus
1575 2741 1782 2790 respon-

460 2797 601 2845 derit.
672 2799 792 2848 Erat
832 2808 996 2848 autem
1034 2808 1172 2848 tanta
1205 2801 1418 2865 gravitas
1451 2802 1503 2850 in
1539 2802 1780 2863 Domitio,

459 2881 597 2931 tanta
619 2878 902 2938 auctoritas,
936 2886 1011 2940 ut,
1036 2879 1169 2944 quod
1193 2888 1319 2932 esset
1345 2880 1403 2928 ab
1430 2896 1488 2929 eo
1513 2880 1780 2945 objectum,
