2071 3508
304 1705 410 1743 138.

305 2100 411 2141 1:⁵39.

306 2498 412 2536 140.

310 2809 411 2848 141.

441 411 491 446 Ἃ
917 406 992 445 DE
1022 407 1289 445 ORATORE

441 521 671 579 unquam,
699 521 791 562 1166
811 514 1101 571 insidiando,
1120 532 1213 564 nec
1233 516 1549 580 specul-ando,
1575 516 1765 580 assequi

439 595 596 658 potui,
635 602 705 649 ut,
750 594 868 657 quid
906 594 1106 641 Crassus
1143 602 1325 658 ageret,
1374 595 1644 643 meditandi
1681 603 1767 643 aut

440 673 638 721 dicendi
681 689 840 727 causa,
883 689 982 719 non
1024 673 1170 720 modo
1202 673 1369 720 videre
1405 673 1538 729 mihi,
1580 674 1666 721 sed
1704 690 1766 720 ex

439 750 542 815 ejus
568 751 803 814 scriptore
841 758 891 797 et
927 750 1112 797 lectore
1152 750 1357 813 Diphilo
1382 751 1615 814 suspicari
1652 751 1767 799 1166-

438 837 544 889 ret;
583 830 635 876 id.
659 846 799 892 spero
820 845 907 875 nos
932 845 1035 875 esse
1061 829 1284 891 adeptos,
1300 828 1560 891 omniaque
1576 828 1680 892 jam
1705 846 1768 876 ex

438 909 558 972 ipso,
587 924 711 971 quae
737 907 820 954 diu
847 907 1084 970 cupimus,
1113 906 1413 970 cognituros·

507 987 639 1033 Tum
666 986 881 1041 Crassus,
903 985 1059 1048 Atqui
1077 985 1296 1041 arbitror,
1321 983 1519 1048 Sulpici,
1548 992 1662 1032 cum
1686 1002 1769 1032 au-

397 1107 407 1118 ,
442 1065 602 1120 (lieris,
644 1081 743 1112 non
768 1072 869 1111 tam
894 1072 943 1111 te
969 1063 1091 1111 haec
1118 1063 1485 1118 admiraturum,
1515 1080 1638 1126 quae
1664 1064 1769 1111 dix-

441 1160 539 1199 ero,
585 1160 729 1207 quam
773 1143 1183 1200 existimaturum,
1215 1149 1340 1200 tum,
1381 1158 1493 1188 cum
1519 1159 1576 1189 ea
1600 1142 1768 1190 audire

441 1223 686 1286 cupiebas,
716 1239 926 1277 causam,
956 1239 1043 1269 cur
1069 1239 1289 1285 cuperes,
1322 1238 1421 1269 non
1446 1221 1609 1269 fuisse.
1681 1221 1770 1268 Ni-

439 1300 507 1348 hil
533 1301 663 1348 enim
691 1301 851 1347 dicam
876 1300 1203 1356 reconditum,
1242 1300 1363 1346 nihil
1400 1299 1769 1364 exspecta-tione

440 1388 600 1427 vestra
641 1378 862 1441 dignum,
904 1377 1025 1424 nihil
1066 1387 1151 1425 aut
1188 1378 1465 1425 inauditum
1506 1378 1644 1426 vobis
1685 1385 1771 1425 aut

442 1459 670 1521 cuiquam
695 1474 894 1504 novum.
954 1457 1084 1503 Nam
1108 1457 1351 1520 principio
1375 1457 1511 1512 illud,
1539 1457 1672 1521 quod
1697 1463 1772 1504 est

441 1537 638 1584 homine
664 1536 882 1599 ingenuo
907 1535 1268 1598 liberaliterque
1309 1535 1519 1582 educato
1545 1536 1767 1599 dignum,

442 1634 541 1665 non
567 1618 758 1680 negabo
783 1633 861 1663 me
888 1617 980 1663 ista
1004 1617 1223 1663 omnium
1252 1616 1532 1663 communia
1568 1623 1618 1663 et
1656 1630 1769 1662 con-

443 1698 559 1746 trita
581 1703 847 1760 praecepta
873 1695 1101 1742 didicisse
1124 1713 1134 1742 :
1173 1695 1405 1759 primum,
1442 1694 1644 1742 oratoris
1670 1693 1768 1741 offi-

444 1776 576 1825 cium
618 1791 740 1832 esse,
777 1774 941 1822 dicere
978 1774 1041 1821 ad
1074 1774 1471 1837 persuadendum
1496 1789 1770 1820 accommo-

442 1855 585 1901 date:
625 1853 819 1909 deinde,
859 1869 961 1900 esse
987 1869 1183 1900 omnem
1209 1852 1479 1899 orationem
1505 1860 1589 1899 aut
1614 1851 1675 1899 de
1699 1851 1770 1898 in·-

441 1933 606 1979 finitae
630 1932 700 1979 rei
725 1932 1025 1994 quaestione,
1053 1931 1155 1978 sine
1182 1931 1521 1994 designatione
1544 1947 1772 1994 persona-

442 2028 551 2058 rum
588 2018 637 2058 et
666 2018 943 2073 temporum
967 2029 979 2067 3
1018 2017 1103 2056 aut
1128 2009 1188 2056 de
1214 2026 1265 2056 re
1291 2009 1436 2056 certis
1466 2009 1516 2054 in
1551 2009 1771 2072 personis

443 2107 500 2137 ac
546 2089 849 2152 temporibus
890 2087 1051 2135 locata
1072 2106 1083 2134 :
1139 2088 1188 2134 in
1235 2096 1442 2151 utraque
1489 2096 1653 2134 autem
1700 2104 1768 2145 re,

444 2167 684 2231 quidquid
720 2167 771 2213 in
815 2166 1194 2213 controversiam
1223 2167 1404 2221 veniat,
1444 2167 1493 2212 111
1520 2183 1579 2212 eo
1604 2169 1771 2228 quaeri

443 2246 613 2301 solere,
641 2252 726 2292 aut
749 2244 1001 2291 factumne
1023 2244 1106 2302 sit;
1135 2252 1234 2299 aut,
1257 2245 1294 2290 si
1311 2252 1384 2291 est
1401 2243 1607 2302 tactum,
1628 2244 1771 2306 quale

443 2325 535 2383 sit3
575 2331 660 2370 aut
699 2323 846 2370 etiam
872 2338 968 2384 quo
1006 2322 1204 2368 nomine
1234 2329 1472 2379 vocetur3
1512 2329 1611 2376 aut,
1639 2323 1772 2384 quod

444 2401 666 2449 nonnulli
692 2400 899 2458 addunt,
936 2407 1136 2446 rectene
1172 2399 1359 2447 factum
1386 2415 1488 2446 esse
1513 2399 1768 2448 videatur:

445 2481 654 2527 existere
680 2486 844 2525 autem
870 2478 1223 2525 controversias
1249 2478 1395 2525 etiam
1422 2495 1483 2524 ex
1509 2478 1677 2541 scripti
1700 2478 1771 2526 in,-

444 2557 815 2622 teipretatione,
839 2556 889 2602 in
911 2573 1006 2619 quo
1031 2564 1116 2606 aut
1140 2556 1368 2619 ambigue
1395 2556 1512 2619 quid
1537 2556 1599 2602 sit
1623 2556 1771 2621 scrip-

444 2645 564 2692 tum,
593 2644 678 2683 aut
703 2635 960 2690 contrarie,
999 2642 1083 2681 aut
1107 2634 1193 2692 ita,
1218 2642 1273 2681 ut
1298 2651 1325 2681 a
1350 2634 1594 2683 sententia
1623 2635 1770 2699 scrip-

443 2723 549 2762 tum
576 2713 808 2761 dissideat
829 2731 840 2759 :
878 2712 952 2759 his
978 2720 1142 2760 autem
1169 2713 1393 2760 omnibus
1416 2713 1635 2777 partibus
1659 2714 1770 2761 sub-

436 2793 573 2857 jecta
620 2793 859 2856 quaedam
908 2809 1010 2840 esse
1059 2800 1348 2856 argumenta
1392 2792 1622 2856 propria:
1682 2791 1769 2840 sed

446 2888 714 2928 causarum,
755 2888 879 2935 quae
919 2872 1015 2919 sint
1050 2889 1077 2919 a
1113 2872 1362 2920 communi
1388 2871 1673 2937 quaestione
1697 2885 1768 2919 se·
