2071 3508
392 431 473 468 440
890 427 1223 467 ORATORIAE

394 537 666 586 lutionibus
707 536 970 586 relaxetur.
1042 538 1122 585 Fit
1158 537 1306 585 etiam
1348 536 1507 584 suavis
1547 536 1726 596 oratio,

398 633 513 663 cum
539 615 724 679 aliquid
742 623 828 664 aut
851 616 1080 675 invisum,
1107 623 1192 664 aut
1215 615 1509 672 inauditum,
1537 624 1624 664 aut
1641 631 1728 664 no-

397 711 515 742 vum
552 694 700 741 dicas.
773 694 1009 742 Delectat
1046 695 1176 741 enim
1203 694 1443 758 quidquid
1469 702 1543 743 est
1575 693 1728 742 admi-

398 772 570 833 rabile,
606 773 917 837 maximeque
954 781 1121 820 movet
1156 789 1232 832 ea,
1269 789 1393 837 quae
1429 781 1620 822 motum
1645 772 1729 820 ali-

399 868 546 916 quem
583 851 732 899 animi
768 851 959 907 miscet,
998 851 1188 911 oratio;
1228 868 1452 917 quaeque
1484 851 1730 916 significat

399 931 603 979 oratoris
638 930 789 994 ipsius
826 929 1057 978 amabiles
1094 947 1287 979 mores:
1326 932 1411 995 qui
1448 931 1730 996 exprimun-

398 1017 498 1067 tur,
548 1016 633 1056 aut
674 1008 997 1071 significando
1037 1008 1231 1073 judicio
1278 1009 1430 1075 ipsius
1466 1027 1530 1058 ex
1564 1009 1729 1057 animo

398 1086 614 1133 humano
634 1103 691 1133 ac
708 1085 916 1144 liberali,
941 1095 1027 1134 aut
1048 1081 1317 1135 inflexione
1334 1087 1589 1146 sermonis,
1615 1103 1731 1135 cum

399 1173 484 1212 aut
520 1164 736 1227 augendi
772 1164 991 1223 alterius,
1028 1173 1114 1212 aut
1149 1165 1406 1213 minuendi
1448 1166 1522 1213 sui
1564 1181 1729 1224 causa,

399 1242 491 1290 alia
517 1243 616 1290 dici
641 1243 701 1290 ab
728 1250 939 1301 oratore,
965 1242 1058 1290 alia
1083 1243 1352 1291 existimari
1376 1243 1628 1303 videntur,
1657 1243 1731 1292 id-

397 1339 492 1385 que
531 1322 764 1370 comitate
799 1321 904 1369 fieri
939 1322 1112 1386 magis,
1150 1339 1296 1386 quam
1325 1322 1559 1371 vanitate.
1632 1323 1732 1372 Sed

395 1399 552 1447 multa
576 1407 691 1447 sunt
715 1400 967 1448 suavitatis
991 1409 1273 1465 praecepta,
1301 1418 1427 1466 quae
1453 1401 1728 1450 orationem

395 1488 482 1526 aut
507 1478 660 1542 magis
685 1480 964 1538 obscuram,
988 1486 1074 1528 aut
1098 1480 1260 1528 minus
1284 1479 1586 1544 probabilem
1611 1480 1730 1528 faci-

395 1565 495 1604 ant.
558 1556 733 1620 Itaque
760 1557 907 1604 etiam
933 1557 1028 1605 hoc
1054 1558 1165 1607 loco
1190 1559 1331 1607 nobis
1357 1567 1431 1608 est
1454 1559 1589 1625 ipsis,
1609 1558 1729 1624 quid

396 1652 543 1682 causa
565 1634 802 1699 postulet,
817 1634 1165 1698 judicandum,

462 1724 654 1772 F1L1Us.
727 1722 998 1786 Reliquum
1046 1729 1121 1770 est
1166 1721 1337 1785 igitur,
1378 1728 1435 1768 ut
1482 1721 1616 1769 dicas
1665 1720 1727 1769 de

396 1820 631 1852 conversa
668 1802 889 1850 oratione
926 1810 1074 1866 atque
1111 1810 1316 1849 mutata.
1389 1801 1578 1848 PATER.
1640 1800 1730 1848 Est

394 1881 561 1944 itaque
598 1881 649 1928 id
683 1897 841 1944 genus
878 1888 1039 1929 totum
1077 1881 1223 1928 situm
1258 1880 1308 1925 in
1340 1879 1729 1927 commutatione

394 1960 690 2007 verborum:
730 1975 855 2022 quae
892 1958 1196 2022 simplicibus
1231 1957 1282 2004 in
1317 1957 1477 2004 verbis
1506 1956 1576 2004 ita
1603 1965 1730 2004 trac-

394 2045 542 2093 tatur,
581 2046 638 2085 ut
672 2045 758 2085 aut
794 2054 856 2085 ex
882 2038 1033 2085 verbo
1059 2036 1306 2092 dilatetur,
1339 2043 1424 2083 aut
1447 2035 1499 2082 in
1522 2035 1729 2083 verbum

396 2116 717 2165 contrahatur
764 2116 950 2164 oratio:
1001 2132 1062 2163 ex
1110 2117 1279 2174 verb0‚
1328 2131 1441 2162 cum
1489 2121 1575 2162 aut
1619 2130 1730 2179 pro-

393 2195 571 2259 prium,
622 2202 708 2242 aut
748 2194 880 2242 idem
925 2194 1225 2260 significans,
1273 2202 1359 2241 aut
1398 2192 1588 2241 factum
1623 2209 1731 2240 ver-

394 2273 514 2321 bum
561 2273 612 2320 in
658 2273 800 2337 plura
845 2275 995 2321 verba
1043 2273 1327 2321 diducitur:
1379 2289 1441 2320 ex
1487 2271 1729 2330 oratione,

397 2367 512 2398 cum
549 2362 635 2399 aut
672 2351 892 2400 definitio
935 2353 999 2400 ad
1034 2369 1188 2400 unum
1213 2353 1418 2400 verbum
1448 2359 1727 2410 revocatur,

396 2436 483 2476 aut
530 2441 779 2495 assumpta
826 2432 974 2479 verba
1020 2439 1351 2488 removentur,
1405 2438 1492 2478 aut
1537 2431 1589 2477 in
1637 2431 1729 2479 cir-

397 2508 560 2556 cuitus
603 2510 899 2572 diriguntur,
949 2518 1035 2558 aut
1080 2511 1131 2557 in
1175 2510 1527 2574 conjunctione
1573 2509 1628 2558 fit
1673 2528 1728 2558 u-

394 2603 515 2634 num
563 2590 764 2636 verbum
816 2606 878 2637 ex
927 2589 1134 2637 duobus.
1212 2590 1272 2637 In
1321 2589 1598 2654 conjunctis
1645 2607 1728 2638 au-

395 2673 499 2713 tem
541 2668 699 2715 verbis
747 2669 929 2732 triplex
977 2669 1198 2717 adhiberi
1245 2676 1411 2734 potest
1457 2678 1728 2718 commuta-

395 2745 484 2803 tio2
544 2762 644 2793 non
701 2749 984 2806 verborum,
1043 2748 1130 2796 sed
1187 2748 1372 2796 ordinis
1429 2755 1727 2798 tantummo-

397 2822 500 2870 do:
550 2832 624 2883 ut,
667 2842 782 2873 cum
825 2826 976 2875 semel
1015 2826 1204 2874 dictum
1246 2827 1308 2874 sit
1349 2827 1556 2887 directe,
1598 2828 1727 2876 sicut

388 2910 572 2951 >natura
611 2905 718 2968 ipsa
758 2905 947 2967 tulerit,
994 2906 1268 2956 invertatur
1308 2906 1447 2967 ordo,
1495 2914 1547 2956 et
1590 2907 1722 2956 idem
