2071 3508
489 421 541 458 26
963 409 1038 455 DE
1069 400 1335 455 ORATORE

492 527 610 591 quid
634 541 821 584 censeS,
862 525 919 583 si,
944 525 1006 572 ad
1030 523 1232 588 alicujus
1255 523 1509 587 ingenium
1532 523 1611 571 vel
1634 522 1810 586 majus,

490 609 590 668 illa,
627 622 750 671 quae
791 620 884 668 ego
921 619 1020 651 non
1056 603 1214 666 attigi,
1251 602 1580 650 accesserint?
1617 601 1810 666 qualem

490 687 647 744 illum,
672 692 722 733 et
746 690 982 747 quantum
1006 689 1247 728 oratorem
1270 679 1526 747 futurum?

375 753 474 814 18.
557 767 689 814 Tum
737 760 1004 820 Antonius,
1058 761 1238 808 Probas
1283 759 1422 819 mihi,
1466 758 1644 823 inquit,
1699 757 1811 817 ista,

383 847 460 887 80.
493 846 683 902 Crasse,
722 856 845 906 quae
884 839 1038 889 dicisz'
1076 846 1169 886 nec
1196 838 1387 896 dubito,
1422 837 1541 901 quin
1564 835 1720 884 multo
1741 835 1811 883 lo-

382 1092 459 1131 81.

379 1944 454 1987 82.

378 2738 453 2778 83.

491 923 732 988 cupletior
756 920 805 967 in
832 916 1044 966 dicendo
1067 916 1260 964 futurus
1285 917 1364 975 sit,
1395 916 1433 963 si
1459 916 1565 979 quis
1589 914 1810 963 omnium

490 1018 653 1051 rerum
677 1008 824 1063 atque
857 997 1033 1044 artium
1065 995 1305 1043 rationem
1328 1002 1652 1058 naturamque
1678 1009 1811 1041 com-

489 1076 820 1144 prehenderit.
892 1074 990 1122 Sed
1022 1074 1234 1137 primum
1262 1073 1315 1121 id
1338 1072 1533 1120 difficile
1559 1079 1632 1120 est
1654 1070 1811 1130 factu,

488 1156 774 1221 praesertim
798 1154 849 1200 in
864 1153 956 1199 hac
976 1159 1141 1198 nostra
1162 1151 1280 1210 vita,
1298 1151 1573 1214 nostrisque
1603 1166 1812 1214 occupa-

488 1235 736 1282 tionibus:
776 1230 956 1278 deinde
995 1228 1118 1294 illud
1156 1229 1303 1275 etiam
1326 1229 1597 1276 verendum
1628 1236 1719 1286 est,
1748 1243 1812 1276 ne

490 1312 825 1360 abstrahamur
850 1308 908 1354 ab
929 1306 1021 1353 hac
1038 1305 1409 1364 exercitatione,
1426 1313 1477 1353 et
1501 1306 1813 1354 consuetudi-

489 1403 552 1439 ne
573 1388 790 1445 dicendi,
808 1383 1031 1450 populari
1050 1391 1100 1431 et
1116 1383 1315 1431 forensi.
1359 1382 1515 1430 Aliud
1539 1383 1670 1431 enim
1693 1384 1813 1431 mihi

490 1468 738 1534 quoddam
762 1480 918 1529 genus
943 1461 1173 1510 orationis
1193 1478 1297 1509 esse
1315 1462 1511 1509 videtur
1535 1478 1704 1509 eorum
1727 1461 1813 1510 ho-

489 1548 696 1603 minum,
738 1544 800 1591 de
836 1542 1009 1606 quibus
1044 1539 1190 1604 paulo
1226 1547 1339 1587 ante
1376 1540 1560 1598 dixisti,
1592 1541 1812 1604 quamvis

487 1626 557 1674 illi
581 1632 750 1673 ornate
777 1630 826 1670 et
849 1621 1080 1684 graviter,
1105 1627 1190 1667 aut
1219 1619 1281 1667 de
1311 1626 1484 1666 natura
1507 1636 1689 1678 rerum,
1725 1627 1812 1668 aut

491 1705 553 1752 de
588 1701 813 1750 humanis
847 1699 1009 1756 rebus,
1047 1697 1324 1760 loquantur.
1395 1697 1624 1744 Nitidum
1657 1697 1808 1762 quod-

489 1784 601 1831 dam
639 1795 796 1846 genus
835 1784 908 1825 est
946 1776 1225 1834 verborum,
1264 1783 1314 1822 et
1347 1774 1562 1835 laetum3
1607 1776 1695 1824 sed
1726 1793 1810 1841 pa-

486 1861 692 1909 laestrae
718 1857 871 1920 magis
895 1863 946 1902 et
977 1854 1089 1912 olei,
1122 1870 1266 1917 quam
1291 1852 1434 1917 hujus
1460 1853 1613 1902 civilis
1636 1856 1809 1903 turbae

489 1956 546 1987 ac
582 1938 690 1985 fori.
761 1935 989 1997 Namque
1026 1940 1242 1996 egomet,
1278 1932 1360 1995 qui
1385 1948 1509 1990 sero,
1545 1949 1602 1980 ac
1637 1932 1811 1981 leviter

488 2018 705 2066 Graecas
740 2014 904 2061 literas
939 2012 1228 2074 attigissem,
1262 2018 1429 2057 tamen
1466 2027 1579 2058 cum
1602 2027 1810 2074 procon-

487 2094 561 2143 sul
597 2095 648 2140 in
685 2091 909 2141 Ciliciam
944 2089 1257 2153 proficiscens
1291 2087 1515 2136 Athenas
1548 2088 1810 2147 venissem,

488 2171 763 2235 complures
797 2176 903 2216 tum
938 2168 1004 2214 ibi
1046 2167 1149 2214 dies
1185 2183 1291 2213 sum
1324 2174 1524 2230 propter
1547 2167 1811 2230 navigandi

488 2248 826 2297 difficultatem
869 2253 1194 2292 commoratus
1216 2262 1227 2291 ε
1283 2244 1387 2302 sed,
1430 2261 1541 2291 cum
1589 2244 1809 2307 quotidie

487 2343 683 2374 mecum
720 2326 951 2372 haberem
986 2323 1208 2370 homines
1240 2322 1562 2380 doctissimos,
1599 2339 1681 2369 eos
1703 2321 1807 2370 fere

486 2406 633 2469 ipsos,
671 2404 754 2467 qui
791 2404 874 2449 abs
908 2409 958 2448 te
994 2400 1141 2447 modo
1166 2407 1279 2447 sunt
1302 2399 1558 2458 nominati,
1597 2416 1808 2463 cumque

486 2481 599 2541 hoc,
624 2481 789 2528 nescio
815 2478 1077 2543 quomodo,
1097 2478 1228 2542 apud
1253 2494 1334 2525 eos
1358 2478 1697 2536 increbuisset,
1727 2495 1807 2526 me

485 2561 536 2607 in
562 2560 717 2608 causis
742 2557 1021 2621 majoribus,
1047 2557 1189 2604 sicuti
1214 2564 1282 2614 te,
1319 2555 1473 2604 solere
1497 2557 1693 2615 versari,
1717 2573 1808 2621 pro

486 2655 535 2686 se
561 2639 764 2702 quisque
788 2644 843 2684 ut
867 2643 1077 2700 poterat,
1116 2635 1177 2683 de
1213 2634 1372 2682 officio
1408 2642 1458 2683 et
1491 2635 1680 2683 ratione
1704 2651 1806 2682 ora-

485 2717 602 2763 toris
629 2716 921 2779 disputabat.
963 2715 1155 2761 Horum
1172 2713 1270 2772 alii,
1286 2713 1412 2761 sicut
1430 2713 1521 2761 iste
1539 2713 1642 2778 ipse
1660 2712 1805 2760 Mne,

486 2793 701 2851 sarchus,
731 2793 837 2852 hos,
862 2810 982 2856 quos
1006 2809 1093 2839 nos
1119 2800 1332 2839 oratores
1357 2808 1658 2850 vocaremus,
1682 2789 1806 2838 nihil

484 2888 587 2920 esse
604 2871 816 2930 dicebat,
832 2871 922 2918 nisi
940 2871 1173 2935 quosdam
1193 2871 1454 2935 operarios,
1469 2870 1638 2935 lingua
1654 2867 1801 2919 celeri
