2071 3508
725 404 893 443 LIBER
924 402 1229 444 SECUNDUS.
1573 397 1649 450 11'7

317 525 437 575 tate,
479 512 698 563 omnium
740 513 1002 561 verborum
1042 511 1344 576 ponderibus
1387 521 1461 561 est
1506 523 1648 563 uten-

315 596 448 643 dum.
520 591 751 640 Accedat
785 599 982 657 oportet
1019 591 1151 639 actio
1178 591 1326 648 varia,
1360 592 1646 653 vehemens,
1679 593 1758 640 73„

311 672 457 737 plena
481 671 650 730 animi,
685 670 833 736 plena
857 670 1074 735 spiritus,
1105 670 1253 736 plena
1278 670 1477 730 doloris,
1501 671 1649 735 plena

312 750 546 798 veritatis.
620 750 681 797 In
718 749 793 798 his
825 750 1070 816 operibus,
1115 750 1154 797 si
1190 750 1298 814 quis
1333 749 1465 800 illam
1491 758 1647 798 artem

312 828 763 894 comprehenderit,
800 837 874 888 ut,
921 837 1157 893 tanquam
1195 828 1411 888 Phidias,
1460 828 1650 878 Miner-

309 924 399 956 vae
436 909 632 973 signum
665 908 859 957 efficere
883 909 1072 973 possit3
1113 925 1212 956 non
1255 924 1390 967 sane,
1416 909 1650 972 quemad-

309 987 512 1035 modum
548 988 600 1035 in
637 987 813 1053 clypeo
848 987 982 1035 idem
1018 987 1100 1036 ille
1126 985 1320 1044 artifex,
1351 987 1543 1035 minora
1566 987 1649 1036 illa

306 1082 456 1132 opera
478 1066 646 1115 facere
673 1066 848 1126 discat,
873 1066 1129 1114 laborabit.

374 1145 508 1194 Tum
534 1145 741 1195 Catulus
763 1165 775 1194 z
817 1146 932 1203 Quo
966 1146 1060 1193 ista
1095 1144 1279 1209 majora
1303 1162 1360 1193 ac
1385 1146 1647 1194 mirabilio-
1669 1126 1768 1188 18·

307 1241 360 1272 ra
399 1224 582 1285 fecisti,
620 1242 679 1274 eo
716 1242 795 1274 me
832 1224 986 1289 major
1022 1224 1305 1288 expectatio
1340 1232 1498 1284 tenet,
1541 1226 1646 1288 qui·
1679 1224 1759 1270 74.

307 1305 517 1353 busnam
552 1305 840 1360 rationibus,
880 1304 1118 1368 quibusve
1153 1304 1403 1367 preceptis
1428 1321 1485 1352 ea
1508 1312 1649 1353 tanta

307 1384 379 1432 vis
405 1392 753 1448 comparetur3
782 1399 881 1429 non
903 1399 1000 1446 quo
1019 1399 1129 1429 mea
1148 1382 1348 1444 quidem
1367 1381 1472 1445 jam
1498 1383 1648 1431 inter-

306 1463 368 1511 sit
393 1466 580 1527 (neque
607 1462 738 1510 enim
764 1469 897 1509 aetas
923 1461 974 1508 id
998 1477 1108 1508 mea
1133 1460 1400 1519 desiderat,
1437 1468 1488 1508 et
1513 1461 1644 1510 aliud

305 1541 558 1605 quoddam
596 1556 755 1605 genus
795 1539 995 1588 dicendi
1037 1556 1126 1587 nos
1155 1539 1314 1587 secuti
1339 1556 1525 1599 sumus,
1563 1542 1646 1605 qui

304 1637 558 1685 nunquam
578 1620 859 1668 sententias
870 1619 932 1667 de
952 1620 1177 1667 manibus
1205 1618 1435 1683 judicum
1454 1620 1503 1667 vi
1529 1637 1646 1684 qua-

304 1700 417 1748 dam
443 1700 677 1749 orationis
711 1699 1026 1758 extorsimuS,
1062 1715 1119 1746 ac
1143 1699 1308 1763 potius
1332 1697 1539 1763 placatis
1565 1716 1645 1748 eo-

302 1796 412 1827 rum
437 1780 631 1839 animis,
667 1787 882 1837 tantum,
925 1786 1166 1843 quantum
1191 1778 1282 1843 ipsi
1306 1778 1643 1843 patiebantur,

301 1858 610 1924 accepimus)
644 1859 732 1907 sed
756 1867 923 1906 tamen
948 1858 1041 1905 ista
1064 1866 1168 1916 tua,
1193 1857 1384 1906 nullum
1410 1857 1474 1906 ad
1498 1875 1641 1906 usum

301 1955 488 1998 meum,
522 1946 719 1986 tantum
746 1937 1081 2001 cognoscendi
1108 1937 1272 1984 studio
1297 1937 1544 1985 adductus
1568 1954 1642 1985 re-

301 2018 457 2082 quiro.
529 2017 640 2065 Nec
666 2016 784 2063 mihi
811 2031 933 2080 opus
959 2024 1033 2063 est
1058 2015 1255 2063 Graeco
1280 2015 1444 2079 aliquo
1470 2017 1641 2065 docto-
1674 2015 1750 2061 75,

300 2113 373 2155 re,
393 2095 476 2160 qui
501 2094 620 2142 mihi
644 2094 936 2160 pervulgata
953 2102 1220 2159 praecepta
1245 2093 1499 2154 decantet,
1525 2113 1640 2145 cum

301 2176 405 2239 ipse
430 2190 684 2237 nunquam
709 2172 890 2232 forum,
927 2189 1182 2239 nunquam
1206 2173 1362 2221 ullum
1389 2174 1638 2238 judicium

299 2253 615 2319 adspexerit3
654 2261 711 2300 ut
747 2252 1106 2317 Peripateticus
1147 2252 1229 2301 ille
1269 2254 1452 2303 dicitur
1487 2256 1638 2305 Phor-

298 2333 417 2393 mio,
443 2349 558 2381 cum
586 2331 839 2380 Hannibal
865 2331 1167 2397 Carthagine
1193 2333 1446 2398 expulsus,
1476 2336 1639 2401 Ephe.

299 2429 406 2461 sum
449 2412 512 2460 ad
556 2411 866 2460 Antiochum
907 2412 1123 2460 venisset
1165 2413 1296 2469 exul,
1333 2430 1522 2479 proque
1559 2433 1638 2476 eo,

299 2492 434 2557 quod
459 2490 562 2556 ejus
587 2507 769 2539 nomen
795 2499 900 2539 erat
916 2507 1097 2556 magna
1121 2493 1253 2556 apud
1269 2509 1440 2541 omnes
1464 2494 1639 2558 gloria,

300 2571 536 2619 invitatus
562 2577 691 2618 esset
716 2571 775 2618 ab
801 2570 1076 2635 hospitibus
1103 2571 1218 2629 suis,
1252 2579 1308 2619 ut
1333 2589 1461 2628 eum,
1490 2589 1639 2636 quem

300 2650 422 2709 dixi,
464 2649 503 2697 si
545 2648 715 2708 vellet,
750 2649 944 2697 audiret
966 2670 979 2709 ;
1022 2666 1236 2713 cumque
1278 2667 1328 2698 se
1368 2668 1469 2699 non
1508 2652 1639 2701 nolle

300 2729 524 2788 dixisset,
559 2728 757 2777 locutus
782 2743 886 2775 esse
924 2727 1107 2776 dicitur
1131 2728 1280 2776 homo
1306 2731 1532 2795 copiosus
1557 2731 1640 2779 ali-

299 2817 423 2873 quot
445 2808 590 2858 horas
615 2807 678 2856 de
716 2806 1023 2872 imperatoris
1049 2806 1228 2868 officie,
1265 2816 1316 2857 et
1341 2809 1403 2858 de
1429 2810 1562 2859 omni
1588 2828 1640 2860 re

303 2888 514 2939 militari.
587 2887 739 2948 Tum,
777 2904 892 2936 cum
929 2887 1134 2948 caeteri,
1172 2889 1256 2952 qui
1297 2888 1436 2938 illum
1474 2890 1640 2956 audie,

1221 2983 1257 3021 Η
1280 2978 1308 3019 3
