2071 3508
717 405 884 445 LIBER
914 405 1165 445 TERTIUS.
1537 412 1615 449 285

282 533 378 581 que
403 515 568 570 ducaS,
591 530 742 578 quam
767 515 939 562 oratio.
1011 514 1089 561 Ex
1121 514 1215 562 hac
1239 529 1422 570 versus,
1451 531 1512 563 ex
1538 535 1614 565 ea·
1653 528 1762 576 177,

283 595 396 643 dem
421 595 635 658 dispares
660 593 851 640 numeri
877 592 1209 641 conficiuntur
1230 611 1242 640 :
1282 609 1343 640 ex
1375 593 1466 641 hac
1492 594 1615 645 haec

281 675 429 722 etiam
471 672 629 721 soluta
669 672 813 720 variis
849 672 1026 730 modis,
1063 671 1431 736 multorumque
1466 690 1617 737 gene-

277 769 386 800 rum
411 751 582 800 oratio.
656 751 773 800 Non
799 752 932 800 enim
958 759 1073 799 sunt
1097 750 1192 798 alia
1228 752 1484 811 sermonis,
1523 752 1618 801 alia

276 834 609 882 contentionis
650 835 831 893 verba;
886 849 1051 897 neque
1094 850 1156 881 ex
1195 833 1291 881 alio
1331 850 1516 898 genere
1553 835 1617 882 ad

273 927 417 959 usum
442 913 805 977 quotidianum,
844 913 940 961 alio
965 912 1028 960 ad
1053 929 1252 961 scenam
1283 930 1616 979 pompamque

273 1000 566 1053 sumuntur3
607 993 694 1041 sed
730 1010 789 1041 ea
824 1010 912 1041 nos
951 1009 1065 1041 cum
1082 993 1305 1058 jacentia
1330 993 1615 1042 sustulimus

272 1087 300 1119 e
326 1072 509 1131 medio,
546 1073 675 1121 sicut
712 1072 1046 1120 mollissimam
1073 1089 1252 1129 ceram,
1291 1073 1355 1120 ad
1390 1081 1614 1122 nostrum

271 1150 528 1199 arbitrium
569 1150 838 1199 formamus
881 1158 932 1198 et
973 1150 1220 1214 fingimus.
1292 1151 1468 1215 Itaque
1505 1160 1613 1200 tum

269 1246 444 1294 graves
469 1247 654 1289 sumus,
690 1238 797 1278 tum
835 1229 1057 1288 subtiles,
1093 1237 1201 1278 tum
1226 1231 1446 1278 medium
1473 1231 1613 1295 quid-

272 1309 385 1358 dam
410 1318 668 1359 tenemus:
708 1310 777 1358 sic
816 1310 1095 1358 institutam
1132 1319 1348 1358 nostram
1375 1311 1612 1359 sententi-

271 1405 349 1436 am
386 1390 609 1454 sequitur
645 1389 879 1438 orationis
913 1406 1108 1452 genus3
1147 1389 1297 1451 idque
1323 1389 1387 1435 ad
1410 1406 1610 1437 omnem

268 1469 531 1528 rationem,
574 1477 625 1517 et
663 1469 854 1516 aurium
895 1466 1222 1530 voluptatem,
1257 1474 1308 1514 et
1332 1467 1609 1515 animorum

267 1556 458 1596 motum
495 1556 716 1596 mutatur
754 1554 804 1595 et
841 1546 1066 1594 vertitur.
1139 1545 1238 1593 Sed
1273 1553 1330 1594 ut
1365 1546 1415 1593 in
1440 1546 1608 1611 pleris-
1644 1551 1752 1597 178.

267 1643 363 1691 que
388 1628 534 1676 rebus
558 1625 917 1676 incredibiliter
953 1625 1049 1674 hoc
1088 1634 1265 1674 natura
1303 1634 1379 1674 est
1410 1626 1515 1692 ipsa
1538 1628 1607 1676 fa-

265 1708 455 1757 bricata
476 1729 489 1768 ;
530 1708 599 1756 sic
624 1708 676 1755 in
701 1707 923 1755 oratione
943 1727 955 1766 ;
997 1715 1053 1754 ut
1078 1723 1154 1765 ea,
1191 1723 1316 1770 quae
1341 1708 1607 1755 maximam

262 1788 532 1837 utilitatem
570 1789 621 1835 in
661 1804 711 1836 se
762 1787 1095 1845 continerent,
1144 1786 1318 1834 eadem
1365 1787 1608 1837 haberent

262 1868 530 1933 plurimum
554 1867 632 1916 vel
659 1867 932 1931 dignitatis,
970 1866 1048 1914 vel
1084 1883 1230 1930 saepe
1256 1867 1405 1914 etiam
1430 1884 1607 1916 venus-

262 1950 395 1997 tatis.
470 1946 835 1996 Incolumitatis
876 1963 933 1994 ac
977 1946 1146 1993 salutis
1193 1947 1415 1993 omn-ium
1458 1964 1607 1996 causa

262 2028 488 2076 videmus
534 2028 668 2075 bunc
706 2034 888 2074 statum
928 2042 1032 2074 esse
1072 2025 1216 2090 hujus
1251 2027 1404 2074 totius
1429 2028 1604 2076 mundi

265 2117 413 2173 atque
438 2117 661 2166 naturae,
686 2105 956 2154 rotundum
977 2113 1033 2153 ut
1058 2105 1269 2162 coelum,
1291 2114 1520 2171 terraque
1546 2116 1604 2156 ut

262 2189 427 2238 media
452 2189 532 2248 sit,
569 2204 724 2251 eaque
761 2202 849 2233 sua
883 2185 931 2232 vi
961 2193 1187 2249 nutuque
1224 2193 1487 2246 teneatur;
1529 2187 1602 2235 sol

261 2278 318 2317 ut
343 2267 735 2322 circumferatur,
757 2273 814 2312 ut
832 2263 1040 2312 accedat
1065 2264 1129 2312 ad
1143 2265 1365 2314 brumale
1386 2266 1599 2330 signum,

263 2358 314 2397 et
336 2348 452 2397 inde
479 2347 658 2395 sensim
684 2344 921 2394 ascendat
945 2344 996 2390 in
1023 2344 1264 2392 diversam
1289 2353 1479 2410 partem
1503 2367 1515 2406 3
1544 2354 1601 2395 ut

259 2426 378 2475 luna
401 2443 604 2475 accessu
631 2434 681 2474 et
705 2440 900 2473 recessu
922 2440 1009 2471 suo
1026 2423 1138 2471 solis
1156 2422 1325 2471 lumen
1350 2424 1595 2489 accipiat3

260 2513 318 2553 ut
355 2504 530 2553 eadem
569 2504 725 2569 spatia
763 2504 980 2568 quinque
1024 2502 1193 2550 stellae
1236 2503 1415 2566 dispari
1458 2511 1598 2551 motu

262 2601 507 2648 cursuque
533 2583 814 2632 conficiant.
888 2582 1031 2630 Haec
1056 2590 1246 2630 tantam
1270 2582 1455 2630 habent
1480 2582 1597 2642 vim,
1634 2600 1742 2646 179δ

260 2672 317 2712 ut
342 2662 543 2728 paulum
563 2662 823 2710 immutata
842 2660 1106 2709 cohaerere
1126 2677 1226 2708 non
1244 2660 1433 2724 possint
1451 2681 1464 2719 3
1492 2669 1600 2709 tan-

261 2750 362 2791 tam
387 2740 829 2807 pulcluitudinem,
855 2748 912 2787 ut
935 2738 1069 2786 nulla
1095 2738 1284 2802 species
1309 2755 1372 2786 ne
1398 2741 1598 2805 excogi-

259 2823 353 2870 tari
378 2821 579 2886 quidem
603 2820 757 2885 possit
782 2817 1012 2866 ornatior.
1088 2815 1292 2866 Referte
1330 2833 1464 2866 nunc
1496 2819 1597 2866 ani-

259 2916 397 2949 mum
434 2899 498 2948 ad
538 2898 816 2958 hominum,
850 2895 929 2948 vel
966 2896 1115 2947 etiam
1152 2904 1459 2947 caeterarum
1495 2896 1596 2946 ani-
