2071 3508
281 1629 393 1669 308.

413 414 493 449 ‘200
888 406 964 447 DE
995 407 1263 447 ORATORE

416 518 554 574 Quid
576 517 768 566 multa?
805 519 961 567 omnis
999 535 1115 566 cura
1139 535 1249 566 mea
1273 517 1397 566 solet
1433 518 1485 565 in
1521 518 1616 567 hoc
1640 534 1745 567 ver-

417 598 510 645 sari
535 614 744 661 semper,
766 597 952 662 (dicam
980 596 1110 644 enim
1137 596 1352 661 saepius)
1389 597 1427 644 si
1456 597 1656 662 possim,
1692 604 1749 644 ut

417 676 535 724 boni
560 676 745 740 aliquid
769 676 975 724 efficiam
1002 675 1246 735 dicend03
1287 675 1360 723 sin
1395 676 1447 724 id
1477 677 1654 732 minus,
1692 682 1750 722 ut

420 762 556 805 certe
580 755 766 818 nequid
790 755 918 802 mali.

488 833 663 898 Itaque
688 850 821 882 nunc
846 833 962 882 illuc
988 833 1156 894 redeo,
1178 833 1374 894 Catule,
1393 833 1443 881 in
1469 851 1566 898 quo
1591 841 1647 881 tu
1671 849 1752 881 me

377 947 387 957 .
420 912 567 978 paulo
593 920 707 960 ante
731 912 983 972 laudabas,
1019 914 1081 961 ad
1106 914 1329 962 ordinem
1355 913 1753 961 collocationem-v

421 1009 517 1056 que
555 1009 718 1040 rerum
765 1010 822 1040 ac
867 992 1106 1040 locorum.
1178 992 1331 1057 Cujus
1372 993 1497 1041 ratio
1544 999 1619 1040 est
1666 991 1752 1038 du-

419 1069 570 1133 plex3
610 1070 776 1125 altera,
805 1087 950 1133 quam
987 1071 1126 1119 affert
1150 1078 1325 1118 natura
1359 1087 1651 1128 causarum3
1690 1068 1753 1116 al-

421 1157 545 1206 tera,
584 1164 708 1210 quae
747 1157 995 1195 oratorum
1025 1148 1217 1212 judicio
1250 1156 1299 1195 et
1322 1149 1587 1212 prudentia
1623 1164 1753 1195 com-

420 1233 634 1294 paratur.
706 1226 837 1272 Nam
878 1234 934 1273 ut
975 1225 1162 1288 aliquid
1206 1234 1320 1273 ante
1356 1243 1460 1273 rem
1497 1227 1750 1284 dicamus,

407 1304 621 1362 -deinde,
647 1311 703 1351 ut
727 1321 830 1352 rem
857 1320 1159 1369 exponamus
1182 1325 1194 1363 3
1233 1313 1345 1368 post
1369 1312 1424 1352 ut
1451 1320 1558 1352 eam
1581 1305 1755 1368 probe-

422 1400 530 1430 mus
572 1383 749 1430 nostris
796 1383 1050 1448 praesidiis
1098 1382 1463 1442 confirmandis,
1500 1382 1755 1431 contrariis

422 1462 695 1509 refutandis
716 1482 729 1522 3
770 1461 950 1509 deinde
991 1470 1047 1509 ut
1089 1461 1462 1521 concludamus,
1503 1469 1651 1526 atque
1687 1461 1756 1508 ita

422 1557 738 1605 per-oremus3
766 1540 861 1587 hoc
888 1540 1087 1588 dicendi
1111 1557 1268 1604 genus
1293 1549 1468 1589 natura
1492 1541 1597 1604 ipsa
1618 1556 1756 1604 prae-

426 1619 609 1667 scribit.
681 1619 752 1667 Ut
775 1635 892 1676 xjero
918 1627 1207 1678 statuamus,
1244 1637 1320 1678 ea,
1345 1637 1470 1684 quae
1495 1618 1752 1684 probandi,

427 1697 659 1756 docendi,
673 1698 1003 1762 persuadendi
1028 1715 1193 1757 causa,
1210 1699 1422 1746 dicenda
1439 1705 1571 1756 sunt,
1590 1713 1758 1761 quem-

427 1777 694 1824 admodum
722 1794 1074 1841 componamus
1097 1798 1109 1836 ;
1138 1777 1189 1825 id
1214 1786 1288 1825 est
1312 1777 1390 1825 vel
1415 1776 1629 1824 maxime
1648 1792 1756 1840 pro—

425 1856 588 1919 prium
613 1856 816 1903 oratoris
848 1856 1155 1919 prudentiae.
1229 1856 1395 1904 Multa
1429 1856 1560 1903 enim
1586 1871 1755 1903 occur-

427 1942 543 1981 runt
568 1942 857 1997 argumenta
878 1954 890 1993 3
931 1933 1103 1992 multa,
1131 1951 1254 1998 quae
1280 1935 1330 1981 iu
1357 1934 1570 1982 dicendo
1593 1932 1758 1998 profu-

426 2026 538 2060 tura
561 2012 853 2071 videantur3
883 2012 969 2059 sed
988 2029 1155 2060 eorum
1181 2013 1359 2077 partim
1387 2014 1452 2061 ita
1475 2012 1602 2060 levia
1627 2019 1758 2070 sunt,

428 2103 481 2138 ut
509 2091 875 2139 contemnenda
900 2091 995 2138 siut
1017 2112 1030 2151 3
1069 2092 1262 2155 partim,
1297 2092 1445 2139 etiam
1471 2091 1509 2139 si
1535 2090 1653 2154 quid
1677 2090 1759 2138 ha-

427 2170 549 2216 bent
573 2169 861 2233 adjumenti,
890 2178 1004 2217 sunt
1028 2186 1384 2234 nonnunquam
1410 2169 1668 2233 ejusmodi,
1704 2178 1760 2216 ut

428 2247 544 2293 insit.
585 2247 635 2293 in
671 2247 728 2293 iis
767 2247 953 2309 aliquid
988 2249 1124 2306 vitfi3
1165 2265 1325 2311 neque
1361 2249 1485 2296 tanti
1523 2249 1585 2295 sit
1619 2248 1755 2304 illud,

431 2325 564 2387 quod
587 2325 818 2388 prodesse
838 2326 1080 2383 videatur,
1101 2334 1157 2373 ut
1177 2343 1288 2373 curn
1308 2327 1471 2389 aliquo
1498 2326 1626 2373 malo
1645 2342 1759 2373 con-

290 2410 399 2452 309.
421 2401 677 2467 jrmgatur.
751 2404 892 2460 Quae
929 2412 1091 2451 autem
1131 2414 1244 2451 sunt
1270 2404 1405 2451 utilia
1431 2414 1578 2467 atque
1604 2404 1758 2461 firma,

434 2481 472 2529 si
498 2498 554 2529 ea
577 2489 763 2540 tamen,
789 2485 871 2546 (ut
897 2499 1040 2546 saepe
1061 2483 1138 2542 fit)
1163 2483 1306 2531 valde
1332 2483 1487 2530 multa
1511 2494 1655 2542 suut3
1685 2499 1760 2541 ea,

434 2577 558 2623 quae
585 2576 646 2607 ex
672 2559 728 2606 iis
754 2567 839 2609 aut
862 2560 1106 2607 levissima
1131 2569 1259 2617 sunt,
1286 2570 1372 2608 aut
1403 2561 1507 2608 aliis
1530 2561 1761 2624 graviori-

432 2639 522 2684 bus
548 2637 836 2696 consimilia,
877 2638 1066 2686 secerni
1099 2640 1305 2687 arbitror
1330 2647 1571 2704 oportere,
1613 2647 1759 2703 atque

435 2733 493 2762 cx
538 2716 757 2763 oratione
806 2717 1062 2767 remoreri.
1136 2717 1381 2781 Equidem
1421 2735 1533 2766 cum
1582 2717 1760 2780 colligo

435 2802 723 2856 argumenta
764 2811 1041 2854 causarum,
1078 2813 1176 2844 non
1203 2805 1302 2845 tam
1329 2814 1382 2845 ea
1409 2812 1664 2848 munerare
1689 2811 1760 2843 so-

434 2873 526 2928 leo,
553 2889 697 2933 quam
725 2874 1020 2937 expendere.
