2071 3508
684 387 1192 428 LsssssslSECUNDUS.
1541 394 1615 430 193

274 507 488 559 cuntur;
539 506 598 546 ut
637 497 711 545 M.
754 497 976 555 Cincius,
1013 512 1111 560 quo
1138 495 1219 542 die
1248 495 1413 560 legem
1440 496 1501 544 dc
1528 498 1613 546 do-

273 577 347 624 nis
373 586 423 625 et
447 576 729 623 muneribus
754 574 888 633 tulit,
915 590 1029 622 cum
1057 573 1114 620 C.
1143 572 1306 621 Cento
1331 573 1610 637 prodiisset,

273 665 324 703 et
347 655 460 703 satis
486 654 863 712 contumeliose,
895 652 1014 716 quid
1038 651 1154 710 fers,
1182 652 1442 700 Cinciole?
1469 670 1613 717 quac-

272 733 439 781 sisset:
479 733 551 781 Ut
583 750 730 791 emas,
769 733 946 797 inquit,
987 732 1096 790 Cai,
1133 731 1172 778 si
1196 731 1269 779 uti
1294 731 1430 779 velis.
1504 733 1613 781 Sae-

269 827 331 875 pe
368 812 516 860 etiam
553 812 695 872 salse,
732 829 857 878 quae
898 811 1003 860 fieri
1045 827 1145 858 non
1181 819 1402 874 possunt,
1442 820 1615 876 optan-

269 896 383 950 tur3
424 900 480 939 ut
507 891 711 940 Marcus
738 890 1136 956 Lepidus,'cum,
1175 890 1382 938 caeteris
1407 891 1458 938 in
1485 908 1616 939 cam-

268 993 333 1041 po
359 977 722 1034 exercentibus,
762 978 811 1025 in
837 978 990 1026 herba
1015 977 1118 1042 ipsc
1144 979 1468 1035 recubuisset,
1497 979 1546 1026 V
1549 979 1616 1027 el-

269 1055 366 1104 lem
410 1057 506 1107 hoc
556 1065 703 1117 esset,
753 1057 932 1122 inquit,
982 1057 1220 1106 laborare.
1300 1057 1489 1106 Salsum
1541 1066 1616 1107 est

268 1136 439 1196 etiam,
482 1137 834 1201 quaerentibus
872 1145 923 1185 et
965 1137 1102 1200 quasi
1150 1137 1612 1202 percunctantibim,

269 1213 405 1264 lente
430 1217 730 1282 respondere
757 1217 892 1281 quod
916 1216 1107 1265 nollent
1129 1238 1141 1276 3
1187 1225 1244 1264 ut
1269 1234 1444 1264 censor
1470 1216 1616 1281 Lepi-

272 1293 378 1351 dus,
407 1312 521 1343 cum
549 1296 624 1343 M.
654 1296 877 1344 Antistio
915 1296 1154 1360 Pyrgensi
1192 1313 1374 1359 equum
1408 1295 1616 1343 ademis-

272 1381 364 1432 set,
390 1375 634 1438 amicique
650 1374 1062 1431 vociferarentur,
1084 1382 1134 1420 et
1159 1382 1474 1436 quaererent,
1496 1375 1616 1437 quid

271 1450 351 1499 ille
387 1452 516 1515 patri
552 1469 641 1500 suo
676 1451 1017 1516 responderet,
1067 1468 1156 1498 cur
1197 1451 1486 1515 ademptum
1523 1452 1616 1500 sibi

271 1546 454 1593 equum
491 1531 700 1588 diceret,
738 1546 852 1577 cum
889 1529 1105 1592 optimus
1131 1528 1356 1587 colonus,
1391 1530 1616 1594 parcissi-

271 1625 394 1665 mus,
434 1608 844 1666 modestissimus,
884 1606 1242 1671 frugalissimus
1285 1608 1451 1655 esset?
1523 1607 1614 1656 Me

268 1686 494 1747 istorum,
530 1687 710 1752 inquit,
747 1686 871 1734 nihil
915 1686 1135 1734 credere.
1232 1685 1550 1751 Colliguntur
1586 1705 1614 1735 a

270 1766 478 1815 Graecis
503 1767 598 1815 alia
622 1766 879 1826 nonnulla,
907 1766 1287 1822 exsecrationes,
1332 1767 1614 1816 admiratio-

269 1862 376 1906 nes,
413 1847 721 1894 minationes.
796 1846 894 1894 Sed
929 1846 1052 1894 haec
1090 1846 1195 1910 ipsa
1230 1846 1374 1894 nimis
1399 1846 1520 1894 mihi
1545 1848 1614 1895 vi-

271 1925 391 1974 deor
431 1924 589 1972 multa
628 1925 680 1971 in
720 1941 907 1989 genera
945 1924 1293 1988 descripsisse:
1350 1941 1463 1972 nam
1511 1925 1609 1983 illa,

271 2021 397 2068 quae
422 2003 559 2052 verbi
600 2004 792 2052 ratione
818 2012 867 2051 et
892 2003 940 2050 vi
967 2003 1307 2062 continentur,
1346 2011 1483 2051 certa
1506 2003 1612 2052 fere

270 2100 328 2131 ac
355 2082 557 2132 definita
582 2091 731 2144 sunt;
765 2100 891 2148 quae
915 2082 1208 2147 plerumque
1235 2086 1314 2147 (ut
1341 2091 1456 2130 ante
1483 2082 1612 2144 dixi)

269 2163 458 2211 laudari
483 2162 640 2227 magis
666 2179 813 2226 quam
834 2162 981 2210 rideri
1008 2161 1182 2210 solent.
1258 2160 1400 2210 Haec
1426 2170 1612 2222 autern,

270 2259 395 2306 quae
439 2249 555 2290 sunt
594 2241 646 2288 in
684 2258 756 2300 re,
793 2248 844 2288 et
882 2241 934 2288 in
960 2240 1064 2304 ipsa
1089 2241 1353 2299 sententia,
1388 2241 1613 2305 partibus

270 2330 386 2370 sunt
425 2321 822 2381 innumerabilia,
863 2321 1130 2386 generibus
1167 2338 1343 2385 pauca.
1415 2322 1611 2386 Expec-

267 2402 538 2451 tationibus
577 2402 709 2451 enim
749 2399 1076 2465 decipiendis,
1115 2409 1166 2448 et
1190 2400 1377 2448 naturis
1402 2400 1610 2448 aliorum

269 2481 550 2541 irridendis,
592 2481 810 2547 ipsorum
835 2479 1044 2527 ridicule
1068 2479 1367 2536 indicandis,
1405 2488 1455 2527 et
1480 2480 1610 2527 simi-

268 2559 480 2607 litudine
521 2559 771 2624 turpioris,
808 2566 859 2606 et
897 2557 1306 2615 dissimulatione,
1347 2565 1396 2604 et
1435 2559 1610 2605 subab-

270 2638 417 2687 surda
459 2638 693 2697 dicendo,
736 2645 786 2686 et
828 2636 977 2685 stulta
1019 2636 1449 2700 reprehendendo,
1486 2638 1610 2686 risus

270 2725 548 2766 moventur.
620 2716 797 2780 Itaque
823 2714 1120 2762 imbuendus
1146 2722 1220 2762 est
1243 2714 1302 2772 is,
1335 2715 1418 2777 qui
1433 2714 1609 2778 jocose

268 2797 376 2845 vult
417 2796 603 2855 dicere,
641 2794 779 2860 quasi
803 2801 979 2841 natura
1021 2792 1233 2856 quadam
1258 2804 1373 2856 apta
1398 2792 1459 2840 ad
1484 2793 1608 2843 haec

268 2892 469 2940 genera,
508 2883 558 2924 et
581 2874 818 2933 moribus,
859 2881 913 2922 ut
937 2871 1001 2921 ad
1026 2870 1264 2936 cujusque
1290 2870 1426 2920 modi
1449 2888 1608 2936 genus

1237 2966 1270 2998 N
1588 2964 1592 2968 .

1648 740 1759 784 287.

1643 2180 1758 2222 289.
