2071 3508
697 393 865 431 LIBER
897 390 1202 430 SECUNDUS.
1548 394 1624 430 119

291 504 418 553 dunt
442 503 570 552 enim
596 508 752 549 totam
789 517 892 548 rem
929 500 978 546 in
1006 499 1126 546 duas
1150 505 1332 562 parteS‚
1369 497 1417 543 in
1446 514 1621 546 causae

291 582 690 639 controversiam,
714 588 765 628 et
788 580 838 626 in
865 578 1181 643 quaestionis.
1237 578 1433 625 cazas-mn
1460 578 1623 640 appel-

286 662 408 719 lant,
424 676 527 708 rem
551 659 760 725 positam
786 659 836 705 in
857 657 1217 722 disceptatione
1243 672 1403 703 reruni
1432 664 1481 702 ct
1507 672 1623 702 con-

285 737 548 786 troversia:
589 738 919 791 Quaestionem
961 743 1145 793 autem,
1178 751 1280 782 rem
1323 746 1529 797 positam
1571 734 1621 781 in

282 815 474 863 infinita
498 815 822 864 dubitatione.
895 815 975 862 De
1002 830 1149 861 causa
1172 822 1439 877 praecepta
1464 813 1584 860 dant
1606 830 1618 860 ε

283 893 345 942 de
371 894 523 942 altera
547 902 686 959 parte
724 892 984 959 [dicendi]
1021 893 1199 939 mirum
1239 891 1487 940 silentium
1528 900 1617 940 est.

283 973 483 1022 Deinde
509 975 727 1039 quinque
751 973 944 1021 faciunt
979 972 1116 1036 quasi
1140 972 1362 1020 membra
1386 970 1618 1036 eloquen-
1650 969 1727 1016 79.

281 1052 400 1111 tiae,
432 1053 653 1101 invenire
679 1052 799 1117 quid
825 1052 977 1111 dicas,
1001 1052 1204 1099 inventa
1228 1051 1504 1116 disponere,
1537 1051 1621 1100 de-

282 1131 400 1180 inde
439 1149 612 1180 ornare
667 1132 846 1190 verbis,
895 1139 1007 1196 post
1054 1131 1318 1179 memoriae
1366 1130 1616 1188 mandare,

282 1217 390 1259 tum
429 1212 492 1260 ad
531 1220 808 1261 extremum
834 1228 999 1276 agere,
1041 1228 1099 1259 ac
1122 1211 1475 1275 pronuntiare:
1515 1226 1618 1259 rem

284 1306 399 1338 sane
438 1308 538 1339 non
577 1291 901 1340 reconditam.
975 1289 1099 1347 Quis
1125 1289 1255 1338 enim
1289 1289 1383 1337 hoc
1409 1305 1509 1336 non
1535 1306 1622 1338 sua

284 1379 460 1434 sponte
486 1371 684 1431 viderit,
721 1372 970 1420 neminem
994 1387 1136 1436 posse
1162 1377 1275 1433 apte
1301 1369 1489 1426 dicere,
1529 1367 1623 1415 nisi

283 1457 334 1497 et
358 1451 478 1514 quid
503 1451 711 1510 diceret,
749 1460 799 1499 et
824 1451 1000 1515 quibus
1034 1450 1213 1507 verbiS‚
1251 1456 1301 1496 et
1325 1463 1423 1511 quo
1449 1446 1623 1494 ordine

282 1527 490 1588 diceret,
543 1530 765 1589 haberet,
816 1538 865 1579 et
914 1547 970 1578 ea
1016 1527 1355 1576 meminisset?
1449 1525 1622 1589 Atque

279 1605 404 1654 haec
430 1624 525 1672 ego
550 1624 649 1656 non
674 1608 1014 1673 reprehendo:
1056 1607 1141 1654 sed
1158 1613 1272 1654 ante
1298 1604 1468 1653 oculos
1494 1605 1622 1669 posi-

278 1691 329 1732 ta
345 1702 450 1733 esse
476 1686 620 1745 dico;
656 1695 713 1734 ut
738 1703 818 1734 eas
843 1686 963 1733 item
990 1694 1217 1749 quatuor,
1249 1684 1486 1749 quinque,
1512 1700 1619 1732 sex-

279 1779 338 1811 ve
363 1772 545 1828 partes‚
587 1763 666 1812 vel
692 1764 841 1812 etiam
878 1772 1067 1827 septem
1095 1763 1354 1827 (quoniam
1379 1762 1521 1810 aliter
1557 1762 1618 1811 ab

277 1841 382 1890 aliis
408 1841 725 1907 digeruntur)
762 1843 813 1888 in
839 1858 958 1905 quas
983 1849 1057 1888 est
1081 1842 1141 1888 ab
1165 1841 1240 1887 his
1277 1841 1436 1888 omnis
1461 1841 1618 1889 oratio

278 1920 552 1969 distributa.
639 1921 829 1970 Jubent
871 1920 1002 1967 enim
1040 1918 1254 1966 exordiri
1279 1918 1366 1977 ita,
1403 1927 1458 1968 ut
1484 1937 1616 1979 eum,
1652 1923 1729 1962 80.

279 1999 362 2062 qui
387 1998 575 2057 audiat,
611 1997 906 2047 benevolum
949 1997 1089 2043 nobis
1113 1995 1370 2055 faciamus,
1408 2004 1459 2045 et
1483 1998 1619 2046 doci-

277 2077 396 2136 ]em,
433 2084 485 2125 et
520 2085 802 2126 attentum:
856 2076 1037 2124 deinde
1076 2091 1178 2122 rem
1215 2091 1412 2124 narrare
1437 2075 1524 2135 ita,
1560 2084 1619 2124 ut

278 2155 553 2203 verisimilis
590 2155 805 2203 narratio
851 2155 931 2214 sit,
990 2163 1046 2202 ut
1087 2162 1274 2218 aperta,
1328 2162 1385 2201 ut
1420 2156 1614 2203 brevis:

275 2242 390 2298 post
435 2242 602 2282 autem
645 2233 865 2282 dividere
914 2249 1129 2291 causam,
1178 2240 1263 2280 aut
1302 2248 1580 2298 proponere
1602 2252 1613 2282 ε

276 2320 443 2360 nostra
468 2312 757 2360 confirmare
791 2311 1094 2376 argumentis
1119 2328 1177 2358 ac
1202 2312 1503 2359 rationibus:
1533 2312 1616 2361 de-

275 2391 392 2439 inde
431 2390 675 2439 contraria
710 2388 941 2437 refutare.
1028 2388 1159 2436 Tum
1199 2397 1367 2437 autem
1393 2390 1474 2436 alii
1500 2407 1615 2438 con-

276 2468 549 2517 clusionem
575 2468 826 2527 orationis,
844 2476 897 2516 et
921 2468 1058 2531 quasi
1075 2468 1440 2532 perorationem
1467 2467 1616 2515 collo-

277 2554 427 2606 cant3
467 2545 547 2593 alii
576 2545 776 2610 jubent,
813 2555 1078 2610 antequam
1116 2555 1391 2610 peroretur,
1439 2562 1613 2593 ornan-

277 2624 328 2672 di
353 2616 439 2672 aut
463 2624 644 2688 agendi
671 2642 817 2672 causa
841 2624 1056 2688 digredi3
1087 2622 1267 2670 deinde
1294 2623 1613 2692 concludere,

277 2720 335 2752 ac
354 2718 600 2768 perorare.
656 2702 735 2750 Ne
751 2702 874 2750 haec
900 2700 1100 2765 quidem
1126 2700 1436 2763 reprehendo
1459 2719 1469 2748 :
1498 2710 1613 2750 sunt
1645 2711 1724 2751 81·

278 2782 410 2831 enim
454 2781 698 2830 concinne
725 2780 985 2829 distributa
1006 2799 1019 2838 3
1074 2778 1161 2826 sed
1186 2785 1351 2825 tamen
1379 2779 1455 2843 (id
1480 2780 1615 2843 quod

278 2877 481 2914 necesse
504 2861 600 2911 fuit
625 2860 905 2912 hominibus
925 2857 1209 2924 expertibus
1234 2857 1478 2920 veritatis)
1515 2875 1616 2907 non

1193 2953 1231 2985 ,11
1252 2945 1283 2984 4
