2071 3508
283 543 394 584 123.

288 941 396 982 124.

299 2509 407 2551 125.

425 429 503 466 134
705 393 709 399 ¹
901 424 978 464 DE
1008 422 1276 463 ORATORE

425 533 588 585 cendi.
643 534 977 591 Quamobrem
1002 535 1041 583 si
1064 551 1151 582 vos
1175 549 1370 599 quoque
1395 532 1489 582 hoc
1513 531 1645 580 idem
1671 548 1753 581 ex-

424 613 670 673 istimatis,
702 629 802 662 non
827 614 937 672 erit,
969 622 1025 662 ut
1048 614 1239 678 opinor,
1263 613 1432 676 iniqua
1453 612 1668 677 partitio,
1696 611 1753 670 si,

426 709 541 742 cum
575 709 669 757 ego
706 693 840 740 hunc
880 700 1142 750 oratorem,
1179 708 1325 756 quem
1350 707 1484 739 nunc
1508 690 1660 755 fingo,
1700 697 1759 738 ut

425 772 636 831 institui,
661 788 848 830 crearo,
873 770 1058 830 aluer0,
1075 770 1364 819 confirmaro
1385 790 1398 830 ;
1425 770 1617 819 tradam
1643 785 1757 819 eum

429 852 624 910 Crasso,
660 859 711 899 et
733 850 1063 908 vestiendum,
1090 857 1140 896 et
1164 849 1456 896 ornandum.

496 930 629 978 Tum
656 931 871 986 Crassus,
910 929 992 976 Tu
1016 946 1151 988 vero,
1187 928 1362 992 inquit,
1404 926 1614 985 Antoni,
1651 943 1759 990 per-

427 1026 511 1074 ge,
546 1017 604 1057 ut
627 1008 897 1057 instituisti.
967 1009 1146 1072 Neque
1172 1008 1303 1056 enim
1329 1015 1403 1056 est
1424 1006 1559 1063 boni,
1598 1022 1761 1071 neque

427 1087 640 1137 liberalis
663 1087 899 1152 parentis,
941 1102 1088 1150 quem
1111 1086 1399 1150 procrearit,
1439 1092 1491 1134 et
1515 1084 1759 1141 eduxerit,

430 1182 545 1214 eum
570 1182 669 1213 non
695 1173 746 1213 et
776 1165 974 1223 vestire,
1011 1172 1063 1212 et
1086 1180 1294 1224 ornare3
1332 1164 1618 1229 praesertim
1647 1179 1762 1211 cum

429 1252 481 1292 te
505 1243 805 1308 locupletem
832 1259 936 1291 esse
968 1258 1149 1307 negare
1173 1258 1273 1290 non
1297 1242 1466 1307 possis.
1539 1242 1690 1300 Quod
1713 1258 1764 1290 e-

429 1322 533 1370 nim
575 1329 939 1380 ornamentum,
975 1336 1101 1385 quae
1141 1320 1228 1377 vis,
1267 1321 1350 1385 qui
1391 1320 1598 1377 animus,
1637 1337 1762 1385 quae

432 1401 646 1465 dignitas
670 1400 740 1447 illi
765 1400 945 1448 oratori
971 1399 1144 1456 defuit,
1179 1399 1264 1463 qui
1288 1399 1340 1447 in
1364 1416 1512 1448 causa
1534 1416 1764 1464 peroran-

432 1480 496 1528 da
519 1496 620 1528 non
661 1479 906 1528 dubitavit
944 1479 1161 1526 excitare
1185 1495 1324 1527 reum
1350 1478 1677 1538 consularem,
1713 1486 1765 1527 et

432 1558 536 1624 ejus
561 1558 819 1607 diloricare
856 1557 1097 1620 tunicam,
1133 1564 1184 1606 et
1214 1556 1471 1621 judicibus
1506 1557 1763 1606 cicatrices

432 1638 660 1687 adversas
685 1637 813 1685 senis
837 1636 1144 1701 imperatoris
1169 1636 1430 1685 ostendere
1451 1636 1468 1683 ?
1505 1636 1588 1700 qui
1612 1636 1760 1694 idem,

432 1716 529 1765 hoc
571 1723 837 1766 accusante
863 1716 1098 1781 Sulpicio,
1141 1732 1255 1764 cum
1291 1715 1541 1764 hominem
1567 1715 1764 1764 seditio-

433 1813 541 1844 sum
565 1795 902 1860 furiosumque
944 1794 1251 1852 defenderet,
1294 1810 1394 1842 non
1424 1794 1670 1843 dubitavit
1693 1813 1765 1845 se-

433 1874 646 1924 ditiones
683 1874 811 1940 ipsas
849 1890 1038 1931 ornare,
1083 1891 1141 1922 ac
1180 1874 1517 1923 demonstrare
1541 1875 1765 1940 gravissi-

433 1954 526 2002 mis
549 1953 725 2011 verbis,
763 1953 943 2002 multos
968 1969 1115 2018 saepe
1140 1953 1353 2021 impetus
1375 1953 1546 2018 populi
1570 1970 1670 2002 non
1693 1954 1766 2001 in-

425 2032 588 2098 justos
629 2050 753 2093 esse,
796 2050 917 2099 quos
952 2041 1200 2099 praestare
1236 2049 1383 2081 nemo
1417 2033 1606 2098 possit?
1645 2033 1767 2082 mul-

435 2121 510 2162 tas
535 2114 684 2162 etiam
710 2131 737 2162 e
774 2113 1028 2180 republica
1068 2113 1334 2162 seditiones
1370 2131 1514 2179 saepe
1539 2130 1645 2163 esse
1667 2113 1768 2163 fac-

437 2199 527 2248 tas,
566 2199 641 2251 ut,
678 2208 792 2240 cum
816 2209 957 2257 reges
983 2200 1146 2240 essent
1181 2193 1360 2249 exacti,
1397 2201 1455 2240 ut
1479 2210 1592 2241 cum
1616 2193 1769 2242 tribu·

437 2270 560 2319 nitia
598 2277 817 2335 potestas
855 2279 984 2319 esset
1021 2271 1326 2320 constituta?
1375 2271 1507 2319 illam
1547 2272 1770 2320 Norbani

439 2349 753 2408 seditionem,
805 2365 869 2398 ex
907 2349 1048 2397 luctu
1089 2350 1289 2409 civium,
1331 2358 1383 2397 et
1420 2366 1482 2397 ex
1508 2350 1771 2414 Caepionis

438 2427 571 2487 odio,
625 2428 709 2493 qui
751 2428 1026 2476 exercitum
1068 2418 1310 2484 amiserat,
1370 2445 1531 2492 neque
1572 2429 1770 2493 reprimi

437 2506 674 2572 potuisse,
710 2514 762 2565 et
775 2506 890 2571 jure
915 2523 1019 2555 esse
1045 2507 1344 2555 conflatam?
1398 2508 1568 2556 Potuit
1590 2507 1672 2556 hic
1703 2506 1772 2554 lo-

441 2602 527 2634 cus
567 2593 669 2648 tam
708 2602 910 2651 anceps,
950 2593 1053 2634 tam
1094 2587 1361 2643 inauditus,
1404 2594 1506 2635 tam
1535 2586 1772 2644 lubricus,

439 2673 542 2713 tam
568 2681 745 2724 novus,
787 2665 891 2713 sine
927 2665 1139 2730 quadam
1165 2665 1441 2714 incredibili
1465 2666 1513 2714 vi
1537 2682 1595 2714 ac
1618 2664 1772 2713 facul-

440 2752 543 2792 tate
569 2744 770 2793 dicendi
807 2745 1009 2794 tractari
1031 2745 1047 2793 ?
1086 2744 1222 2801 Quid
1247 2762 1342 2810 ego
1367 2744 1429 2793 de
1455 2745 1547 2793 Cn.
1576 2742 1771 2802 Manlii,

441 2823 561 2885 quid
586 2824 648 2872 de
676 2824 740 2881 Q.
770 2824 924 2889 Regis
951 2824 1379 2873 commiseratione
1405 2820 1603 2872 dicam?
1655 2820 1775 2886 quid

442 2900 504 2948 de
548 2901 653 2949 aliis
694 2903 1173 2959 innumerabilibus?
1225 2903 1278 2951 in
1318 2903 1495 2967 quibus
1534 2917 1635 2950 non
1678 2900 1776 2949 hoc
