2071 3508
313 762 390 805 71.

419 417 496 455 248
894 417 971 456 DE
1001 416 1268 455 ORATORE

421 532 472 573 et
494 525 691 574 uberius
717 525 982 590 explicavit
1007 526 1257 574 Antonius
1278 544 1290 574 :
1329 526 1434 585 sed,
1467 527 1505 573 si
1531 525 1605 574 his
1631 543 1744 574 con-

421 605 548 652 tenti
572 604 707 664 estis,
739 612 886 669 atque
922 606 980 653 iis
1010 605 1177 663 etiam,
1202 621 1326 669 quae
1352 604 1450 653 dici
1474 604 1694 653 voluistis
1718 622 1747 652 a

422 700 520 742 me,
563 701 624 732 ex
661 684 853 748 ingenti
888 683 1100 748 quodam
1136 691 1379 732 oratorem
1410 683 1748 747 immensoque

423 777 598 827 campo
621 763 673 810 in
698 763 934 827 exiguum
961 780 1075 811 sane
1099 779 1276 827 gyrum
1301 761 1608 826 compellitis.
1665 761 1749 809 Sin

421 850 640 890 veterem
665 834 802 889 illum
829 841 1088 899 Periclem,
1114 849 1200 888 aut
1222 841 1356 888 hunc
1382 841 1549 899 etiam,
1575 840 1657 904 qui
1681 839 1749 888 fa·-

423 920 656 968 miliarior
678 920 818 968 nobis
842 928 1044 984 propter
1068 919 1361 982 scriptorum
1381 917 1751 967 multitudinem

424 1007 517 1057 est,
564 998 972 1053 Demosthenem,
1022 997 1160 1060 sequi
1200 996 1378 1055 vultis3
1431 1003 1496 1051 et,
1540 995 1579 1042 si
1618 995 1752 1043 illam

423 1076 723 1141 praeclaram
749 1083 800 1123 et
824 1076 1054 1123 eximiam
1074 1075 1290 1139 speciem
1315 1074 1519 1121 oratoris
1542 1071 1752 1136 perfecti

425 1162 477 1202 et
499 1154 885 1219 pulcritudinem
904 1154 1164 1201 adamastis
1183 1174 1195 1213 3
1224 1160 1310 1200 aut
1332 1152 1469 1200 vobis
1493 1151 1616 1200 haec
1638 1151 1754 1200 Car-

423 1232 619 1292 neadia,
644 1240 730 1279 aut
752 1232 834 1279 illa
860 1231 1147 1280 Aristotelia
1181 1232 1252 1279 vis
1289 1230 1755 1295 comprehendenda

382 1339 393 1351 ο
426 1318 516 1359 est.
569 1311 799 1374 Namque
820 1314 901 1376 (ut
925 1318 1039 1370 ante
1065 1310 1191 1371 dixi)
1217 1318 1408 1358 veteres
1427 1309 1495 1356 illi
1511 1326 1666 1373 usque
1691 1309 1755 1357 ad

427 1389 695 1445 Socratem,
723 1405 920 1437 omnem
946 1389 1165 1436 omnium
1190 1405 1372 1447 rerum,
1399 1405 1522 1452 quae
1555 1389 1619 1436 ad
1652 1404 1754 1435 mo-

425 1483 502 1515 res
526 1466 800 1524 hominum,
826 1483 950 1530 quae
983 1466 1046 1513 ad
1069 1466 1235 1521 vitam,
1264 1482 1387 1529 quae
1414 1465 1477 1513 ad
1501 1467 1754 1524 virtutem,

427 1561 552 1610 quae
577 1545 641 1593 ad
662 1545 1017 1609 rempublicam
1054 1545 1386 1608 pertinebant,
1418 1545 1754 1608 cognitionem

428 1631 479 1671 et
520 1623 796 1681 scientiam,
839 1639 952 1670 cum
989 1622 1188 1670 dicendi
1223 1622 1413 1669 ratione
1441 1621 1751 1686 jungebant:

426 1709 599 1767 postea
623 1700 870 1748 dissociati
897 1703 978 1764 (ut
1001 1699 1230 1763 exposui)
1256 1716 1284 1747 a
1309 1699 1508 1747 Socrate
1535 1699 1703 1747 diserti
1727 1716 1756 1748 a

429 1781 607 1839 doctis,
632 1787 683 1829 et
707 1779 940 1843 deinceps
977 1795 1005 1826 a
1044 1778 1303 1826 Socraticis
1339 1778 1458 1825 item
1494 1794 1540 1825 01
1544 1778 1753 1839 inibus3

425 1858 703 1923 philosophi
750 1857 1081 1920 eloquentiam
1136 1857 1486 1920 despexerunt,
1538 1865 1755 1905 oratores

423 1936 748 2001 sapientiam:
787 1951 948 2022 neque
987 1934 1254 1998 quidquam
1291 1951 1353 1982 ex
1384 1933 1582 1981 alterius
1616 1943 1757 1998 parte

429 2015 719 2079 tetigelunt,
760 2013 854 2060 nisi
894 2013 1027 2076 quod
1062 2011 1131 2058 illi
1166 2013 1226 2061 ab
1262 2012 1357 2071 his,
1392 2020 1478 2060 aut
1501 2013 1561 2060 ab
1586 2012 1680 2060 illis
1703 2012 1755 2060 hi

428 2100 804 2151 mutuarentur3
850 2108 913 2139 ex
954 2108 1050 2155 quo
1090 2091 1368 2155 promiscue
1409 2091 1679 2150 haurirent,
1715 2091 1754 2138 si

387 2211 398 2224 .
429 2188 626 2219 manere
650 2171 703 2217 in
725 2170 931 2234 pristina
951 2169 1297 2216 communione
1315 2169 1598 2217 voluissent.
1637 2169 1754 2228 Sed,

428 2257 485 2297 ut
506 2248 764 2313 pontifices
787 2255 979 2296 veteres
1002 2255 1203 2311 propter
1221 2247 1567 2295 sacrificiorum
1592 2248 1755 2296 multi-

429 2327 654 2374 tudinem
677 2333 776 2373 tres
799 2325 928 2373 viros
954 2325 1188 2389 epulones
1213 2341 1316 2372 esse
1335 2325 1615 2383 voluerunt,
1641 2342 1755 2373 cum

431 2412 594 2453 essent
630 2403 722 2468 ipsi
763 2421 792 2451 a
826 2404 1007 2459 Numa,
1044 2411 1102 2450 ut
1136 2403 1283 2450 etiam
1307 2402 1431 2450 illud
1453 2402 1682 2450 ludorum
1706 2420 1754 2452 e-

429 2482 599 2547 pulare
624 2481 914 2529 sacrificium
939 2480 1179 2539 facerent,
1207 2481 1420 2529 instituti
1441 2499 1452 2528 :
1491 2481 1560 2528 sic
1586 2481 1754 2529 Socra-

430 2562 518 2610 tici
542 2579 570 2609 a
594 2577 663 2620 se,
700 2576 956 2608 causarum
980 2568 1170 2609 actores
1201 2567 1251 2607 et
1275 2576 1302 2606 a
1327 2560 1576 2607 communi
1598 2559 1754 2623 philo-

430 2639 629 2703 sophiae
654 2637 871 2695 nomine,
907 2645 1274 2701 separaverunt,
1310 2654 1422 2685 cum
1456 2644 1648 2685 veteres
1683 2637 1753 2685 di-

431 2719 577 2766 cendi
615 2724 666 2765 et
704 2715 1013 2781 intelligendi
1047 2715 1301 2764 mirificam
1337 2715 1622 2765 societatem
1647 2730 1764 2765 esse*

430 2796 713 2845 voluissent.
