2071 3508
431 444 514 486 476
932 439 1268 479 ORATORIAE

431 552 569 611 serit,
605 550 647 600 is
685 549 855 600 vincat
894 566 1097 600 necesse
1136 556 1225 598 est.
1296 547 1414 597 Non
1455 547 1589 597 enim
1625 565 1768 615 argu-

433 631 706 681 mentando
746 630 842 680 hoc
888 647 1047 696 genus
1092 636 1353 688 tractatur,
1406 629 1494 678 sed
1533 636 1772 694 tanquam

435 710 733 777 explicando
758 710 1159 774 excutiendoque
1195 710 1379 758 verbo:
1418 716 1490 766 ut,
1529 708 1568 757 si
1601 708 1654 756 in
1685 724 1772 757 reo

433 791 650 856 pecunia
673 789 917 847 absoluto,
953 805 1216 852 rursusque
1241 796 1492 847 revocato,
1529 787 1776 853 praevari-

433 870 683 920 cationem
708 876 969 918 accusator
992 885 1096 917 esse
1122 867 1342 927 definiat,
1379 884 1577 916 omnem
1593 866 1776 931 judicii

435 947 769 1012 corruptelam
806 947 867 996 ab
892 963 1011 995 reo:
1050 945 1281 995 defensor
1315 954 1501 1006 autem,
1536 962 1637 995 non
1673 962 1777 995 om-

435 1043 571 1086 nem,
612 1026 700 1074 sed
735 1025 1083 1073 tantummodo
1118 1026 1418 1074 accusatoris
1443 1026 1776 1092 corruptelam

435 1107 498 1155 ab
522 1122 624 1155 reo.
696 1104 770 1153 Sit
811 1121 930 1169 ergo
971 1105 1095 1153 haec
1120 1105 1377 1153 contentio
1411 1105 1570 1171 prima
1603 1107 1779 1154 verbo-

435 1201 566 1244 rum,
591 1184 642 1231 in
668 1200 765 1248 qua
789 1183 939 1232 etiam
965 1183 1004 1231 si
1027 1183 1228 1249 propius
1253 1183 1462 1232 accedat
1485 1184 1548 1231 ad
1573 1200 1780 1234 consue-

435 1264 665 1313 tudinem
692 1271 1012 1328 mentemque
1049 1263 1286 1312 sermonis
1312 1262 1584 1312 defensoris
1609 1263 1781 1312 defini-

437 1343 529 1403 tio,
548 1352 717 1392 tamen
742 1350 1003 1392 accusator
1021 1344 1269 1392 sententia
1290 1342 1414 1408 legis
1438 1344 1629 1391 nititur.
1678 1343 1782 1391 Ne-

438 1431 527 1488 gat
551 1423 683 1472 enim
707 1422 904 1488 probari
941 1430 1188 1487 oportere,
1224 1439 1323 1479 eos,
1362 1423 1446 1487 qui
1469 1422 1606 1486 leges
1631 1422 1783 1487 scrip.

440 1511 631 1562 serunt,
672 1510 835 1551 ratum
876 1502 1059 1551 habere
1088 1501 1353 1567 judicium,
1391 1502 1431 1550 si
1471 1509 1635 1550 totum
1673 1518 1782 1550 cor-

440 1590 644 1648 ruptum
670 1581 733 1629 sit
753 1600 765 1629 t
794 1581 833 1629 si
857 1596 986 1629 unus
1009 1588 1269 1629 accusator
1294 1588 1554 1645 corruptus
1579 1581 1656 1638 sit,
1683 1597 1784 1629 res-

442 1661 662 1711 cindere.
734 1660 926 1708 Nititur
954 1660 1234 1724 aequitate:
1278 1668 1336 1708 ut
1375 1660 1458 1708 illa
1493 1660 1632 1724 quasi
1667 1659 1785 1709 scri-

440 1739 609 1788 benda
631 1738 713 1787 lex
739 1737 809 1786 sic
835 1746 982 1797 esset,
1018 1755 1244 1803 quaeque
1279 1746 1447 1787 tamen
1483 1738 1784 1802 complecte-

443 1826 582 1866 retur
605 1818 655 1866 in
672 1816 877 1881 judiciis
902 1817 1164 1882 corruptiS‚
1201 1834 1259 1865 ea
1281 1818 1433 1865 verbo
1457 1834 1558 1866 uno
1581 1833 1784 1881 praeva-

443 1896 697 1945 ricationis
751 1896 1183 1961 comprehendisse
1232 1896 1428 1945 dicitur.
1533 1895 1786 1945 Defensor

445 1984 613 2025 autem
638 1984 850 2024 testatur
887 1976 1298 2025 consuetudinem
1336 1975 1592 2035 sermonis,
1627 1975 1787 2024 verbi-

444 2072 543 2120 que
566 2056 667 2104 vim
693 2072 755 2105 ex
782 2056 1029 2104 contrario
1054 2055 1268 2121 reperiet
1286 2055 1425 2120 quasi
1464 2072 1526 2103 ex
1562 2072 1680 2103 vero
1704 2071 1786 2105 ac-

446 2143 695 2195 cusatore,
731 2135 812 2184 cui
839 2135 1140 2183 contrarium
1177 2144 1252 2183 est
1275 2151 1455 2183 nomen
1481 2135 1788 2200 praevarica-

445 2215 566 2264 toris
588 2233 601 2264 z
640 2232 702 2264 ex
728 2216 1165 2279 consequentibus,
1202 2215 1336 2279 quod
1361 2231 1419 2263 ea
1442 2214 1584 2263 litera
1619 2214 1682 2263 de
1707 2232 1789 2264 ac-

447 2301 677 2343 cusatore
727 2293 852 2342 solet
901 2294 1006 2342 dari
1048 2293 1244 2358 judici:
1300 2310 1363 2341 ex
1412 2294 1612 2342 nomine
1660 2294 1787 2358 ipso,

447 2373 585 2437 quod
628 2373 875 2438 significat
911 2389 1040 2429 eum,
1093 2373 1177 2437 qui
1223 2373 1275 2420 in
1322 2373 1580 2421 contrariis
1627 2374 1788 2422 causis

448 2453 588 2518 quasi
612 2453 745 2502 varie
764 2448 876 2501 ⁵esse
900 2453 1088 2517 positus
1111 2451 1353 2500 videatur.
1425 2451 1523 2500 Sed
1558 2451 1675 2500 huic
1715 2460 1788 2502 ta-

448 2547 566 2581 men
590 2532 682 2597 ipsi
722 2531 1114 2596 confugiendum
1153 2539 1228 2580 est
1263 2531 1325 2580 ad
1349 2531 1610 2596 aequitatis
1633 2532 1790 2594 locos,

451 2611 516 2658 ad
558 2628 721 2660 rerum
751 2611 1089 2676 judicatarum
1131 2611 1497 2670 auctoritatem,
1539 2611 1602 2659 ad
1637 2611 1788 2661 finem

453 2689 668 2754 aliquem
691 2690 901 2756 periculi
922 2709 934 2739 ε
963 2707 1324 2754 communeque
1349 2690 1412 2739 sit
1435 2689 1530 2738 hoc
1554 2707 1791 2757 praecep-

452 2776 580 2829 tum,
616 2779 687 2828 ut,
727 2787 841 2819 cum
867 2778 1075 2836 uterque
1101 2770 1363 2830 definierit,
1402 2788 1549 2836 quam
1574 2772 1789 2829 maxime

452 2850 672 2912 potuerit
708 2850 772 2898 ad
813 2867 1127 2900 communem
1169 2867 1365 2899 sensum
1399 2851 1597 2916 vimque
1632 2850 1789 2910 verbi,

454 2932 564 2976 tum
588 2928 846 2992 similibus,
881 2930 1218 2998 exemplisque
1244 2947 1429 2990 eorum,
1456 2931 1540 2997 qui
1563 2931 1632 2980 ita
1654 2929 1789 2979 locu-
