2071 3508
676 381 1065 421 PARTITIONES.
1459 388 1540 429 4623

197 492 458 542 indoctum
483 500 534 540 et
558 498 768 556 agreste,
796 491 931 554 quod
956 488 1203 538 anteferat
1228 506 1422 555 semper
1446 494 1540 541 uti-

195 572 389 622 litatem
414 570 693 628 honestati;
734 569 945 617 alterum
984 568 1278 633 expolitum,
1308 570 1445 633 quod
1468 588 1540 623 re.-

196 653 287 700 bus
340 651 568 699 omnibus
616 648 913 712 dignitatem
967 656 1256 712 anteponat.
1362 649 1541 714 Itaque

195 731 313 779 huic
353 728 526 793 generi
567 728 688 785 laus,
727 727 906 787 honor,
941 727 1117 793 gloria,
1156 727 1292 785 fides,
1328 727 1543 793 justitia,

194 809 455 871 omnisque
495 807 684 868 virtus3
741 807 811 854 illi
859 815 1027 856 autem
1077 806 1234 865 alteri,
1291 815 1543 874 quaestus,

195 888 611 947 emolumentum,
653 886 950 952 fructusque
997 888 1307 953 proponitur.
1370 888 1543 954 Atque

194 969 345 1017 etiam
369 969 618 1034 voluptas,
639 985 767 1033 quae
793 968 1009 1016 maxime
1027 976 1102 1015 est
1125 967 1328 1015 inimica
1351 968 1543 1030 virtuti,

191 1049 411 1113 bonique
444 1056 673 1097 naturam
709 1047 955 1096 fallaciter
990 1045 1234 1095 imitando
1276 1047 1543 1109 adulterat,

193 1144 342 1192 quam
372 1127 755 1177 immanissimus
792 1127 1000 1192 quisque
1037 1126 1277 1175 acerrime
1303 1128 1543 1192 sequitur,

192 1223 357 1272 neque
397 1206 557 1255 solum
594 1207 815 1255 honestis
854 1207 1020 1266 rebus,
1063 1205 1151 1254 sed
1176 1206 1326 1255 etiam
1369 1224 1543 1258 neces-

196 1288 333 1335 sariis
382 1288 662 1352 anteponit,
721 1287 773 1334 in
816 1286 1088 1344 suadendo,
1129 1304 1245 1335 cum
1286 1287 1331 1336 ei
1369 1288 1543 1353 generi

192 1366 455 1415 hominum
509 1367 771 1416 consilium
810 1367 917 1425 des,
953 1384 1099 1431 saepe
1139 1383 1256 1415 sane
1292 1367 1544 1417 laudanda

193 1456 283 1497 est.

260 1527 328 1575 Et
343 1526 467 1575 illud
484 1526 775 1584 videndum,
798 1534 985 1591 quanto
1001 1526 1159 1591 magis
1172 1526 1400 1577 homines
1416 1527 1546 1578 mala
1578 1527 1685 1588 26,

190 1606 406 1672 fugiant,
443 1623 593 1671 quam
619 1615 890 1671 sequantur
914 1608 1075 1655 bona:
1117 1623 1233 1656 nam
1258 1624 1422 1673 neque
1458 1608 1545 1657 ho-

191 1694 333 1736 nesta
354 1695 456 1734 tam
479 1694 744 1751 expetunt,
764 1703 912 1751 quam
935 1687 1160 1735 devitant
1184 1688 1363 1753 turpia.
1417 1689 1543 1746 Quis

191 1767 325 1815 enim
350 1766 613 1826 honorem,
646 1767 754 1832 quis
778 1767 1007 1832 gloriam,
1044 1767 1153 1832 quis
1177 1766 1398 1828 laudem,
1435 1769 1544 1834 quis

191 1846 349 1895 ullum
375 1847 530 1895 decus
555 1855 658 1894 tam
690 1863 912 1910 unquam
956 1854 1179 1911 expetat,
1222 1863 1372 1910 quam
1404 1848 1544 1912 igno-

191 1926 413 1983 miniam,
468 1925 746 1985 infamiam,
785 1925 1162 1985 contumeliam,
1202 1927 1423 1975 dedecus
1470 1927 1545 1976 fu-

191 2006 335 2070 giat?
373 2023 581 2070 quarum
607 2022 773 2054 rerum
813 2005 955 2054 dolor
995 2006 1159 2071 gravis
1185 2014 1275 2055 est.
1347 2007 1439 2056 Est
1460 2025 1546 2073 ge·

193 2101 286 2134 nus
311 2086 571 2134 hominum
597 2085 662 2134 ad
685 2085 1001 2139 honestatem
1026 2094 1219 2146 natum,
1249 2086 1379 2135 malo
1405 2087 1546 2137 cultu

191 2166 455 2231 pravisque
497 2166 815 2231 opinionibus
864 2174 1170 2231 corruptum.
1277 2166 1447 2224 Quare
1493 2168 1545 2217 in

194 2247 504 2295 cohortando
530 2255 679 2311 atque
707 2246 963 2295 suadendo
987 2246 1299 2313 propositum
1339 2247 1542 2313 quidem

192 2327 336 2375 nobis
361 2327 455 2375 erit
478 2326 622 2386 illud,
658 2334 716 2375 ut
741 2327 1028 2386 doceamus,
1065 2343 1163 2391 qua
1197 2327 1247 2375 vi
1270 2328 1403 2383 bona
1427 2345 1545 2382 con·

194 2407 349 2470 sequi,
387 2407 615 2471 malaque
640 2407 798 2456 vitare
822 2407 1082 2472 possimus,
1155 2408 1254 2456 Sed
1289 2407 1424 2472 apud
1458 2409 1545 2457 ho-

195 2485 353 2532 mines
376 2486 506 2534 bene
531 2486 807 2545 institutos,
848 2486 1117 2550 plurimum
1143 2487 1206 2535 de
1230 2486 1378 2535 laude
1405 2494 1457 2535 et
1481 2488 1544 2536 de

194 2564 456 2612 honestate
482 2564 737 2612 dicemus:
776 2565 1094 2628 maximeque
1114 2581 1172 2613 ea
1195 2565 1436 2613 virtutum
1459 2582 1545 2630 ge-

195 2659 316 2691 nera
350 2643 694 2702 tractabimus,
737 2660 863 2708 quae
905 2644 957 2691 in
995 2644 1249 2692 communi
1285 2643 1543 2693 hominum

193 2721 412 2771 utilitate
449 2722 639 2770 tuenda
691 2722 1021 2788 augendaque
1067 2730 1344 2771 versantur.
1457 2723 1543 2772 Sin

194 2801 330 2866 apud
365 2801 595 2850 indoctos
631 2802 986 2868 imperitosque
1023 2801 1283 2864 dicemus;
1332 2802 1544 2864 fructUS,

198 2881 553 2943 emolumenta,
590 2881 892 2951 voluptateS,
926 2882 1292 2950 vitationesque
1317 2882 1543 2939 dolorum
