2071 3508
724 400 1095 441 ORATORIBUS.
1498 405 1567 441 311

249 509 375 556 senti
416 522 593 572 magna
628 507 800 555 solatia
838 507 1076 556 dedistis:
1116 523 1229 555 nam
1268 508 1444 555 vestris
1479 510 1578 572 pri-

251 589 384 634 mum
407 578 559 633 liter‘ls
583 593 848 643 recreatus,
889 602 966 633 mc
1003 586 1066 633 ad
1088 586 1293 650 pristina
1318 585 1479 632 studia
1503 603 1576 633 re-

249 663 435 711 vocavi.
507 661 637 709 Tum
662 661 761 721 ille,
801 662 946 727 Legi,
971 663 1145 727 inquit,
1183 663 1501 727 perlubenter
1527 680 1575 711 e-

245 740 490 805 pistolam,
516 757 662 804 quam
687 741 750 788 ad
774 748 823 789 te
852 742 1032 789 Brutus
1058 741 1190 789 misit
1214 758 1276 789 ex
1303 741 1442 800 Asia,
1480 759 1577 806 qua

246 817 365 865 mihi
389 818 519 866 visus
545 827 618 866 est
654 827 705 867 et
736 836 936 868 monere
960 828 1010 868 te
1035 820 1306 884 prudenter
1330 828 1380 868 et
1405 837 1577 869 conso-

243 895 332 944 lari
357 897 665 946 amicissime.
707 898 887 957 Recte,
913 899 1128 963 inquam,
1157 907 1231 947 est
1254 899 1399 946 visus.
1446 900 1576 947 Nam

244 992 323 1024 me
349 976 452 1024 istis
477 977 601 1025 scito
625 977 797 1037 literis,
836 995 897 1026 ex
937 978 1169 1026 diuturna
1203 979 1575 1043 perturbatione

243 1055 395 1102 totius
419 1055 715 1104 valetudinis
740 1066 974 1120 tanquam
1011 1057 1073 1104 ad
1109 1057 1478 1120 adspiciendam
1502 1056 1575 1104 lu-

242 1149 351 1181 cem
378 1150 482 1182 esse
502 1143 804 1183 revocatum.
846 1135 1034 1199 Atque,
1055 1144 1110 1183 ut
1129 1144 1241 1199 post
1258 1136 1570 1184 Cannensem

242 1210 376 1260 illam
413 1212 763 1272 calamitatem,
786 1214 1000 1279 primum
1039 1214 1265 1263 Marcelli
1304 1215 1366 1262 ad
1392 1215 1572 1262 Nolam

241 1292 428 1356 praelio
468 1294 678 1359 populus
719 1312 770 1342 se
810 1294 1065 1342 Romanus
1102 1295 1278 1353 erexit,
1302 1302 1572 1358 posteaque

241 1387 503 1436 prosperae
529 1391 603 1422 res
630 1374 863 1438 deinceps
888 1373 1071 1421 multae
1098 1381 1394 1422 consecutae
1420 1383 1533 1421 sunt
1556 1395 1570 1433 3

243 1450 313 1497 sic
336 1461 448 1515 post
472 1468 634 1499 rerum
661 1460 935 1499 nostrarum
957 1460 1006 1499 et
1027 1453 1364 1500 communium
1391 1453 1572 1515 gravis-

244 1527 390 1575 simos
416 1545 574 1587 casus,
614 1529 734 1576 nihil
760 1536 874 1577 ante
900 1530 1156 1593 epistolam
1184 1529 1324 1576 Bruti
1349 1529 1469 1576 mihi
1495 1547 1572 1578 ac-

243 1606 383 1665 cidit,
409 1607 542 1670 quod
566 1607 762 1665 vellem,
780 1615 865 1654 aut
890 1607 1021 1671 quod
1043 1607 1205 1670 aliqua
1230 1624 1292 1654 ex
1317 1615 1455 1671 parte
1482 1608 1571 1655 sol-

240 1683 524 1732 licitudines
551 1685 784 1733 allevaret
811 1702 958 1732 meaS.
1032 1686 1163 1733 Tum
1194 1686 1394 1744 Brutus,
1422 1685 1569 1733 Volui

241 1762 293 1810 id
319 1763 518 1827 quidem
545 1763 738 1811 efficere
766 1771 916 1819 certe,
940 1771 990 1811 et
1016 1764 1156 1827 capio
1183 1781 1416 1828 magnum
1444 1764 1573 1812 frue-

241 1849 364 1899 tum,
393 1842 430 1889 si
457 1842 676 1906 quidem,
702 1842 835 1906 quod
860 1842 1010 1901 volui,
1027 1851 1165 1890 tanta
1184 1843 1232 1889 in
1259 1860 1310 1890 re
1337 1860 1573 1891 consecu-

241 1930 320 1970 tus
346 1938 468 1968 sum.
529 1921 626 1969 Sed
651 1921 774 1968 scire
800 1921 965 1985 cupi0,
991 1938 1114 1985 quae
1140 1930 1189 1969 te
1217 1921 1378 1969 Attici
1402 1922 1573 1970 literae

244 1999 614 2048 delectaverint.
687 1999 818 2047 Istae
844 2016 978 2058 vero,
1014 2001 1229 2063 inquam,
1271 2001 1442 2059 Brute,
1474 2018 1573 2048 non

242 2079 391 2126 modo
417 2078 799 2127 delectationem
826 2079 962 2136 mihi,
1006 2079 1090 2126 sed
1129 2078 1296 2137 etiam,
1334 2087 1388 2126 ut
1413 2096 1572 2142 spero,

244 2157 451 2206 salutem
476 2157 764 2206 attulerunt.
811 2157 1057 2205 Salutem?
1083 2158 1241 2221 inquit
1260 2157 1356 2205 illc.
1403 2158 1573 2214 Quod-

242 2253 354 2284 nam
381 2237 580 2285 tandem
605 2254 763 2302 genus
802 2237 929 2285 istuc
956 2246 1055 2284 tam
1080 2236 1386 2301 praeclarum
1412 2237 1572 2284 litera-

241 2332 349 2363 rum
375 2315 502 2363 fuit?
541 2315 625 2363 An
650 2315 768 2363 mihi
794 2316 975 2380 potuit,
991 2316 1210 2379 inquam,
1228 2333 1332 2364 esse
1358 2324 1443 2364 aut
1460 2333 1570 2380 gra-

239 2394 335 2443 tior
376 2394 475 2442 ulla
516 2394 764 2453 salutatio,
806 2403 891 2443 aut
923 2395 986 2443 ad
1026 2395 1121 2442 hoc
1161 2404 1355 2458 tempus
1391 2397 1567 2459 aptior,

242 2489 388 2536 quam
413 2472 540 2520 illius
566 2472 693 2531 libri,
719 2490 816 2537 quo
834 2490 910 2521 me
934 2473 1012 2521 hic
1039 2473 1229 2531 affatim,
1249 2474 1384 2537 quasi
1401 2473 1572 2537 jacen-

243 2560 344 2600 tem
370 2551 603 2600 excitavit
626 2552 642 2599 ?
682 2552 813 2599 Tum
840 2551 934 2608 ille,
964 2553 1157 2615 Nempe
1184 2568 1297 2599 eum
1323 2552 1465 2610 dicis,
1502 2553 1572 2599 in-

243 2630 368 2695 quit,
388 2647 485 2694 quo
510 2630 599 2677 istc
625 2646 821 2678 omnem
848 2646 1009 2677 rerum
1034 2630 1318 2677 memoriam
1340 2630 1568 2688 breviter,

243 2718 312 2768 et,
366 2717 420 2756 ut
467 2708 586 2755 mihi
632 2709 830 2772 quidem
874 2709 1029 2756 visum
1078 2716 1169 2767 est,
1218 2708 1563 2774 perdiligenter

242 2787 529 2853 complexus
572 2788 682 2836 est?
722 2787 876 2835 Istum
916 2788 1094 2852 ipsum,
1138 2788 1352 2852 inquam,
1400 2789 1572 2847 Brute,

243 2867 355 2918 dico
378 2867 556 2918 librum
582 2866 701 2916 mihi
727 2866 870 2916 saluti
895 2866 1058 2917 fuisse.

1142 2962 1172 2994 L·
1202 2954 1233 2992 4«
