2071 3508
287 790 316 829 10

301 1650 411 1692 218.

308 2200 419 2242 219.

316 2914 341 2950 10

349 2912 412 2951 ἓ

426 433 502 470 168
911 429 988 469 DE
1017 429 1284 469 ORATORE

427 539 551 598 aliis,
575 555 686 588 mea
710 540 972 600 sententia,
997 541 1196 599 Caesar,
1215 537 1416 588 excellis
1438 554 1449 585 z
1477 553 1574 601 quo
1598 537 1754 601 magis

429 618 549 666 mihi
574 619 723 666 etiam
746 619 884 666 testis
909 632 1013 667 esse
1037 628 1196 684 poteS,
1233 626 1319 665 aut
1343 615 1525 664 nullam
1553 632 1656 664 esse
1682 632 1754 662 ar-

429 705 531 746 tem
557 697 685 756 salis,
710 705 812 756 aut,
832 698 871 745 si
887 715 982 761 qua
1007 706 1098 756 est,
1124 714 1230 745 eam
1255 712 1343 743 nos
1368 704 1424 744 tu
1445 694 1754 759 potissimum

388 817 398 828 .
432 775 649 824 docebis.
719 776 828 840 Ego
863 793 994 832 vero,
1033 775 1193 839 inquit
1227 775 1424 832 Caesar,
1460 773 1593 821 omni
1619 773 1680 821 de
1705 789 1757 820 re

431 854 640 903 facetius
680 864 802 919 puto
838 871 980 919 posse
1023 855 1081 902 ab
1124 853 1322 901 homine
1360 868 1460 899 non
1497 853 1758 912 inurbano,

435 950 581 997 quam
621 933 682 981 de
722 934 837 997 ipsis
877 933 1085 989 facetiis,
1119 931 1371 996 disputari.
1443 930 1619 993 Itaque
1646 945 1759 977 cum

436 1012 674 1075 quosdam
699 1012 920 1060 Graecos
944 1012 1204 1075 inscriptos
1227 1010 1375 1058 libros
1401 1025 1506 1056 esse
1529 1007 1761 1056 vidissem

437 1090 499 1138 de
523 1091 761 1149 ridiculis,
786 1091 1073 1137 nonnullam
1096 1091 1148 1136 in
1174 1106 1309 1153 spem
1334 1104 1580 1143 veneram,
1618 1103 1761 1151 posse

436 1187 514 1217 me
540 1169 726 1232 aliquid
750 1186 812 1216 ex
836 1169 940 1215 istis
965 1168 1170 1214 discere.
1247 1167 1424 1214 Inveni
1459 1174 1625 1214 autem
1649 1165 1764 1213 ridi-

437 1247 549 1295 cula
590 1254 641 1293 et
679 1246 801 1293 salsa
835 1245 991 1292 multa
1020 1245 1362 1293 Graecorum:
1399 1261 1513 1292 nam
1539 1252 1590 1293 et
1614 1243 1766 1292 Siculi

437 1328 489 1375 in
514 1343 573 1374 eo
597 1341 799 1389 genere,
826 1332 876 1372 et
902 1323 1107 1382 Rhodii,
1133 1331 1183 1371 et
1209 1323 1450 1388 Byzantii,
1478 1331 1547 1382 et,
1570 1330 1766 1387 praeter

441 1413 676 1461 caeteros,
706 1403 867 1451 Attici
893 1402 1178 1451 excellunt:
1218 1402 1305 1450 sed
1343 1402 1426 1466 qui
1462 1402 1565 1466 ejus
1600 1402 1671 1449 rei
1695 1418 1767 1450 ra-

440 1485 628 1532 tionem
653 1482 899 1547 quandam
926 1482 1090 1530 conati
1126 1489 1241 1529 sunt
1276 1489 1530 1545 artemque
1553 1481 1770 1541 tradere,

443 1563 513 1611 sic
537 1561 707 1610 insulsi
733 1561 1047 1619 exstiterunt,
1072 1568 1129 1609 ut
1152 1560 1274 1607 nihil
1299 1560 1433 1608 aliud
1457 1577 1645 1619 eorum,
1676 1561 1769 1608 nisi

443 1643 549 1707 ipsa
565 1639 829 1699 insulsitas,
853 1639 1086 1688 rideatur.
1149 1639 1314 1696 Quare
1334 1639 1454 1687 mihi
1477 1638 1613 1687 nullo
1635 1638 1770 1687 vide-

445 1729 526 1769 tur
550 1720 698 1768 modo
723 1718 948 1773 doctrina
970 1719 1063 1766 ista
1087 1734 1162 1766 res
1191 1735 1333 1782 posse
1358 1718 1501 1766 tradi.
1571 1718 1771 1766 Etenim

447 1816 561 1849 cum
586 1799 684 1846 duo
707 1815 890 1862 genera
915 1797 1012 1846 sint
1034 1797 1344 1856 facetiarum,
1364 1796 1572 1845 alterum
1597 1813 1773 1861 aequa-

445 1878 610 1926 biliter
635 1878 685 1924 in
711 1877 844 1924 omni
869 1892 1093 1924 sermone
1117 1874 1300 1935 fusum,
1336 1875 1546 1923 alterum
1569 1892 1772 1940 peracu-

448 1964 555 2004 tum
581 1965 632 2004 et
653 1957 803 2004 breve
825 1974 836 2003 ε
875 1955 956 2003 illa
993 1972 1021 2002 a
1043 1955 1293 2003 veteribus
1318 1954 1555 2019 superior,
1581 1954 1774 2003 cavilla-

449 2036 554 2096 ti03
592 2035 715 2084 haec
741 2035 911 2094 altera,
953 2034 1188 2082 dicacitas
1212 2034 1464 2082 nominata
1489 2041 1577 2081 est.
1638 2033 1775 2083 Leve

451 2130 633 2163 nomen
656 2115 805 2162 habet
830 2122 1035 2178 utraque
1060 2130 1136 2162 res
1158 2132 1169 2161 ε
1208 2114 1389 2177 quippe
1413 2113 1522 2161 leve
1547 2113 1679 2161 enim
1703 2120 1779 2162 est

452 2202 614 2241 totum
637 2193 749 2249 hoc,
775 2193 925 2240 risum
949 2210 1162 2241 movere.
1218 2193 1575 2240 Verumtamen
1602 2195 1683 2256 (ut
1707 2191 1777 2239 dj-

455 2273 543 2330 cis,
571 2271 786 2331 Antoni)
829 2271 1040 2318 multum
1075 2272 1124 2318 in
1165 2271 1322 2318 causis
1351 2287 1586 2335 persaepe
1609 2271 1777 2333 lepore

455 2360 507 2399 et
529 2350 721 2398 facetiis
744 2349 915 2413 profici
938 2349 1054 2397 vidi.
1127 2349 1224 2396 Sed
1254 2365 1367 2396 cum
1403 2349 1453 2395 in
1488 2348 1572 2395 illo
1595 2364 1778 2411 genere

453 2436 723 2495 perpetuae
742 2426 1021 2476 festivitatis
1041 2443 1115 2475 ars
1134 2444 1233 2475 non
1248 2427 1778 2490 desideretur,(natura
1819 2449 1822 2452 ·

457 2509 587 2556 enim
613 2507 756 2571 fingit
778 2507 1020 2565 homines,
1057 2515 1107 2554 et
1131 2515 1265 2554 creat
1288 2506 1577 2562 iinitat01·eS‚
1602 2512 1653 2552 et
1676 2520 1782 2552 nar-

457 2594 641 2634 ratores
666 2585 872 2644 facetos,
909 2593 960 2633 et
993 2584 1135 2632 vultu
1161 2584 1444 2648 adjuvante,
1480 2591 1532 2631 et
1554 2600 1697 2642 voce,
1733 2591 1783 2633 et

457 2666 561 2730 ipso
585 2681 769 2729 genere
794 2664 1054 2724 sermonis)
1074 2673 1178 2711 tum
1197 2680 1314 2711 vero
1340 2663 1390 2709 in
1414 2662 1509 2711 hoc
1534 2661 1688 2710 altero
1713 2662 1783 2710 di-

460 2744 701 2802 cacitatis,
727 2744 848 2808 quid
871 2743 1022 2791 habet
1046 2759 1121 2790 ars
1145 2742 1261 2801 loci,
1292 2758 1406 2790 cum
1430 2749 1545 2789 ante
1570 2739 1692 2788 illud
1713 2738 1784 2788 fa-

460 2832 624 2870 cetum
662 2823 868 2879 dictum,
907 2822 1136 2879 emissum
1165 2821 1372 2871 *haerere
1409 2820 1602 2876 debeat,
1636 2834 1783 2883 quam

416 2939 426 2950 .
461 2901 666 2965 cogitari
690 2901 908 2964 potuisse
932 2900 1195 2950 videatur?
1234 2899 1370 2958 Quid
1405 2899 1536 2949 enim
1570 2897 1652 2946 hic
1687 2912 1786 2945 me·
