2071 3508
315 2699 413 2758 16.

448 452 528 489 450
942 448 1271 488 ORATORIAE

450 558 640 606 PATER.
667 556 875 605 Facilior
893 564 966 605 est
982 557 1248 623 explicatio
1262 558 1600 622 perorationis.
1643 557 1773 605 Nam

450 644 526 685 est
544 637 701 685 divisa
719 636 770 683 in
790 636 909 684 duas
928 646 1111 702 partes,
1131 638 1562 702 amplificationem
1588 645 1638 685 et
1657 652 1775 684 enu-

449 715 788 764 merationem.
840 715 1076 779 Augendi
1096 723 1260 763 autem
1279 715 1427 763 ethic
1453 724 1528 763 est
1551 715 1776 780 proprius

449 795 588 844 locus
628 796 680 842 in
720 795 1028 859 perorando:
1069 803 1119 842 et
1142 795 1193 842 in
1219 813 1364 843 cursu
1401 796 1507 860 ipso
1543 794 1777 843 orationis

451 874 808 922 declinationes
845 875 909 922 ad
944 874 1344 938 amplificandum
1370 875 1568 934 dantur,
1605 874 1778 923 confir-

450 960 583 1000 mata
605 970 657 1001 re
683 953 859 1017 aliqua,
899 961 985 1000 aut
1009 952 1319 1017 reprehensa.
1390 953 1480 1000 Est
1503 954 1655 1017 igitur
1679 969 1777 1000 am-

449 1030 685 1096 plificatio
709 1032 904 1096 gravior
928 1032 1170 1095 quaedam
1190 1031 1462 1090 affirmatio,
1488 1048 1613 1096 quae
1637 1040 1778 1088 motu

451 1110 726 1157 animorum
770 1109 1004 1157 conciliet
1037 1109 1087 1156 in
1131 1109 1345 1157 dicendo
1385 1110 1548 1158 fidem.
1619 1110 1693 1157 Ea
1728 1118 1781 1158 et

451 1188 712 1235 verborum
742 1205 937 1257 ¹genere
975 1187 1249 1244 conficitur,
1288 1195 1339 1235 et
1362 1204 1541 1235 rerum.
1612 1188 1781 1247 Verba

450 1267 684 1331 ponenda
708 1275 839 1325 sunt,
866 1284 991 1331 quae
1009 1267 1109 1314 vim
1127 1266 1342 1314 habeant
1365 1265 1660 1325 illustrandi,
1685 1283 1780 1317 nec

451 1346 512 1392 ab
548 1361 640 1392 usu
677 1345 775 1392 sint
815 1345 1142 1401 abhorrentia,
1180 1345 1367 1409 gravia,
1406 1344 1572 1408 plena,
1607 1360 1782 1397 sonan-‚

450 1424 537 1482 tia,
570 1422 766 1487 juncta,
810 1423 962 1482 facta,
1006 1424 1370 1487 cognominata,
1418 1439 1520 1470 non
1560 1422 1780 1490 vulgata,

452 1502 715 1567 superlata,
740 1502 793 1548 in
817 1502 1085 1567 primisque
1110 1502 1363 1561 translata,
1388 1518 1482 1550 nec
1506 1502 1558 1549 in
1577 1501 1781 1567 singulis

451 1583 627 1638 Verbis,
661 1582 748 1629 sed
772 1582 822 1628 in
851 1582 1220 1630 continentibus
1245 1581 1422 1640 soluta,
1458 1581 1781 1646 quae'dicun,

452 1667 533 1708 tur
558 1661 662 1708 sine
689 1659 1058 1725 conjunctione,
1083 1668 1140 1707 ut
1163 1659 1304 1724 plura
1326 1660 1604 1708 videantur.
1676 1660 1782 1708 Au-

451 1746 576 1804 gent
611 1739 760 1788 etiam
798 1738 952 1787 relata
975 1740 1143 1798 verba,
1183 1738 1374 1795 iterata,
1419 1738 1688 1802 duplicata,
1730 1747 1782 1788 et

454 1835 527 1875 ea,
573 1836 697 1882 quae
734 1818 1047 1866 adscendunt
1086 1818 1330 1882 gradatim
1356 1819 1415 1865 ab
1441 1817 1781 1868 humilioribus

453 1897 614 1945 verbis
657 1897 720 1944 ad
761 1897 1011 1960 superiora
1029 1919 1042 1942 .·
1081 1895 1380 1959 omninoque
1417 1912 1609 1959 semper
1645 1897 1782 1963 quasi

455 1976 707 2034 naturalis,
745 1984 796 2024 et
820 1992 920 2023 non
946 1975 1207 2040 explanata
1231 1975 1404 2031 oratio,
1441 1971 1783 2039 sed-gravibus

454 2055 636 2104 referta
675 2055 854 2113 verbis,
910 2055 974 2102 ad
1015 2055 1298 2119 augendum
1346 2055 1780 2104 accommodatior.

454 2135 601 2183 Haec
625 2135 776 2198 igitur
801 2135 852 2181 in
875 2134 1037 2182 verbis
1056 2154 1069 2193 ;
1110 2134 1286 2198 quibus
1305 2134 1436 2182 actio
1454 2150 1597 2192 voce,
1620 2133 1781 2195 vultu,

454 2223 504 2263 et
539 2222 686 2278 gestu
727 2230 1023 2278 congruens,
1061 2221 1111 2260 et
1136 2221 1251 2277 apta
1275 2213 1338 2261 ad
1379 2214 1567 2266 animos
1589 2230 1780 2278 permo÷

451 2294 658 2352 vendos,
694 2293 1116 2342 accommodanda
1140 2300 1229 2340 est.
1302 2292 1401 2340 Sed
1435 2300 1487 2340 et
1521 2293 1572 2339 in
1601 2293 1779 2352 verbis,

453 2382 504 2423 et
527 2374 579 2420 in
604 2373 800 2420 actione
827 2389 973 2420 causa
998 2372 1091 2419 erit
1115 2371 1350 2429 tenenda,
1377 2379 1427 2418 et
1449 2388 1540 2435 pro
1557 2388 1610 2419 re
1631 2388 1780 2435 agen-

453 2453 529 2502 da.
600 2453 731 2500 Nam
755 2452 899 2510 haec,
928 2451 1042 2515 quia
1065 2450 1297 2497 videntur
1320 2450 1638 2513 perabsurda,
1664 2467 1779 2500 cum

449 2532 675 2596 graviora
694 2538 823 2587 sunt,
852 2546 997 2595 quam
1019 2546 1165 2577 causa
1189 2528 1286 2576 fert
1304 2549 1316 2588 ;
1357 2528 1641 2593 diligenter,
1660 2529 1779 2594 quid

451 2628 697 2675 quemque
723 2610 918 2668 deceat,
943 2608 1273 2674 judicandum
1299 2615 1388 2656 est.

518 2690 706 2738 Rerum
745 2687 1062 2753 amplificatio
1103 2687 1312 2735 sumitur
1348 2685 1534 2734 eisdem
1569 2703 1632 2734 ex
1655 2686 1777 2735 locis

449 2769 691 2825 omnibus,
732 2768 907 2832 quibus
932 2766 1032 2825 illa,
1061 2783 1185 2831 quae
1211 2765 1347 2814 dicta
1370 2774 1486 2814 sunt
1509 2765 1571 2813 ad
1594 2765 1773 2814 fidemz

448 2848 760 2911 maximeque
797 2846 1107 2895 definitiones
1130 2845 1298 2894 valent
1339 2844 1683 2910 conglobatae,
1724 2851 1776 2892 et

448 2926 858 2990 consequentium
880 2925 1234 2990 frequentati0‚
1258 2932 1308 2975 et
1328 2924 1701 2984 contrariarum,
1720 2929 1773 2972 et

2050 1892 2067 1926 '-
2052 1703 2071 1868 am.⁸-·is2...-
2067 1660 2071 1673 ..
2065 1596 2071 1618 -Λ
2059 1533 2061 1538 -
2054 1482 2059 1508 ”
