2071 3508
652 393 821 434 LIBER
851 393 1103 433 TERTIUS.
1469 399 1548 437 249

289 504 431 562 Quae
456 519 570 552 cum
596 504 665 551 ita
689 503 805 560 sint,
834 500 1090 565 paululum
1116 500 1346 563 equidem
1377 502 1439 550 de
1470 522 1548 552 me
1583 521 1690 580 ρο.

221 583 541 648 deprecabor,
577 590 628 629 et
662 589 829 646 petam
866 597 895 627 a
928 579 1081 635 vobis,
1120 586 1176 626 ut
1212 595 1448 643 ea,‚quae
1482 583 1551 629 di-
1581 614 1658 657 74·

222 677 349 719 cam,
385 677 484 708 non
518 660 580 708 de
609 659 922 723 memetipso,
959 658 1046 706 sed
1079 657 1140 706 de
1167 666 1359 706 oratore
1386 660 1550 709 dicere

219 739 419 802 putetis.
492 738 601 803 Ego
644 738 776 786 enim
818 754 926 785 sum
962 737 1016 794 is,
1062 737 1163 801 qui,
1206 753 1320 784 cum
1362 754 1552 786 summo

219 817 383 864 studio
405 818 558 882 patris
589 818 640 865 in
672 818 885 883 pueritia
910 817 1087 865 doctus
1112 833 1284 873 essem,
1324 826 1374 865 et
1406 818 1456 864 in
1480 817 1552 866 fo-

219 913 328 944 rum
363 898 552 962 ingenii
587 907 801 957 tantum,
827 907 1067 962 quantum
1101 897 1206 962 ipse
1239 899 1413 954 sentio,
1451 914 1553 946 non

219 982 434 1036 tantum,
460 985 700 1041 quantum
727 977 829 1041 ipse
853 975 1059 1025 forsitan
1083 976 1222 1025 vobis
1246 977 1434 1035 videar,
1472 976 1553 1025 de-

218 1054 474 1115 tulissem3
527 1072 627 1103 non
662 1055 843 1119 possim
887 1054 1072 1113 dicere,
1122 1072 1201 1103 me
1243 1056 1386 1114 haec,
1429 1072 1554 1119 quae

219 1149 353 1182 nunc
392 1134 713 1199 complector,
757 1134 980 1199 perinde,
1022 1142 1078 1182 ut
1117 1133 1279 1182 dicam
1319 1135 1556 1183 discenda

221 1228 340 1270 esse,
381 1213 642 1262 didicisse:
681 1213 864 1278 quippe
890 1213 973 1277 qui
1009 1213 1231 1260 omnium
1268 1215 1554 1262 maturrime

221 1290 285 1338 ad
319 1291 542 1355 publicas
567 1308 738 1340 causas
773 1290 1085 1349 accesserim,
1121 1307 1374 1355 annosque
1411 1301 1555 1341 natus

220 1387 376 1419 unuln
414 1379 464 1419 et
499 1372 676 1436 viginti
712 1370 1070 1419 nobilissimum
1105 1369 1357 1418 hominem
1383 1380 1434 1419 et
1459 1373 1556 1421 elo-

221 1451 598 1514 quentissimum
635 1451 686 1498 in
713 1449 961 1515 judicium
997 1449 1250 1508 vocarim3
1296 1451 1376 1497 cui
1413 1451 1557 1500 disci-

219 1528 354 1594 plina
388 1528 539 1577 fuerit
574 1529 756 1587 forum,
792 1528 1027 1592 magister
1058 1545 1192 1586 usim,
1230 1536 1281 1576 et
1314 1528 1470 1593 leges,
1507 1537 1558 1579 et

221 1607 448 1656 instituta
468 1607 637 1673 populi
660 1607 894 1665 Romani,
913 1623 1118 1671 mosque
1137 1608 1394 1671 majorum.
1433 1609 1556 1657 Pau·
1585 1637 1612 1683 7
1618 1638 1663 1679 5·

219 1684 324 1733 lum
363 1686 531 1734 sitiens
569 1686 773 1733 istarum
812 1685 1011 1744 artium,
1050 1684 1113 1732 de
1150 1686 1326 1749 quibus
1364 1686 1557 1752 loquor,

219 1766 431 1830 gustavi,
459 1774 690 1829 quaestor
722 1765 773 1812 in
800 1764 923 1813 Asia
947 1781 1062 1813 cum
1088 1781 1264 1824 essem,
1300 1766 1557 1831 aequalem

220 1843 325 1894 fere
349 1861 517 1894 meum
543 1861 604 1892 ex
631 1844 909 1893 Academia
932 1844 1182 1892 rhetorem
1215 1853 1410 1904 nactus,
1448 1845 1558 1894 Me-

220 1923 478 1972 trodorum
502 1922 658 1980 illum,
690 1922 752 1971 de
779 1921 919 1987 cujus
943 1923 1180 1971 memoria
1205 1939 1558 1973 commemora-

222 2003 296 2050 vit
322 2002 608 2050 Antonius:
654 2010 705 2050 et
736 2001 852 2049 inde
884 2001 1154 2061 decedens,
1181 2002 1427 2052 Athenis:
1473 2005 1559 2053 ubi

225 2097 320 2145 ego
345 2080 530 2128 diutius
564 2097 720 2129 essem
754 2088 987 2138 moratus,
1025 2080 1119 2128 nisi
1146 2080 1558 2142 Atheniensibus,

224 2160 359 2224 quod
383 2160 615 2225 mysteria
639 2177 739 2208 non
763 2159 1024 2220 referrent,
1060 2159 1124 2208 ad
1148 2177 1273 2225 quae
1304 2161 1458 2209 biduo
1487 2179 1558 2210 se·

220 2239 322 2288 rius
343 2255 595 2298 veneram,
621 2240 1027 2288 succensuissem.
1100 2240 1268 2297 Quare
1286 2240 1398 2297 hoc,
1425 2242 1560 2306 quod

225 2319 534 2385 complector
557 2328 747 2368 tantam
773 2320 1032 2368 scientiam
1057 2319 1257 2386 vimque
1283 2321 1556 2379 doctrinae,

225 2416 326 2448 non
351 2399 501 2448 modo
525 2416 624 2448 non
649 2416 739 2464 pro
763 2416 862 2458 me,
899 2399 986 2448 sed
1019 2408 1193 2449 contra
1225 2416 1306 2448 me
1331 2409 1406 2449 est
1434 2402 1560 2465 poti-

223 2495 297 2535 us,
337 2482 463 2542 (non
489 2479 636 2535 enim,
665 2479 786 2543 quid
810 2496 919 2544 ego,
942 2479 1030 2528 sed
1055 2479 1176 2544 quid
1199 2488 1364 2528 orator
1387 2481 1558 2544 possit,

227 2556 425 2620 disputo
444 2557 486 2617 3)
523 2565 671 2620 atque
697 2556 785 2605 hos
810 2573 1000 2615 omnes,
1025 2557 1110 2621 qui
1128 2565 1258 2605 artes
1290 2557 1560 2606 rhetoricas

229 2644 501 2699 exponunt,
539 2635 879 2698 perridiculos.
952 2636 1186 2684 Scribunt
1221 2636 1353 2684 enim
1378 2636 1440 2684 de
1466 2636 1559 2685 liti-

226 2729 313 2760 um
337 2729 537 2777 genere,
565 2720 616 2761 et
641 2713 702 2762 de
727 2714 1000 2777 principiis,
1025 2721 1076 2762 et
1100 2714 1161 2762 de
1182 2714 1558 2764 narrationibus.

230 2790 323 2838 Illa
345 2790 418 2838 vis
443 2798 608 2838 autem
635 2789 946 2854 eloquentiae
970 2798 1109 2839 tanta
1134 2800 1227 2851 est,
1259 2799 1316 2840 ut
1339 2794 1560 2842 omnium
1590 2830 1665 2875 76·

229 2886 412 2931 rerum,
444 2869 702 2930 virtutum,
731 2869 1019 2930 officiorum,
1051 2871 1309 2938 omnisque
1338 2881 1560 2935 naturae,
