2071 3508
738 391 903 431 LIBER
934 391 1157 431 PRIMUS.
1565 399 1616 436 85

287 501 396 549 voci
439 498 634 558 serviet,
672 500 755 563 qui
794 509 845 549 et
885 516 1038 548 annos
1078 499 1355 565 complures
1387 502 1615 551 sedentes

287 577 622 636 declamitant,
649 587 698 626 et
717 579 953 643 quotidie,
982 587 1247 644 antequam
1272 582 1614 643 pronuntient,

283 673 455 705 vocem
499 658 735 706 cubantes
774 659 952 706 sensim
1002 659 1244 717 excitant,
1288 658 1612 722 eandemque,

281 751 394 783 cum
420 744 647 799 egerunt,
672 737 900 785 sedentes
926 740 985 786 ab
1003 738 1286 786 acutissimo
1312 754 1432 785 sono
1456 753 1614 800 usque

278 813 342 862 ad
364 814 705 878 gravissimum
748 829 921 864 sonum
960 816 1228 881 recipiunt,
1256 825 1306 864 et
1331 816 1467 880 quasi
1494 833 1612 879 quo-

277 893 391 940 dam
432 893 580 941 modo
623 894 878 959 colligunt.
952 895 1066 943 Hoc
1106 912 1194 942 nos
1233 895 1270 942 si
1306 894 1470 941 facere
1496 894 1612 940 veli-

276 989 403 1033 mus,
444 982 559 1023 ante
596 976 992 1024 condemnentur
1017 977 1069 1035 ii,
1106 992 1314 1040 quorum
1342 991 1512 1022 causas
1537 991 1611 1022 re-

220 1107 230 1118 ·
276 1053 570 1118 ceperimus,
618 1072 765 1120 quam
812 1056 975 1112 toties,
1031 1056 1224 1120 quoties
1269 1053 1607 1119 perscribitur,

273 1149 531 1197 paeanem,
556 1143 641 1183 aut
659 1135 945 1183 munionem
972 1135 1237 1182 citarimus.

342 1211 493 1270 Quod
525 1214 564 1261 si
589 1214 638 1261 in
663 1222 826 1278 gestu,
857 1214 940 1278 qui
964 1213 1175 1261 multum
1202 1221 1444 1261 oratorem
1470 1211 1604 1277 adju·
1621 1222 1733 1264 252.

273 1298 370 1347 vat,
416 1299 466 1339 et
499 1292 550 1339 in
575 1309 716 1351 voce,
760 1309 884 1356 quae
910 1309 1009 1339 una
1033 1292 1245 1340 maxime
1272 1291 1605 1354 eloquentiam

271 1370 348 1419 vel
376 1371 706 1428 commendat,
728 1372 805 1420 vel
826 1372 1053 1429 sustinet,
1070 1370 1318 1418 elaborare
1339 1370 1479 1416 nobis
1504 1386 1604 1417 non

270 1448 421 1508 licet;
460 1467 518 1498 ac
559 1460 752 1498 tantum
788 1451 836 1497 in
875 1458 1084 1513 utroque
1111 1449 1302 1512 assequi
1325 1464 1604 1512 possumus,

270 1537 508 1590 quantum
546 1529 598 1576 in
636 1529 728 1577 hac
767 1529 872 1577 acie
898 1529 1171 1593 quotidiani
1197 1527 1431 1585 muneris,
1457 1527 1602 1591 spatii

267 1607 407 1654 nobis
444 1607 621 1655 datur:
662 1615 846 1671 quanto
880 1608 1040 1655 minus
1078 1615 1151 1655 est
1193 1607 1256 1654 ad
1283 1605 1408 1670 juris
1445 1605 1602 1654 civilis

262 1685 576 1749 perdiscendi
596 1688 974 1751 occupationem
1001 1686 1405 1735 descendendum
1424 1686 1440 1734 ?
1467 1686 1602 1749 quod

264 1771 315 1812 et
355 1765 636 1813 summatim
676 1766 866 1830 percipi
914 1766 1017 1814 sine
1055 1765 1281 1814 doctrina
1317 1773 1500 1830 potest,
1548 1773 1601 1814 et

260 1842 390 1892 hanc
413 1844 564 1893 habet
583 1845 642 1892 ab
668 1844 761 1892 illis
786 1846 932 1894 rebus
959 1844 1427 1903 dissimilitudinem,
1463 1845 1598 1909 quod

259 1940 356 1972 vox
381 1931 432 1972 et
454 1931 624 1988 gestus
650 1924 812 1972 subito
838 1925 964 1973 sumi
997 1932 1048 1972 et
1086 1923 1284 1971 aliunde
1324 1922 1470 1986 arripi
1495 1939 1597 1971 non

257 2010 423 2067 potest
448 2022 462 2062 3
491 2002 616 2067 juris
654 2003 856 2063 utilitas,
898 2004 962 2051 ad
999 2018 1344 2067 quamcunque
1376 2018 1594 2062 causam,

259 2082 480 2147 quamvis
516 2091 740 2146 repente,
778 2082 855 2131 vel
882 2100 909 2130 a
932 2083 1122 2146 peritis,
1156 2080 1236 2130 vel
1262 2081 1323 2128 de
1349 2079 1483 2128 libris
1509 2079 1592 2129 de-

256 2161 414 2226 promi
454 2170 634 2226 potest.
707 2162 882 2226 Itaque
925 2161 994 2208 illi
1031 2159 1336 2209 disertissimi
1365 2158 1590 2208 homines
1606 2179 1718 2221 253,

256 2240 502 2288 ministros
522 2240 707 2288 habent
721 2241 771 2288 in
789 2241 945 2288 causis
961 2239 1086 2304 juris
1103 2239 1306 2304 peritos,
1333 2240 1473 2302 (cum
1497 2237 1590 2303 ipsi

255 2319 354 2367 sint
388 2319 762 2384 imperitissimi)
800 2328 850 2368 et
885 2320 988 2384 qui,
1025 2328 1081 2367 ut
1116 2319 1200 2368 abs
1225 2325 1276 2366 te
1299 2316 1447 2381 paulo
1472 2324 1590 2368 ante

255 2399 445 2447 dictum
470 2407 558 2455 est,
585 2400 880 2464 pragmatici
905 2407 1162 2447 vocantur.
1224 2397 1285 2444 In
1310 2412 1408 2460 quo
1432 2397 1586 2445 nostri

253 2478 455 2526 omnino
492 2477 667 2526 melius
708 2478 884 2537 multo,
921 2478 1055 2543 quod
1091 2476 1469 2526 clarissimorum
1499 2473 1586 2522 ho-

252 2557 440 2604 minum
466 2557 761 2605 auctoritate
785 2556 922 2621 leges
948 2564 999 2604 et
1014 2557 1128 2620 jura
1158 2564 1294 2604 tecta
1319 2570 1423 2601 esse
1447 2552 1583 2603 volu-

251 2643 411 2684 erunt.
484 2635 582 2683 Sed
624 2643 792 2683 tamen
833 2651 933 2683 non
974 2634 1182 2698 fugisset
1222 2634 1316 2681 hoc
1359 2632 1581 2680 Graecos

249 2714 492 2772 homines,
517 2714 556 2761 si
581 2714 650 2761 ita
674 2730 874 2762 necesse
895 2730 999 2762 esse
1024 2713 1244 2761 arbitrati
1269 2719 1449 2770 essent,
1475 2728 1579 2761 ora-

248 2801 408 2842 torem
432 2794 592 2857 ipsum
618 2793 813 2841 erudire
849 2793 898 2840 in
927 2793 1040 2856 jure
1066 2792 1217 2851 civili,
1241 2807 1341 2843 non
1366 2792 1411 2843 ei
1434 2808 1576 2857 prag-

250 2873 484 2922 maticum
511 2872 786 2938 adjutorem
812 2872 944 2923 dare.

1155 2967 1183 3000 F
1202 2959 1231 2997 3
