2071 3508
627 404 793 443 LIBER
824 403 1130 443 SECUNDUS.
1491 408 1568 445 159

238 516 288 563 i'n
314 513 610 581 Capitolium
630 512 909 560 ascendisse
929 511 1278 569 meminissem,
1298 511 1431 560 hunc
1451 530 1564 561 cum

238 594 488 649 afflictum,
514 590 839 645 debilitatum,
867 595 1193 646 moerentem,
1230 588 1281 635 in
1320 605 1565 638 summum

239 671 499 719 discrimen
518 667 790 716 adductum
815 666 1054 724 viderem,
1071 683 1170 713 non
1194 667 1328 731 prius
1353 684 1459 715 sum
1486 685 1566 716 coa

234 757 377 796 natus
402 746 784 794 misericordiam
811 744 915 792 aliis
941 761 1272 804 commovere,
1309 763 1454 809 quam
1479 748 1568 795 mi-

235 826 498 874 sericordia
518 842 624 873 sum
650 825 752 889 ipse
779 832 967 889 captus.
1040 825 1179 873 Sensi
1204 825 1434 888 equidem
1460 834 1566 875 tum

232 923 534 971 magnopere
573 905 758 954 moveri
791 904 1003 969 judiceS,
1032 922 1145 952 cum
1172 905 1387 953 excitavi
1411 923 1567 954 inoes-

231 994 338 1034 tum
377 1003 434 1034 ac
476 985 780 1034 sordidatum
822 1001 1008 1043 senem,
1064 993 1116 1032 et
1157 1002 1271 1032 cum
1318 986 1409 1033 ista
1449 984 1568 1046 feci,

234 1082 359 1129 quae
385 1074 459 1124 tu,
497 1065 688 1124 Crasse,
723 1064 913 1124 laudaS,
949 1081 1049 1112 non
1075 1072 1197 1124 arte,
1240 1065 1301 1112 de
1329 1082 1424 1129 qua
1449 1066 1569 1130 quid
1592 1125 1604 1130 ἱ

232 1143 404 1210 loquar
429 1146 610 1200 nescio,
634 1144 720 1192 sed
744 1152 883 1191 motu
907 1161 1087 1208 magno
1106 1144 1276 1203 animi,
1296 1161 1353 1192 ac
1380 1144 1568 1204 dolore,

234 1230 292 1270 ut
314 1222 642 1271 discinderem
667 1223 907 1281 tunicam,
950 1231 1005 1270 ut
1044 1223 1301 1270 cicatrices
1339 1223 1567 1271 ostende-

233 1317 353 1349 rem.
425 1302 552 1350 Cum
580 1302 636 1350 C.
656 1301 846 1349 Marius
871 1318 1145 1350 moerorem
1170 1302 1403 1350 orationis
1428 1319 1567 1353 meae

233 1397 464 1445 praesens
489 1398 546 1428 ac
572 1380 747 1429 sedens
784 1380 994 1429 multum
1019 1380 1284 1445 lachrymis
1309 1382 1407 1429 suis
1432 1381 1568 1446 adju-

234 1469 402 1518 varet3
457 1477 668 1523 cumque
695 1476 788 1523 ego
812 1458 949 1506 illum
977 1460 1149 1507 crebro
1174 1459 1444 1523 appellans,
1470 1461 1569 1509 col-

231 1538 394 1603 legam
421 1540 464 1586 ei
504 1555 646 1586 suum
671 1538 1087 1595 commendarem,
1126 1547 1275 1603 atque
1299 1539 1460 1603 ipsum
1487 1541 1569 1588 ad-

232 1626 464 1665 vocatum
489 1617 552 1664 ad
577 1633 893 1665 communem
928 1618 1282 1682 imperatorum
1318 1617 1568 1667 fortunam

234 1696 599 1745 defendendam
637 1698 920 1746 invocarem
942 1718 955 1757 3
1011 1714 1112 1745 non
1152 1696 1248 1746 fuit
1289 1698 1413 1747 haec
1465 1699 1571 1749 sine

232 1776 353 1824 meis
376 1776 658 1842 lachrymis,
694 1793 794 1824 non
830 1776 934 1824 sine
972 1776 1140 1825 dolore
1165 1794 1347 1843 magno
1371 1778 1570 1828 misera-

231 1855 320 1914 tio,
341 1856 659 1920 omniumque
680 1856 904 1914 deorum,
921 1863 972 1903 et
989 1855 1265 1915 hominum,
1291 1865 1342 1905 et
1366 1857 1568 1918 civium,

233 1942 284 1982 et
309 1936 554 1982 sociorum
580 1934 890 1999 imploratio:
936 1935 1111 1998 quibus
1137 1936 1364 1985 omnibus
1388 1938 1567 1998 verbis,

233 2030 358 2078 quae
396 2031 424 2061 a
461 2031 540 2062 me
582 2023 688 2062 tum
730 2021 846 2062 sunt
883 2014 1068 2073 habita,
1105 2015 1143 2062 si
1169 2014 1308 2062 dolor
1332 2015 1569 2066 abfuisset

232 2109 389 2152 meus,
414 2109 511 2141 non
539 2093 687 2141 modo
712 2109 812 2141 non
837 2093 1139 2150 miserabilis,
1179 2094 1265 2143 scd
1290 2094 1438 2142 etiam
1463 2095 1566 2142 irri-

233 2171 397 2220 denda
418 2171 593 2220 fuisset
616 2172 772 2220 oratio
797 2188 921 2221 inea.
995 2172 1330 2229 Quamobrem
1360 2173 1455 2222 hoc
1479 2191 1567 2223 vos

234 2250 409 2309 doceo,
451 2251 656 2315 Sulpici,
691 2252 849 2299 bonus
891 2268 985 2316 ego
1020 2251 1255 2300 videlicet
1287 2261 1434 2318 atque
1461 2272 1567 2304 eru-

234 2329 366 2377 ditus
403 2330 655 2394 magister,
697 2332 827 2379 utin
853 2331 1067 2381 dicendo
1099 2331 1260 2391 irasci,
1302 2341 1357 2381 ut
1382 2334 1568 2396 dolere,

231 2416 290 2456 ut
313 2408 429 2458 flere
453 2409 680 2474 possitis:
722 2427 1002 2474 quanquam
1027 2418 1078 2458 te
1104 2411 1304 2475 quidem
1330 2413 1449 2477 quid
1473 2414 1569 2464 hoc

233 2487 459 2546 doceam,
501 2489 584 2552 qui
625 2489 675 2536 in
716 2489 997 2537 accusando
1035 2490 1189 2538 sodali
1222 2498 1273 2538 et
1310 2501 1570 2555 quaestore

233 2584 365 2626 meo,
389 2575 583 2615 tantum
608 2568 895 2616 incendium
928 2585 1027 2617 non
1053 2570 1273 2618 oratione
1299 2570 1453 2618 solum
1482 2573 1569 2620 sed

235 2646 392 2694 multo
433 2647 582 2694 ctiam
608 2648 782 2711 magis,
806 2648 871 2706 vi,
898 2657 948 2696 et
973 2648 1161 2706 dolore,
1194 2656 1244 2696 et
1269 2650 1442 2697 ardore
1467 2652 1568 2698 ani-

236 2726 302 2773 mi
329 2728 622 2785 concitaras,
664 2735 719 2773 ut
745 2743 839 2790 ego
864 2727 927 2774 ad
965 2727 1016 2774 id
1051 2728 1459 2791 restinguendum
1485 2730 1567 2778 vix

235 2822 441 2854 conarer
464 2806 704 2856 accedere
725 2807 741 2855 ?
831 2806 1090 2854 Habueras
1117 2808 1247 2854 enim
1272 2816 1379 2856 tum
1404 2810 1570 2858 omnia

235 2884 287 2932 in
326 2901 472 2934 causa
509 2887 790 2952 superiora:
832 2886 951 2947 vim,
975 2886 1165 2951 sugam,
1197 2886 1569 2954 lapidationem,

1603 1319 1712 1361 196.

1605 2191 1713 2237 197.
