2071 3508
739 374 908 414 LIBER
937 374 1162 415 PRIMUS.
1572 383 1623 420 65

288 487 467 535 menda
491 500 636 548 saepe
660 484 816 532 oratio
842 492 915 532 est
941 501 1001 532 ex
1018 484 1132 548 jure
1158 483 1309 543 civili,
1341 493 1392 533 et
1415 485 1622 547 idcirco,

290 573 344 613 ut
368 572 482 612 ante
507 563 738 622 diximus,
776 563 956 610 oratori
972 562 1098 627 juris
1125 563 1280 610 civilis
1307 563 1514 612 scientia
1538 582 1622 613 ne-

286 643 493 692 cessaria
517 650 623 690 est:
663 642 732 690 sic
772 642 823 689 in
866 643 1023 690 causis
1061 642 1272 707 publicis
1295 641 1621 707 judiciorum,

285 721 601 780 concionum,
627 730 842 780 senatus,
880 721 1038 769 omnis
1070 722 1211 781 haec,
1238 730 1288 770 et
1314 723 1621 787 antiquitatis

283 801 537 860 memoria,
563 809 613 849 et
635 800 822 866 publici
838 799 964 866 juris
990 803 1275 861 auctoritas,
1297 810 1347 850 et
1373 803 1620 866 regendae

282 879 583 944 reipublicae
630 881 755 929 ratio
802 898 859 929 ac
910 881 1135 940 scientia,
1183 889 1418 945 tanquam
1459 881 1622 945 aliqua

282 959 529 1019 materies,
553 960 612 1008 iis
636 960 929 1020 oratoribus,
951 960 1033 1025 qui
1053 969 1311 1009 versantur
1336 961 1387 1008 in
1407 961 1620 1026 republi-

281 1054 358 1097 ca,
384 1038 606 1104 subjecta
630 1056 734 1088 esse
761 1039 963 1088 debent.

348 1117 465 1165 Non
505 1119 636 1166 enim
676 1119 979 1167 causidicum
1032 1119 1200 1167 nescio
1243 1136 1409 1183 quem,
1456 1135 1618 1183 neque
1636 1127 1748 1167 202e

282 1195 712 1260 proclamatorem,
748 1206 834 1246 aut
864 1197 1103 1256 rabulam,
1139 1198 1234 1246 hoc
1261 1214 1486 1245 sermone
1511 1215 1619 1246 nos-

281 1282 359 1323 tro
385 1273 740 1340 conquirimus,
765 1276 853 1324 sed
877 1292 990 1324 eum
1009 1275 1186 1335 virum,
1213 1277 1296 1340 qui
1320 1276 1532 1340 primum
1560 1278 1622 1326 sit

285 1353 388 1418 ejus
414 1355 530 1403 artis
555 1355 777 1414 antistes,
819 1354 957 1419 cujus
997 1371 1110 1402 cum
1147 1355 1251 1418 ipsa
1286 1363 1463 1402 natura
1486 1371 1622 1420 mag-

283 1449 397 1482 nam
423 1433 609 1482 homini
634 1433 923 1481 facultatem
950 1433 1108 1491 daret,
1147 1441 1315 1480 tamen
1357 1449 1462 1480 esse
1499 1433 1621 1489 deus

281 1521 519 1577 putatur3
560 1520 616 1560 ut
658 1521 710 1561 et
749 1513 928 1577 ipsum,
965 1512 1099 1575 quod
1135 1519 1239 1559 erat
1273 1511 1486 1560 hominis
1509 1529 1622 1578 pro-

278 1592 460 1657 prium,
486 1607 586 1639 non
609 1599 806 1656 partum
830 1608 920 1656 per
944 1608 1052 1650 nos,
1074 1592 1162 1639 sed
1182 1592 1418 1640 divinitus
1442 1592 1506 1640 ad
1531 1609 1620 1642 nos

280 1670 501 1720 delatum
538 1671 826 1720 videretur:
866 1671 1047 1719 deinde
1084 1672 1168 1735 qui
1202 1672 1357 1736 possit
1391 1688 1492 1720 non
1516 1680 1619 1721 tam

280 1751 522 1809 caduceo,
548 1766 694 1814 quam
720 1749 921 1797 nomine
953 1750 1159 1798 oratoris
1184 1759 1406 1810 ornatus,
1430 1750 1620 1800 incolu-

278 1830 370 1878 mis
394 1829 473 1879 vel
497 1829 628 1878 inter
651 1829 868 1877 hostium
893 1828 993 1877 tela
1016 1829 1200 1877 versari
1221 1848 1233 1878 ε
1271 1837 1380 1878 tum
1405 1830 1491 1895 qui
1515 1848 1618 1880 sce-

277 1910 353 1959 lus
388 1909 715 1974 fraudemque
756 1910 984 1958 nocentis
1021 1910 1176 1975 possit
1216 1910 1432 1959 dicendo
1472 1910 1619 1976 subji-

280 2007 392 2039 cere
440 1990 556 2038 odio
604 1989 806 2048 civium,
853 1988 1195 2054 supplicioque
1244 1990 1615 2055 constringere:

278 2069 531 2133 idemque,
567 2068 756 2133 ingenii
780 2068 1046 2132 praesidio,
1082 2069 1420 2117 innocentiam
1436 2068 1620 2133 judici-

279 2164 419 2196 orum
460 2163 624 2212 poena
657 2147 899 2195 liberare:
937 2146 1171 2211 idemque
1206 2148 1529 2212 languentem
1548 2148 1621 2196 'la-2

278 2227 582 2290 bentemque
605 2225 845 2290 populum
871 2232 957 2272 aut
992 2225 1057 2272 ad
1093 2227 1246 2274 decus
1271 2227 1509 2286 excitare,
1534 2235 1621 2276 aut

279 2306 339 2354 ab
365 2322 529 2354 errore
555 2304 823 2363 deducere,
849 2312 936 2352 aut
959 2304 1263 2353 inflammare
1282 2306 1333 2352 in
1352 2305 1621 2371 improbos,

279 2392 366 2433 aut
389 2384 651 2432 incitatum
690 2383 741 2430 in
776 2384 933 2431 bonos
971 2383 1228 2448 mitigare:
1268 2384 1352 2448 qui
1384 2384 1622 2449 denique,

279 2479 629 2528 quemcunque
654 2461 704 2509 in
730 2462 904 2510 animis
940 2462 1196 2510 hominum
1233 2473 1424 2511 motum
1460 2481 1538 2513 res
1570 2472 1621 2511 et

281 2557 430 2590 causa
452 2540 689 2605 postulet,
719 2556 832 2589 eum
859 2539 1075 2589 dicendo
1099 2540 1179 2588 vel
1204 2541 1422 2590 excitare
1445 2543 1620 2606 possit,

277 2618 359 2667 vel
384 2619 570 2668 sedare.
644 2619 795 2668 Hanc
820 2619 919 2667 vim
945 2619 983 2666 si
1009 2619 1117 2682 quis
1142 2620 1410 2678 existimat,
1447 2628 1534 2668 aut
1557 2623 1617 2669 ab
1635 2631 1749 2673 203„

279 2698 357 2758 iis,
394 2699 477 2763 qui
516 2697 578 2746 de
615 2697 815 2745 dicendi
846 2697 1035 2745 ratione
1072 2698 1391 2762 scripserunt,
1428 2701 1620 2765 exposi-

281 2786 383 2828 tam
409 2794 533 2837 esse,
569 2785 656 2825 aut
690 2794 719 2824 a
754 2793 833 2824 me
858 2792 1000 2841 posse
1027 2778 1207 2840 exponi
1232 2785 1334 2825 tam
1359 2778 1514 2837 brevi,
1538 2796 1622 2828 vc-

282 2856 544 2907 hementer
563 2865 723 2920 errat,
749 2872 911 2921 neque
931 2854 1089 2904 solum
1107 2856 1420 2905 inscientiam
1439 2873 1621 2914 meam,

1254 2952 1285 2983 Ε
