2071 3508
470 401 550 438 530
864 400 1303 441 ANNOTATIONES
1330 401 1392 440 IN

471 515 495 540 a
513 502 707 542 colorandi
732 505 863 551 verbo,
893 506 964 543 etsi
982 519 1051 557 per
1078 507 1186 558 quasi
1211 506 1394 551 emollito,
1415 505 1624 556 legendum
1643 506 1794 545 diceret*

472 569 605 616 videri,
624 576 737 609 tactu.
776 572 863 623 Ipse
875 573 1043 624 vestigiiS
1064 573 1240 623 vulgatae
1261 573 1417 610 simillus
1432 579 1585 624 putarat
1604 580 1793 620 contactu,

474 649 496 674 e
518 638 626 687 cujus
646 638 750 675 verbi
770 639 958 689 scriptura
986 639 1270 690 compendiaria
1303 637 1416 677 cantii
1447 639 1552 677 nasci
1585 639 1793 690 potuisset:

474 703 590 754 idque
621 711 680 742 est
711 706 905 756 proprium
927 714 966 743 et
993 707 1277 744 usitatissimum
1296 707 1455 744 verbum
1485 706 1532 744 de
1559 706 1646 743 solis
1665 706 1739 744 hac
1757 705 1795 743 vi

476 771 525 808 ad
545 771 806 816 colorandum,
840 776 908 810 Sec.
964 773 1009 809 In
1030 773 1118 810 MS.
1147 773 1226 810 Erl.
1261 773 1403 823 reperit
1433 779 1549 818 tactu,
1580 786 1677 824 quae
1705 786 1796 824 pro-

475 837 580 876 fecto
599 851 677 876 non
707 846 765 876 est
792 839 935 876 librarii
954 839 1156 877 aberratio.
1215 840 1278 877 Sic
1297 839 1384 877 solis
1411 846 1544 877 tactus.
1587 839 1636 877 N.
1657 840 1708 877 D.
1732 843 1795 884 ll,

481 908 542 944 15.

532 971 626 1021 Pag.
649 975 737 1010 119.
764 971 830 1009 lin.
849 975 887 1010 6.
932 971 979 1008 de
997 970 1117 1008 altera
1132 977 1246 1022 parte
1264 971 1447 1020 dicendi]
1499 972 1666 1010 Dicendi
1683 971 1797 1023 plane

477 1036 654 1074 vitiosum
674 1045 744 1075 est.
801 1037 981 1074 Pearcius
1002 1037 1160 1087 corrigit
1178 1037 1385 1082 divisionis,
1402 1037 1506 1087 quod
1524 1037 1563 1074 in
1584 1038 1702 1075 MSS.
1720 1038 1797 1076 suis

478 1103 633 1153 reperit,
655 1116 872 1154 quanquam
891 1103 1015 1141 alieno
1034 1103 1144 1146 loco3
1172 1115 1225 1140 sc.
1244 1115 1321 1140 rem
1333 1102 1496 1154 positam
1516 1103 1555 1140 in
1572 1103 1722 1153 i'finita
1741 1103 1798 1141 di-

477 1168 630 1206 visionis
648 1169 892 1207 dubitatione.
950 1169 1160 1206 Lambinus
1189 1176 1343 1206 secutus
1375 1181 1464 1205 suos
1485 1168 1639 1206 codices
1658 1169 1799 1207 delevit

479 1235 640 1281 dicendi,
660 1236 874 1286 probatque
896 1235 1094 1273 Ernestus.
1150 1235 1286 1285 Itaque
1307 1234 1415 1272 uncis
1435 1234 1583 1272 inclusi.

534 1301 628 1352 Pag.
647 1304 733 1342 127.
753 1301 818 1339 lin.
831 1305 871 1340 9.
909 1302 956 1338 In
972 1315 1042 1352 quo
1063 1299 1325 1352 est—offensio
1338 1299 1396 1337 vel
1414 1298 1679 1352 negligentiae,
1699 1301 1795 1350 δια]

478 1366 746 1419 Negligentiae
765 1367 911 1405 crimen
929 1374 1003 1413 est,
1021 1366 1138 1417 siquis
1156 1378 1224 1403 sua
1243 1373 1392 1416 sponte,
1413 1379 1490 1403 non
1519 1373 1688 1416 rogatuS‚
1709 1379 1800 1404 cau-

478 1447 558 1472 sam
578 1434 743 1484 aliquam
762 1433 864 1484 agit:
898 1433 1007 1485 (nam
1032 1432 1106 1469 hoc
1128 1439 1187 1469 est
1205 1431 1390 1483 suscipere
1419 1432 1604 1484 causam,)
1641 1439 1682 1469 et
1714 1444 1800 1470 eam

477 1501 558 1552 agit
589 1508 747 1552 propter
778 1498 1063 1536 multitudinem
1094 1510 1309 1544 causarum,
1345 1510 1438 1548 quas
1471 1499 1565 1549 agit,
1597 1498 1724 1536 male:
1761 1505 1802 1536 at

471 1567 670 1620 pez-fidiae,
687 1567 717 1604 si
736 1573 892 1617 rogatus
912 1565 991 1616 agit
1010 1564 1058 1602 ad
1078 1577 1118 1602 se
1137 1564 1317 1610 delatam,
1339 1564 1448 1616 (nam
1467 1565 1543 1602 hoc
1563 1572 1621 1602 est
1639 1565 1804 1617 recipere

479 1633 651 1685 causam)
683 1640 723 1671 et
743 1645 819 1669 non
840 1632 1044 1682 diiigenter
1069 1638 1109 1668 et
1126 1632 1227 1668 bene
1247 1631 1349 1681 agit;
1377 1643 1465 1668 nam
1487 1630 1540 1668 ita
1559 1630 1655 1669 fallit
1673 1631 1804 1670 fidem.

482 1700 588 1737 Hinc
603 1699 852 1749 intelligenda
867 1698 1087 1748 sequentia:
1117 1697 1170 1735 ita
1185 1698 1444 1743 committunt,
1465 1704 1508 1734 ut
1524 1697 1729 1748 dupliciter
1743 1710 1803 1735 re-

479 1765 791 1817 prehendantur3
819 1765 996 1814 primum,
1030 1763 1133 1814 quod
1158 1776 1290 1801 causas
1322 1776 1399 1800 non
1433 1763 1637 1813 diligenter
1656 1770 1695 1801 et
1715 1776 1803 1803 cum

480 1832 558 1870 fide
586 1831 748 1882 egerint,
778 1830 917 1868 deinde
951 1829 1055 1880 quod
1074 1842 1151 1866 non
1171 1829 1261 1866 satis
1281 1828 1542 1867 intellexerint
1561 1829 1621 1867 vel
1641 1843 1805 1881 cognos-

482 1911 570 1936 cere
590 1897 799 1949 potuerint,
833 1897 984 1947 sintque
1004 1896 1103 1933 tardi
1134 1895 1303 1946 ingeniO,
1338 1895 1442 1946 quod
1474 1895 1642 1933 maxime
1670 1897 1804 1935 volunt

481 1964 663 2015 effugere.
723 1964 984 2014 Asseqmmtur
1009 1962 1136 2007 etiam,
1170 1962 1368 2012 eleganter
1399 1975 1468 2013 pro
1499 1975 1547 2000 eo
1577 1962 1681 2013 quod
1713 1963 1806 2001 alias

482 2031 577 2068 dicit
595 2031 746 2075 Cicero,
766 2030 936 2068 incidunt
956 2029 994 2066 in
1016 2028 1132 2066 illam.
1193 2028 1428 2066 ERNESTUS.

536 2097 634 2135 Ibid.
663 2097 728 2133 lin.
752 2100 812 2134 13.
866 2097 921 2133 ita
951 2096 1036 2133 dum
1058 2095 1234 2140 inertiae,
1262 2097 1356 2144 ἃς]
1417 2094 1546 2132 Locus
1565 2094 1629 2132 hic
1648 2094 1805 2133 Lambi-

482 2177 574 2201 num
597 2171 636 2201 et
658 2164 751 2201 alios
780 2163 966 2208 exercuit,
1002 2176 1091 2200 cum
1110 2175 1187 2199 non
1207 2161 1396 2207 viderent,
1432 2161 1625 2212 quomodo
1644 2161 1806 2200 inertiae

482 2230 711 2282 vituperatio
742 2230 862 2280 possit
896 2229 971 2266 dici
1000 2231 1122 2279 major
1152 2241 1266 2279 quam
1286 2228 1487 2266 tarditatis.
1544 2228 1691 2266 Inertia
1712 2227 1806 2265 nihil

482 2297 586 2334 aliud
607 2297 794 2347 designat,
826 2309 937 2346 quam
957 2295 1046 2332 artis
1066 2293 1334 2345 ignorantiam,
1365 2307 1462 2345 quae
1483 2294 1521 2331 in
1541 2301 1694 2332 oratore
1713 2307 1805 2332 sane

482 2364 614 2402 vitium
635 2371 694 2401 est
713 2363 934 2401 maximum.
992 2362 1285 2399 VERBURGIUS.

538 2431 631 2481 Pag.
655 2434 741 2467 131.
771 2429 836 2465 lin.
856 2433 920 2465 23.
975 2442 1047 2464 uon
1075 2427 1285 2478 pariuntur
1305 2425 1350 2463 ab
1378 2428 1564 2475 oratore]
1628 2425 1693 2464 Sic
1714 2425 1805 2464 dedi

484 2510 534 2535 ex
554 2497 643 2534 edd.
663 2497 725 2534 W.
748 2496 786 2533 S.
807 2496 852 2532 L.
874 2502 924 2532 et.
940 2507 973 2532 a.
989 2502 1028 2531 et
1049 2494 1152 2544 Lips.
1209 2493 1253 2530 In
1267 2493 1394 2530 media
1413 2493 1505 2531 vitio
1525 2505 1726 2543 operarum
1747 2499 1808 2530 est

478 2564 696 2616 pariuntur,
735 2563 799 2615 (ut
818 2561 916 2599 infra
942 2560 1139 2612 seperatim
1173 2572 1242 2610 pro
1276 2559 1420 2611 repar.)
1442 2575 1451 2604 ς
1479 2559 1582 2596 unde
1605 2559 1805 2610 vulgatum

485 2630 725 2682 reperiuntur
745 2628 900 2666 factum.
959 2627 1195 2663 ERNESTUS.

541 2697 633 2748 Pag.
658 2699 744 2734 140.
772 2695 836 2732 lin.
858 2697 894 2735 7.
931 2692 1116 2731 debilitati
1135 2707 1157 2729 a
1173 2696 1268 2745 jure
1288 2692 1574 2744 cognoscenda]
1627 2691 1718 2729 Hoc
1737 2704 1807 2730 ex-

486 2763 622 2815 quisite
655 2762 807 2808 dicitur,
832 2774 905 2799 nec
926 2773 1021 2811 opus
1040 2767 1098 2798 est
1117 2759 1259 2797 addere
1279 2765 1377 2796 metu
1397 2765 1440 2796 ut
1459 2758 1610 2796 videtur
1629 2757 1816 2797 Pearcio.

486 2830 586 2867 Nam
606 2828 927 2881 quemadmodum
955 2826 1157 2873 vulnerati,
1177 2833 1217 2864 et
1244 2826 1417 2864 membro
1431 2824 1560 2877 aliquo
1580 2824 1697 2876 capti,
1716 2823 1806 2863 sim-
