2071 3508
711 383 880 424 LIBER
910 383 1218 425 SECUNDUS.
1570 393 1640 430 121

309 497 524 551 videant,
573 493 694 558 quid
733 492 909 552 velint,
962 494 1026 542 ad
1065 493 1422 551 ludendumne,
1478 514 1540 544 an
1582 500 1644 548 ad

305 572 630 640 pugnandum
672 588 807 620 arma
848 572 947 620 sint
987 573 1212 621 sumturi.
1316 573 1473 622 Aliud
1514 578 1645 625 enim

303 670 471 720 pugna
495 659 546 700 et
570 651 736 712 acies;
779 651 915 700 aliud
955 651 1102 701 ludus
1145 669 1447 718 campusque
1480 664 1647 704 noster

304 732 569 782 desiderat.
642 731 887 780 Attamen
926 749 1002 780 ars
1044 733 1149 798 ipsa
1185 732 1377 781 ludicra
1400 751 1648 783 armorum

301 819 352 860 et
375 811 640 876 gladiatori
679 819 730 859 et
768 811 912 860 militi
950 812 1154 877 prodest
1178 812 1395 877 aliquid:
1435 813 1523 862 sed
1547 815 1649 862 ani-

299 907 409 939 mus
451 908 585 950 acer,
634 898 686 939 et
725 907 977 956 praesens,
1016 900 1068 941 et
1109 900 1285 940 acutus
1326 892 1460 941 idem
1499 902 1648 959 atque

298 979 545 1032 versutus,
570 972 784 1021 invictos
802 972 933 1021 viros
959 971 1128 1033 efficit,
1144 989 1246 1021 non
1271 973 1517 1022 difficilius
1542 982 1648 1023 arte

300 1051 584 1116 conjuncta.

368 1132 537 1189 Quare
563 1149 658 1197 ego
682 1132 773 1181 tibi
799 1139 1046 1182 oratorem
1073 1133 1142 1182 sic
1159 1132 1265 1198 jam
1289 1134 1562 1191 instituam,
1607 1134 1646 1182 si

300 1218 496 1277 potero,
522 1220 597 1272 ut,
623 1213 744 1278 quid
770 1212 964 1262 efficere
989 1214 1161 1278 possit,
1186 1222 1302 1262 ante
1334 1215 1646 1279 perspiciam.

301 1290 375 1339 Sit
415 1292 548 1340 enim
590 1293 711 1340 mihi
752 1293 940 1341 tinctus
976 1293 1164 1354 literis3
1207 1293 1420 1341 audierit
1444 1293 1646 1359 aliquid,

299 1369 493 1436 legerit,
532 1372 627 1420 ista
661 1372 767 1437 ipsa
802 1381 1072 1438 praecepta
1107 1374 1392 1438 acceperit:
1442 1376 1648 1423 tentabo

302 1450 422 1513 quid
447 1451 643 1509 deceat,
681 1451 802 1515 quid
836 1467 979 1510 voce,
1017 1451 1138 1515 quid
1168 1450 1372 1510 viribus,
1409 1451 1529 1515 quid
1554 1453 1648 1517 spi-

301 1529 417 1588 ritu,
455 1530 575 1594 quid
599 1529 770 1594 lingua
812 1529 1006 1579 efficere
1041 1530 1212 1595 possit.
1285 1530 1335 1578 Si
1370 1530 1647 1596 intelligam

299 1625 443 1673 posse
480 1609 544 1657 ad
586 1626 802 1657 summos
837 1610 1118 1674 pervenire,
1156 1626 1257 1658 non
1300 1610 1457 1658 solum
1482 1611 1646 1659 horta-

297 1688 406 1747 bor,
442 1696 500 1736 ut
525 1687 765 1747 elaboret,
802 1689 891 1737 sed
927 1690 1096 1749 etiam,
1133 1690 1172 1737 si
1196 1690 1270 1737 vir
1303 1707 1500 1756 quoque
1525 1690 1646 1738 mihi

297 1767 457 1816 bonus
481 1768 751 1827 videbitur,
788 1770 1092 1818 obsecrabo:
1132 1777 1329 1818 tantum
1368 1788 1463 1835 ego
1486 1772 1538 1818 in
1564 1788 1646 1819 ex-

298 1845 513 1895 cellente
539 1855 752 1906 oratore,
787 1857 838 1897 et
863 1848 1040 1897 eodem
1066 1850 1171 1897 viro
1194 1850 1343 1906 bono,
1380 1866 1515 1914 pono
1541 1867 1645 1898 esse

298 1926 577 1974 ornamenti
603 1927 861 1975 universae
882 1927 1088 1976 civitati.
1141 1928 1225 1976 Sin
1242 1928 1510 1988 videbitur,
1531 1947 1644 1978 cum

299 2006 468 2054 omnia
508 2022 700 2053 summa
737 2005 930 2064 fecerit,
957 2016 1127 2056 tamen
1152 2010 1215 2056 ad
1239 2009 1516 2058 mediocres
1541 2027 1646 2059 ora—

300 2091 433 2132 tores
459 2101 564 2133 esse
589 2093 858 2146 venturus3
897 2086 1182 2151 permittam
1207 2089 1315 2153 ipsi,
1355 2089 1475 2153 quid
1498 2090 1642 2151 velit3

301 2163 538 2212 molestus
562 2182 866 2231 magnopere
892 2182 992 2215 non
1018 2184 1117 2215 ero.
1191 2168 1275 2216 Sin
1299 2168 1446 2233 plane
1472 2170 1645 2218 abhor-

300 2245 446 2304 rebit,
483 2253 535 2293 et
560 2245 653 2293 erit
686 2246 960 2308 absurdus3
1001 2256 1056 2295 ut
1081 2264 1132 2295 se
1158 2249 1430 2306 contineat,
1471 2257 1558 2298 aut
1582 2250 1646 2298 ad

299 2322 435 2371 aliud
460 2323 680 2372 studium
704 2324 984 2382 transferat,
1023 2326 1317 2376 admonebo.
1391 2329 1521 2377 Nam
1560 2347 1643 2378 ne-

300 2419 397 2467 que
420 2403 481 2463 is,
517 2404 601 2468 qui
640 2404 828 2469 optime
867 2413 1052 2470 potest,
1089 2406 1392 2456 deserendus
1417 2408 1519 2457 ullo
1544 2427 1645 2458 mo-

303 2483 368 2530 do
410 2491 486 2531 est
510 2501 538 2531 a
563 2484 907 2533 cohortatione
932 2495 1130 2546 nostra;
1170 2503 1332 2551 neque
1357 2488 1418 2548 is,
1454 2490 1537 2552 qui
1562 2489 1645 2537 ali-

300 2561 421 2627 quid
460 2571 646 2627 potest,
683 2564 1043 2613 deterrendus:
1084 2567 1220 2630 quod
1258 2567 1487 2626 alterum,
1525 2569 1645 2617 divi-

300 2642 469 2690 nitatis
489 2642 609 2690 mihi
635 2643 892 2707 cujusdam
917 2644 1115 2692 videtur
1136 2663 1147 2693 :
1187 2646 1416 2706 alterum,
1440 2647 1519 2696 vel
1545 2664 1645 2696 non

299 2719 466 2769 facere
508 2721 642 2786 quod
678 2738 778 2770 non
804 2723 990 2788 optime
1015 2724 1188 2788 possis,
1218 2724 1296 2773 vel
1320 2725 1486 2774 facere
1511 2727 1647 2791 quod.

301 2815 402 2848 non
442 2801 653 2865 pessime
695 2800 866 2862 facias,
907 2801 1261 2852 humanitatis:
1300 2805 1503 2853 tertium
1526 2822 1645 2854 vero

302 2877 443 2939 illud,
498 2879 711 2930 clamare
755 2888 929 2930 contra
969 2897 1118 2945 quam
1160 2882 1357 2944 deceat,
1410 2892 1462 2933 et
1497 2901 1642 2950 quam

1680 1146 1758 1187 85.

1677 2339 1755 2382 86,
