2071 3508
270 530 378 591 60.

272 624 384 663 254.

284 1475 395 1517 255.

412 422 464 459 86
887 415 964 454 DE
994 413 1263 454 ORATORE

482 527 614 576 Nam
633 525 766 591 quod
791 524 932 583 dicis,
957 531 1266 573 senectutem
1291 539 1319 570 a
1350 519 1614 569 solitudine
1638 518 1743 566 vin-

418 607 569 655 dicari
585 605 709 670 juris
735 603 889 653 civilis
916 604 1122 652 scientia
1142 623 1154 663 ;
1193 601 1398 650 fortasse
1423 599 1570 649 etiam
1593 614 1744 663 pecu·

419 687 530 734 niae
555 683 914 749 magnitudine.
986 682 1083 731 Sed
1118 698 1224 740 nos,
1260 697 1361 728 non
1385 679 1504 744 quid
1526 677 1667 726 nobis
1690 693 1745 724 u-

418 765 521 822 tile,
548 781 722 812 verum
748 763 868 828 quid
892 763 1071 811 oratori
1095 761 1424 810 necessarium
1449 759 1526 815 sit,
1557 756 1745 822 quaeri-

419 861 527 892 mus
549 862 560 890 :
601 858 880 907 quanquam
906 841 1162 906 (quoniam
1187 840 1343 888 multa
1371 839 1436 887 ad
1458 835 1662 886 oratoris
1687 834 1747 882 si-

418 921 749 969 militudinem
768 922 828 969 ab
848 937 947 968 uno
971 919 1156 968 artifice
1182 917 1442 978 sumimus)
1467 916 1592 965 solet
1614 913 1748 961 idem

423 999 635 1046 Roscius
661 998 842 1054 dicere,
887 1015 938 1046 se
977 1014 1073 1061 quo
1096 996 1207 1061 plus
1231 996 1321 1045 sibi
1345 995 1518 1043 aetatis
1543 990 1750 1041 accede-

422 1085 516 1135 ret,
542 1094 600 1124 eo
624 1076 862 1124 tardiores
886 1075 1101 1123 tibicinis
1125 1074 1298 1122 modos
1317 1082 1368 1122 et
1386 1081 1561 1122 cantus
1585 1069 1751 1119 remis-

424 1156 573 1203 siores
615 1170 718 1201 esse
759 1152 1024 1201 facturum.
1096 1152 1246 1208 Quod
1284 1152 1322 1199 si
1356 1152 1453 1208 ille,
1487 1148 1753 1199 adstrictus

425 1240 562 1280 certa
599 1232 810 1295 quadam
850 1246 1166 1277 numerorum
1207 1230 1546 1278 moderatione
1582 1236 1633 1276 et
1668 1245 1754 1292 pe-

428 1311 565 1370 dum,
589 1318 758 1359 tamen
782 1309 968 1373 aliquid
986 1308 1049 1355 ad
1068 1309 1287 1373 requiem
1313 1308 1583 1357 senectutis
1608 1323 1755 1355 exco-

427 1390 555 1453 gitat
574 1410 587 1449 ;
616 1397 800 1453 quanto
823 1387 1016 1435 facilius
1040 1404 1128 1435 nos
1147 1404 1246 1435 non
1269 1387 1434 1436 laxare
1459 1386 1646 1443 modOS,
1668 1386 1758 1435 sed

428 1475 560 1516 totos
595 1476 786 1516 mutare
819 1467 1114 1531 possumus?
1167 1467 1344 1530 Neque
1381 1466 1512 1514 enim
1549 1465 1645 1514 hoc
1686 1472 1755 1523 te,

431 1548 624 1606 Crasse,
661 1546 805 1605 fallit,
848 1562 994 1611 quam
1019 1545 1175 1593 multa
1199 1546 1310 1602 sint,
1355 1553 1406 1594 et
1441 1561 1587 1609 quam
1624 1545 1758 1593 varia

429 1643 614 1691 genera
638 1625 856 1683 dicendi,
888 1625 1021 1688 quod
1044 1624 1177 1672 haud
1201 1625 1370 1684 sciam,
1406 1640 1469 1671 an
1492 1632 1549 1672 tu
1571 1623 1758 1688 primus

430 1705 722 1763 ostenderis,
762 1703 845 1768 qui
881 1702 1075 1768 jamdiu
1098 1703 1254 1751 multo
1280 1703 1403 1752 dicis
1437 1702 1683 1751 remissius
1707 1710 1759 1750 et

427 1785 605 1843 lenius,
641 1801 787 1848 quam
813 1782 1000 1831 solebas
1023 1801 1034 1831 :
1072 1799 1234 1847 neque
1258 1783 1419 1830 minus
1442 1782 1567 1830 haec
1590 1789 1759 1830 tamen

429 1871 515 1912 tua
538 1862 810 1928 gravissimi
849 1863 1084 1911 sermonis
1123 1862 1317 1920 lenitaS,
1354 1877 1500 1926 quam
1524 1860 1607 1909 illa
1631 1877 1759 1908 sum-

430 1959 510 1990 ma
533 1943 605 1989 vis
631 1950 681 1989 et
707 1942 981 2000 contentio,
1017 1942 1284 2005 probatur:
1323 1941 1564 2005 multique
1602 1948 1761 1989 orato-

431 2038 507 2068 res
553 2020 770 2077 fuerunt,
819 2028 876 2068 ut
922 2019 1061 2067 illum
1109 2020 1389 2085 Scipionem
1430 2020 1675 2078 audimus,
1711 2027 1763 2069 et

432 2098 677 2158 Laelium,
713 2099 796 2163 qui
831 2099 995 2147 omnia
1030 2116 1254 2148 sermone
1280 2099 1582 2148 conficerent
1614 2098 1763 2164 paulo

431 2178 718 2236 intentiore,
757 2194 1027 2241 nunquam,
1071 2188 1127 2227 ut
1166 2180 1266 2228 Ser.
1311 2179 1487 2235 Galba,
1530 2178 1764 2229 lateribus

436 2264 523 2303 aut
564 2255 777 2304 clamore
819 2257 1195 2306 contenderent.
1268 2258 1418 2314 Quod
1459 2257 1497 2304 si
1529 2256 1633 2321 jam
1668 2258 1766 2308 hoc

434 2333 600 2382 facere
643 2351 743 2382 non
781 2336 983 2399 poteris,
1020 2344 1106 2384 aut
1139 2335 1310 2395 noles;
1348 2336 1544 2391 vereris,
1583 2352 1644 2384 ne
1680 2345 1768 2385 tua

438 2413 631 2472 domus,
655 2413 764 2461 talis
791 2422 840 2462 et
864 2414 954 2462 viri
979 2422 1030 2463 et
1055 2414 1192 2474 civis,
1231 2416 1269 2462 si
1306 2432 1333 2462 a
1363 2415 1588 2479 litigiosis
1611 2415 1765 2464 homi·

436 2491 580 2539 nibus
604 2508 703 2539 non
741 2492 949 2553 colatur,
985 2511 1014 2542 a
1052 2494 1257 2543 caeteris
1295 2494 1580 2542 deseratur?
1617 2494 1766 2559 Equi-

439 2569 552 2618 dem
590 2578 786 2619 tantum
828 2573 998 2620 absum
1041 2574 1101 2621 ab
1143 2573 1236 2621 ista
1275 2574 1535 2629 sententia,
1576 2582 1632 2622 ut
1665 2591 1767 2622 non

438 2649 587 2697 modo
629 2666 729 2698 non
771 2652 977 2700 arbitrer
1013 2652 1282 2700 subsidium
1319 2654 1588 2701 senectutis
1612 2653 1664 2700 in
1688 2654 1767 2704 eo'-

440 2743 565 2784 rum,
611 2730 694 2792 qui
735 2729 1014 2778 consultum
1055 2731 1274 2790 veniant,
1310 2732 1629 2781 multitudine
1664 2743 1799 2784 esse'

441 2808 752 2868 ponendum,
790 2810 894 2868 sed,
937 2818 1169 2875 tanquam
1203 2820 1401 2876 portum
1425 2811 1657 2877 aliquem,
1687 2828 1771 2862 ex-

407 2938 411 2942 ,
442 2892 660 2947 spectem
682 2887 843 2949 istam,
860 2906 1006 2955 quam
1022 2898 1079 2938 tu
1095 2891 1254 2950 timeS,
1282 2890 1611 2941 solitudinem.
1648 2891 1769 2942 Sub.
