2071 3508
271 899 382 940 321.

341 1529 369 1568 10

347 2239 373 2277 20

411 388 492 424 204⁴
885 388 962 425 DE
992 388 1260 426 ORATORE
1315 436 1317 438 Ι

408 499 520 541 tum
549 493 614 542 ad
648 509 863 554 causam,
899 504 950 544 et
984 497 1330 556 munitionem,
1365 504 1451 545 aut
1486 496 1734 562 quoddam

413 579 757 620 ornamentum
805 581 856 621 et
901 574 1210 639 dignitatem.
1282 575 1379 624 Sed
1425 582 1637 640 oportet,
1678 582 1736 621 ut

415 650 618 698 aedibus
643 667 700 698 ac
725 651 920 715 templis
944 652 1186 700 vestibula
1210 661 1261 701 et
1279 653 1458 712 aditus,
1483 653 1552 701 sic
1578 652 1738 700 causis

411 728 656 793 principia
677 730 994 794 proportione
1018 747 1181 778 rerum
1204 747 1522 796 praeponere.
1563 732 1738 794 Itaque

413 805 465 852 in
488 808 668 870 parvis,
706 815 853 872 atque
872 808 1264 873 infrequentibus
1292 810 1448 857 causis
1473 810 1532 857 ab
1557 809 1662 873 ipsa
1685 826 1737 858 re

415 893 490 933 est
524 886 738 934 exordiri
779 904 924 952 saepe
972 888 1292 936 commodius.
1365 887 1463 935 Sed
1498 905 1611 935 cum
1647 888 1741 935 erit

413 965 656 1012 utendum
690 966 948 1030 principio,
987 967 1146 1031 (quod
1178 966 1467 1032 plerumque
1503 965 1620 1026 erit)
1657 974 1743 1013 aut

414 1059 478 1090 ex
503 1059 603 1100 reo,
631 1051 717 1091 aut
747 1060 808 1091 ex
834 1044 1124 1100 adversario,
1163 1052 1248 1092 aut
1272 1061 1334 1091 ex
1369 1060 1441 1102 re,
1477 1051 1562 1091 aut
1586 1060 1648 1091 ex
1673 1044 1742 1091 eis

416 1122 549 1185 apud
579 1138 699 1185 quos
735 1123 915 1186 agitur,
951 1124 1220 1171 sententias
1256 1123 1373 1171 duci
1407 1122 1593 1171 licebit.
1663 1122 1742 1170 Ex

415 1215 518 1257 reo,
545 1202 678 1263 (reos
703 1200 911 1264 appello,
939 1217 1145 1264 quorum
1171 1217 1248 1248 res
1284 1200 1383 1261 est)
1414 1217 1539 1264 quae
1564 1199 1742 1264 signifi-

419 1285 537 1326 cent
570 1277 731 1325 virum
758 1279 964 1337 bonum,
1000 1295 1125 1342 quae
1155 1277 1428 1337 liberalem,
1465 1295 1589 1342 quae
1619 1278 1745 1327 cala-

418 1357 665 1413 mitosum,
705 1373 829 1421 quae
855 1357 1191 1406 misericordia
1215 1357 1442 1422 dignum,
1467 1374 1592 1422 quae
1616 1358 1744 1406 vale-

418 1443 505 1482 ant
537 1444 710 1484 contra
746 1435 918 1484 falsam
952 1437 1368 1486 criminationem:
1430 1454 1492 1486 ex
1522 1439 1744 1486 adversa-

375 1557 386 1569 ,
419 1514 509 1573 rio,
548 1514 720 1562 iisdem
761 1531 823 1563 ex
860 1514 981 1563 locis
1015 1514 1120 1565 fere
1157 1517 1414 1565 contraria.
1485 1517 1563 1564 Ex
1597 1533 1666 1573 re,
1704 1517 1743 1565 si

421 1592 648 1650 crudelis,
677 1594 714 1641 si
739 1592 960 1652 infanda,
985 1595 1023 1642 si
1047 1603 1242 1659 praeter
1266 1595 1569 1659 opinionem,
1594 1596 1633 1643 si
1656 1596 1744 1643 im-

417 1671 609 1728 merito,
637 1672 676 1719 si
701 1673 892 1731 misera,
918 1673 956 1720 si
980 1673 1191 1737 ingrata,
1216 1673 1254 1721 si
1289 1673 1512 1738 indigna,
1537 1673 1576 1720 si
1600 1689 1745 1733 nova,

419 1750 457 1797 si
484 1766 608 1813 quae
633 1750 822 1797 restitui
858 1750 1115 1812 sanarique
1151 1767 1251 1798 non
1274 1751 1457 1816 possit:
1496 1768 1558 1799 ex
1582 1751 1639 1799 iis
1663 1769 1745 1800 au-

418 1835 520 1874 tem
556 1827 689 1891 apud
723 1844 844 1890 quos
886 1836 1075 1891 agetur,
1124 1837 1181 1877 ut
1220 1827 1486 1877 benevolos
1519 1831 1747 1894 beneque

421 1906 758 1953 existimantes
795 1904 1094 1963 efficiamus3
1140 1906 1274 1968 quod
1310 1906 1505 1970 agendo
1540 1907 1750 1957 efficitur

420 1983 612 2044 melius,
633 2000 779 2048 quam
798 1982 1035 2047 rogando.
1107 1982 1198 2030 Est
1221 1983 1271 2031 id
1291 1985 1491 2048 quidem
1515 1987 1566 2034 in
1590 1994 1744 2036 totam

421 2064 693 2111 orationem
720 2060 1146 2121 confundendum,
1176 2078 1269 2110 nec
1294 2063 1495 2112 minime
1514 2064 1565 2111 in
1590 2073 1750 2114 extre-

422 2159 551 2190 mam
573 2160 585 2189 ε
636 2141 722 2189 sed
745 2150 912 2189 tamen
947 2140 1103 2188 multa
1125 2140 1366 2205 principia
1390 2158 1453 2190 ex
1477 2159 1536 2191 eo
1565 2161 1750 2207 genere

380 2260 390 2277 ὁ
422 2221 711 2284 gignuntur.
783 2218 912 2265 Nam
931 2225 981 2265 et
1000 2225 1246 2265 attentum
1270 2229 1476 2268 monent
1493 2221 1676 2271 Graeci
1694 2231 1751 2272 ut

424 2298 666 2363 principio
704 2296 941 2344 faciamus
972 2295 1197 2359 judicem
1239 2305 1290 2345 et
1324 2297 1572 2359 docilem;
1625 2318 1750 2365 quae

425 2386 542 2425 sunt
593 2375 750 2435 utilia,
802 2374 888 2423 sed
928 2391 1027 2422 non
1069 2375 1297 2440 principii
1343 2377 1498 2441 magis
1537 2379 1748 2443 propria,

427 2473 573 2520 quam
610 2454 905 2518 reliquarum
953 2453 1200 2517 partium;
1255 2453 1476 2503 faciliora
1516 2457 1664 2505 etiam
1699 2459 1751 2506 in

430 2534 700 2599 principiis,
743 2533 876 2597 quod
914 2541 964 2580 et.
999 2533 1177 2580 attenti
1217 2540 1324 2580 tum
1365 2535 1578 2584 maxime
1620 2545 1751 2598 sunt,

430 2631 542 2662 cum
568 2613 731 2661 onmia
756 2620 1076 2676 exspectant3
1123 2620 1174 2659 et
1199 2611 1381 2661 dociles
1406 2614 1560 2678 magis
1600 2615 1751 2665 initiis

430 2710 532 2740 esse
570 2700 805 2756 possunt:
865 2691 1127 2738 illustriora
1167 2691 1299 2739 enim
1347 2701 1478 2752 sunt,
1527 2710 1651 2758 quae
1697 2695 1751 2742 in

428 2771 697 2835 principiis3
727 2787 871 2834 quam
898 2787 1023 2834 quae
1046 2770 1098 2817 in
1122 2770 1296 2818 mediis
1320 2771 1476 2819 causis
1501 2771 1747 2830 dicuntur,

287 2860 396 2901 324.
430 2857 516 2898 aut
540 2850 811 2913 arguendo,
858 2857 944 2898 aut
966 2848 1252 2898 refellendo.
1341 2849 1564 2900 Maxima
1585 2857 1748 2901 autem
