2071 3508
736 385 903 436 LIBER
931 396 1154 436 PRIMUS,
1561 405 1612 444 27

290 525 341 567 et·
375 517 676 566 exercitata:
714 526 957 567 oratorem
983 525 1167 577 autem,
1197 517 1289 566 nisi
1315 518 1398 582 qui
1422 521 1613 583 sapiens

289 604 434 655 esset,
459 612 563 644 esse
588 596 835 645 neminem
859 615 871 645 ε
910 605 1058 661 atque
1082 597 1235 661 ipsam
1262 597 1614 660 eloquentiam,

289 675 421 738 quod
445 690 505 723 ex
531 676 659 724 bene
697 675 896 724 dicendi
932 676 1139 724 scientia
1162 684 1428 734 constaret,
1465 693 1613 725 unam

289 753 535 817 quandam
575 770 678 802 esse
717 754 987 814 virtutem;
1041 763 1109 814 et,
1147 755 1229 819 qui
1270 771 1419 803 unam
1465 756 1616 804 virtu-

286 840 389 881 tem
425 832 650 892 haberet,
684 850 854 882 omnes
891 834 1106 894 habere3
1146 850 1324 898 easque
1360 851 1464 883 esse
1486 835 1617 883 inter

287 928 338 961 se
367 912 607 976 aequales,
648 920 698 961 et
734 930 904 978 pares:
943 913 1029 972 ita,
1066 913 1149 978 qui
1192 921 1320 962 esset
1362 913 1615 978 eloquens,

285 1007 399 1040 eum
435 992 643 1040 virtutes
684 1009 854 1041 omnes
890 992 1090 1052 habere,
1125 1000 1273 1057 atque
1299 1009 1402 1041 esse
1429 993 1615 1058 sapien-

286 1076 403 1118 tem.
475 1070 573 1119 Sed
612 1071 735 1120 haec
769 1080 873 1120 erat
908 1072 1103 1136 spinosa
1126 1072 1367 1137 quaedam
1401 1080 1452 1120 et
1476 1072 1616 1120 exilis

283 1149 458 1209 oratio,
491 1149 739 1215 longeque
775 1168 803 1198 a
837 1151 1016 1199 nostris
1050 1152 1270 1200 sensibus
1305 1151 1614 1200 abhorrebat.

285 1227 586 1277 Charmadas
623 1245 740 1278 vero
776 1229 934 1278 multo
973 1231 1173 1278 uberius
1213 1231 1386 1278 iisdem
1435 1230 1496 1278 de
1543 1247 1615 1279 re·
1649 1243 1727 1282 84.

284 1307 376 1356 bus
421 1307 747 1372 loquebatur3
797 1325 897 1356 non
934 1326 1031 1370 quo
1067 1309 1280 1370 aperiret
1320 1310 1616 1356 sententiam

286 1403 457 1446 suam3
498 1387 603 1450 (hic
641 1386 772 1434 enim
813 1401 918 1432 mos
954 1393 1059 1434 erat
1080 1385 1267 1450 patrius
1294 1385 1618 1447 Academiae,

286 1465 530 1513 adversari
572 1478 764 1528 semper
803 1463 1030 1511 omnibus
1070 1464 1120 1510 in
1160 1463 1482 1528 disputando)
1530 1467 1619 1514 sed

287 1560 402 1592 cum
437 1542 650 1590 maxime
688 1550 855 1589 tamen
896 1541 992 1590 hoc
1031 1541 1357 1606 significabat,
1396 1559 1497 1602 eos,
1533 1546 1617 1609 qui

285 1622 506 1671 rhetores
531 1621 920 1680 nominarentur,
947 1628 997 1669 et
1021 1621 1104 1686 qui
1129 1621 1329 1669 dicendi
1351 1632 1618 1688 praecepta

286 1701 558 1760 traderent,
584 1699 706 1747 nihil
730 1699 875 1764 plane
900 1708 1090 1760 tenere,
1114 1717 1276 1764 neque
1300 1718 1441 1766 posse
1467 1719 1620 1766 quen-

286 1797 432 1844 quam
470 1779 759 1827 facultatem
799 1779 990 1843 assequi
1029 1779 1247 1840 dicendi,
1288 1780 1381 1828 nisi
1407 1781 1490 1845 qui
1513 1781 1620 1846 phi-

284 1858 600 1924 losophorum
624 1857 827 1906 inventa
851 1857 1119 1906 didicisset.
1664 1924 1666 1927 Ι

363 1938 701 2004 Disputabant
738 1946 912 1986 contra
960 1937 1129 1986 diserti
1168 1937 1411 1997 homines,
1462 1930 1740 1991 Athe-19.

286 2019 500 2076 nienseS‚
539 2024 590 2064 et
625 2016 676 2063 in
723 2015 976 2080 republica
1018 2016 1272 2080 causisque
1314 2016 1527 2076 versati3
1567 2017 1618 2065 in
1652 2024 1734 2064 85.

288 2098 397 2162 quis
422 2103 526 2145 erat
551 2095 698 2142 etiam
723 2095 781 2153 is,
807 2095 890 2158 qui
914 2111 1072 2159 nuper
1090 2095 1280 2144 Romae
1303 2094 1417 2154 fuit,
1445 2095 1620 2145 Mene-

290 2176 481 2233 demus,
528 2173 706 2239 hospes
753 2190 925 2221 meus:
987 2175 1069 2237 qui
1118 2191 1232 2222 cum
1279 2175 1469 2223 diceret
1516 2192 1620 2225 esse

289 2254 535 2321 quandam
566 2253 898 2318 prudentiam,
941 2270 1066 2318 quae
1105 2262 1381 2302 versaretur
1418 2255 1468 2302 in
1514 2271 1622 2320 per-

287 2333 552 2400 spiciendis
576 2332 846 2380 rationibus
871 2333 1326 2381 constituendarum
1365 2341 1415 2381 et
1449 2350 1622 2398 regen-

289 2413 462 2461 darum
509 2428 673 2459 rerum
725 2411 1052 2476 publicarum,
1113 2412 1422 2461 excitabatur
1474 2413 1623 2462 homo

288 2500 512 2557 promtus
536 2492 595 2539 ab
621 2491 819 2539 homine
845 2491 1116 2540 abundanti
1152 2492 1395 2551 doctrina,
1433 2501 1483 2540 et
1508 2510 1621 2556 qua-

291 2570 404 2619 dam
429 2570 706 2618 incredibili
730 2571 965 2619 varietate
990 2587 1152 2619 rerum
1189 2579 1240 2619 et
1276 2572 1431 2636 copia.
1503 2571 1622 2619 Om-

291 2665 379 2697 nes
404 2649 534 2697 enim
558 2657 721 2713 partes
744 2649 873 2697 illius
892 2650 1041 2714 ipsius
1068 2650 1361 2714 prudentiae
1384 2651 1625 2714 petendas

293 2744 396 2777 esse
436 2745 463 2775 a
498 2727 805 2792 philosophia
830 2729 1044 2786 dicebat,
1079 2744 1240 2792 neque
1267 2745 1341 2787 ea,
1367 2745 1491 2792 quae
1533 2738 1631 2778 sta-

293 2815 552 2855 tuerentur
581 2807 631 2854 in
667 2807 920 2872 republica
949 2807 1011 2855 de
1050 2807 1141 2854 diis
1166 2807 1536 2869 immortalibus,
1563 2811 1631 2859 de*

295 2884 552 2951 disciplina
566 2884 865 2950 juventutis,
889 2887 951 2936 de
967 2885 1172 2951 justitia,
1201 2885 1263 2935 de
1290 2887 1546 2953 patientia,
1563 2888 1627 2938 de
