2071 3508
737 359 904 398 LIBER
933 358 1156 398 PRIMUS.
1562 366 1610 402 31

286 485 359 528 ro,
395 470 477 533 qui
517 467 783 515 mirabilius
808 475 858 515 et
882 466 1276 532 magnificentius
1301 484 1482 531 augere
1505 486 1614 533 pos-

284 555 360 595 set
383 555 530 611 atque
555 563 746 606 ornare,
765 563 889 610 quae
908 546 1075 606 vellet,
1101 562 1368 611 omnesque
1394 549 1614 597 omnium

282 641 465 684 rerum,
507 642 631 690 quae
672 626 735 674 ad
777 626 1044 674 dicendum
1085 626 1410 691 pertinerent,
1451 625 1615 675 fontes

281 703 465 763 animo,
500 721 558 753 ac
599 705 835 753 memoria
869 705 1162 754 contineret.
1235 705 1297 753 Id
1332 706 1370 753 si
1396 714 1470 753 est
1495 705 1616 753 diffi-

283 781 376 830 cile
401 784 560 843 nobis,
602 784 685 848 qui
710 792 825 832 ante
851 801 996 848 quam
1021 785 1084 832 ad
1109 784 1378 833 dicendum
1408 785 1614 849 ingressi

280 876 465 921 sumus,
491 863 743 911 obruimur
766 864 1052 922 ambitione,
1089 871 1139 912 et
1173 864 1280 912 foro
1303 884 1315 923 ;
1355 864 1418 911 sit
1445 873 1613 912 tamen

279 939 330 988 in
355 958 407 989 re
430 942 645 1007 positum
681 950 829 1006 atque
865 950 1054 990 natura.
1127 942 1237 1007 Ego
1276 943 1426 1002 enim,
1463 959 1612 1008 quan-
1645 949 1724 994 95.

279 1025 386 1068 tum
422 1038 635 1086 auguror
671 1020 974 1085 conjectura,
1011 1028 1291 1086 quantaque
1326 1021 1528 1086 ingenia
1561 1022 1613 1070 in

279 1100 455 1148 nostris
486 1100 766 1149 hominibus
802 1117 906 1148 esse
942 1100 1106 1158 video,
1140 1117 1240 1148 non
1277 1100 1483 1165 despero
1507 1100 1614 1150 fore

280 1177 491 1242 aliquem
517 1179 799 1244 aliquando,
829 1181 911 1244 qui
950 1188 999 1228 et
1034 1179 1198 1228 studio
1222 1179 1428 1238 acriore,
1467 1197 1613 1243 quam

280 1273 369 1305 nos
405 1275 590 1317 sunmS,
627 1266 774 1322 atque
810 1258 1012 1317 fuimus,
1048 1267 1099 1306 et
1136 1258 1238 1306 otio
1276 1275 1335 1306 ac
1376 1258 1614 1308 facultate

280 1335 503 1384 discendi
536 1336 717 1401 majore
754 1353 811 1385 ac
849 1337 1131 1395 maturiore,
1174 1343 1223 1384 et
1263 1336 1429 1384 labore
1465 1345 1614 1401 atque

279 1413 519 1463 industria
551 1416 818 1479 superiore,
856 1431 969 1462 cum
1003 1431 1053 1461 se
1091 1415 1155 1462 ad
1190 1414 1512 1473 audiendum,
1546 1415 1612 1463 le-

276 1493 514 1556 gendum,
545 1493 958 1557 scribendumque
994 1492 1259 1551 dediderit,
1295 1493 1474 1541 existat
1503 1493 1613 1542 talis

277 1578 441 1618 orator
482 1570 675 1635 qualem
709 1572 1022 1635 quaerimus3
1068 1571 1151 1636 qui
1180 1570 1294 1636 jure
1329 1588 1428 1619 non
1455 1572 1610 1620 solum

275 1648 504 1709 disertus,
536 1650 623 1698 sed
648 1651 797 1698 etiam
824 1650 1059 1717 eloquens
1085 1651 1184 1698 dici
1208 1652 1362 1715 possit
1383 1669 1394 1698 :
1434 1652 1518 1715 qui
1541 1660 1612 1699 ta-

274 1744 408 1788 men,
450 1746 559 1777 mea
595 1730 858 1789 sententia,
905 1738 991 1778 aut
1024 1730 1106 1778 hic
1142 1738 1217 1778 est
1242 1729 1347 1794 jam
1391 1730 1612 1795 Crassus,

274 1814 379 1866 aut,
415 1808 453 1856 si
495 1809 602 1873 quis
642 1809 746 1873 pari
781 1808 933 1857 fuerit
956 1809 1176 1873 ingenio,
1200 1809 1439 1874 pluraque
1464 1826 1608 1873 quam

272 1884 374 1945 hic,
394 1895 446 1935 et
460 1888 690 1946 audierit,
711 1896 760 1936 et
777 1887 1031 1946 lectitarit,
1052 1896 1102 1936 et
1117 1889 1383 1952 scripserit,
1407 1888 1608 1955 paulum

271 1963 388 2017 ,huic
404 1965 588 2030 aliquid
605 1966 789 2030 poterit
812 1966 1010 2013 addere.

343 2043 459 2091 Hoc
494 2043 605 2092 loco
642 2044 904 2109 Sulpicius,
942 2044 1219 2109 Insperanti
1255 2045 1393 2103 mihi,
1428 2045 1606 2110 inquit,
1639 2052 1715 2103 96,

273 2129 326 2174 et
361 2122 559 2182 Cottae,
596 2123 683 2171 sed
717 2123 859 2172 valde
896 2124 1088 2188 optanti
1129 2124 1325 2189 utrique
1366 2132 1608 2185 nostrum,

275 2201 477 2260 cecidit,
524 2210 581 2250 ut
620 2203 669 2249 in
717 2203 864 2250 istum
907 2218 1202 2262 sermonem,
1245 2203 1436 2261 Crasse,
1479 2203 1608 2251 dela-

270 2281 527 2339 beremini.
600 2281 755 2330 Nobis
793 2282 924 2330 enim
960 2281 1057 2330 huc
1087 2281 1400 2330 venientibus
1427 2281 1607 2346 jucun-

272 2359 392 2409 dum
417 2362 532 2409 satis
556 2360 661 2410 fore
685 2361 963 2421 videbatur,
1005 2362 1063 2421 si,
1100 2378 1213 2409 cum
1251 2377 1337 2409 vos
1374 2360 1435 2408 de
1460 2363 1605 2411 rebus

270 2438 376 2489 aliis
399 2439 741 2505 loqueremini,
766 2448 933 2488 tamen
958 2457 1047 2489 nos
1083 2439 1268 2504 aliquid
1292 2456 1354 2488 ex
1379 2457 1604 2489 sermone

268 2527 434 2568 vestro
459 2520 693 2569 memoria
717 2520 922 2584 dignum
959 2520 1188 2585 excipere
1223 2537 1509 2586 possemus;
1547 2528 1604 2567 ut

271 2615 389 2655 vero
415 2599 612 2663 penitus
636 2600 686 2646 in
713 2616 820 2647 eam
856 2600 1011 2665 ipsam
1041 2600 1192 2648 totius
1223 2599 1367 2664 hujus
1402 2598 1479 2646 vel
1504 2607 1603 2647 stu-

272 2676 359 2737 dii,
404 2677 484 2726 vel
530 2677 741 2737 artificii,
798 2678 874 2726 vel
923 2677 1172 2727 facultatis
1220 2678 1603 2743 disputationem

271 2773 399 2822 pene
424 2757 646 2805 intimam
670 2757 922 2816 veniretis,
957 2757 1039 2805 vix
1076 2758 1347 2822 optandum
1371 2757 1511 2806 nobis
1534 2758 1604 2806 vi-

271 2823 495 2894 debatur.
543 2836 653 2901 Ego
670 2836 919 2906 enim,qui
938 2837 998 2887 ab
1022 2836 1225 2895 ineunte
1249 2845 1411 2886 aetate
1433 2837 1602 2887 incen-
1631 2839 1714 2889 97.
