2071 3508
259 1023 367 1069 171.

262 1651 368 1696 172.

261 1866 365 1935 38..

269 2434 375 2476 173.

395 443 449 480 54
867 444 943 482 DE
974 442 1241 485 ORATORE

397 566 511 598 cum
538 549 590 598 P.
619 549 880 601 Scaevolae
904 553 1056 602 frater
1075 563 1201 603 esset
1225 554 1394 603 solitus
1418 555 1462 603 ei
1491 570 1726 620 persaepe

398 628 582 689 dicere,
623 647 784 695 neque
816 631 951 679 illum
988 634 1039 680 in
1067 633 1180 697 jure
1217 634 1346 681 civili
1382 635 1495 682 satis
1532 635 1599 681 1111
1635 634 1727 682 arti

396 707 560 756 facere
596 726 755 773 posse,
797 711 887 758 nisi
926 712 1123 760 dicendi
1161 713 1350 777 copiam
1391 714 1726 761 assumsisset:

401 788 558 852 (quod
597 787 795 851 quidem
834 788 934 848 hic,
973 790 1054 853 qui
1094 807 1288 837 mecum
1320 790 1430 837 Cos.
1457 790 1571 849 fuit,
1600 790 1728 838 filius

400 865 502 929 ejus
529 876 601 914 est
627 875 920 914 consecutus
942 867 981 928 :)
1018 885 1177 932 neque
1204 886 1253 916 se
1279 877 1393 916 ante
1420 884 1588 916 causas
1613 868 1729 914 ami-

400 960 569 991 corum
607 954 818 992 tractare
856 954 1002 1009 atque
1028 963 1173 1009 agere
1200 947 1436 1011 coepisse,
1475 962 1620 1009 quam
1647 943 1730 1008 jus

401 1021 542 1070 civile
564 1022 830 1071 didicisset.
881 1024 1016 1078 Quid
1036 1041 1150 1072 vero
1174 1024 1255 1072 ille
1283 1025 1357 1071 M.
1380 1023 1538 1072 Cato?
1565 1039 1730 1070 nonne

401 1109 451 1148 et
477 1101 757 1164 eloquentia
782 1110 920 1149 tanta
943 1102 1057 1160 fuit,
1099 1111 1332 1166 quantam
1370 1102 1452 1149 illa
1486 1109 1730 1165 tempora,

399 1188 547 1242 atque
573 1180 654 1227 illa
679 1190 812 1227 aetas
853 1182 903 1227 in
940 1181 1032 1227 hac
1070 1181 1268 1228 civitate
1304 1180 1431 1228 ferre
1467 1180 1730 1227 maximam

396 1258 578 1322 potuit,
606 1265 655 1305 et
671 1256 795 1320 juris
822 1257 975 1304 civilis
996 1258 1215 1304 omnium
1240 1258 1595 1322 peritissimus?
1631 1257 1730 1305 Ve-

397 1327 674 1382 recundius
702 1335 795 1383 hac
838 1336 898 1382 de
938 1352 989 1383 re
1022 1335 1318 1398 jamdudum
1359 1335 1551 1399 loquor,
1598 1335 1732 1399 quod

397 1411 537 1459 adest
578 1413 651 1459 vir
688 1413 738 1459 in
778 1414 991 1461 dicendo
1034 1430 1251 1461 summus
1288 1430 1433 1477 quem
1459 1430 1553 1477 ego
1577 1429 1732 1461 unum

398 1498 642 1537 oratorem
668 1492 880 1540 maxime
905 1492 1145 1540 admiror:
1186 1492 1272 1540 sed
1290 1500 1455 1540 tamen
1479 1491 1612 1540 idem
1636 1491 1732 1539 hoc

400 1585 592 1633 semper
607 1569 690 1633 jus
716 1570 857 1618 civile
884 1570 1162 1619 contemsit.

466 1647 675 1706 Verum,
715 1648 945 1711 quoniam
984 1648 1257 1696 sententiae
1299 1656 1446 1712 atque
1489 1646 1733 1712 opinionis

401 1741 540 1774 meae
566 1725 786 1773 voluistis
826 1743 928 1773 esse
957 1727 1237 1790 participes,
1274 1726 1395 1773 nihil
1430 1725 1727 1784 occultabo;

403 1813 470 1863 et,
497 1805 659 1869 quoad
682 1813 873 1869 potero,
914 1806 1051 1852 vobis
1087 1822 1348 1870 exponam,
1387 1805 1506 1869 quid
1530 1805 1592 1852 de
1617 1820 1732 1868 qua·
1768 1815 1773 1861 ζ

403 1900 497 1947 que
523 1900 575 1930 re
600 1884 823 1931 sentiam.
896 1882 1105 1931 Antonii
1140 1883 1440 1931 incredibilis
1471 1882 1732 1947 quaedam,

403 1970 453 2010 et
477 1978 629 2025 prope
656 1961 912 2025 singularis
938 1969 988 2009 et
1013 1962 1179 2009 divina
1200 1962 1272 2009 vis
1296 1961 1483 2025 ingenii
1518 1961 1733 2020 videtur,

404 2041 595 2088 etiamsi
620 2040 713 2088 hac
740 2040 945 2088 scientia
961 2040 1085 2105 juris
1109 2041 1296 2089 nudata
1320 2041 1399 2099 sit,
1422 2056 1564 2104 posse
1587 2038 1733 2087 facile

404 2119 612 2166 caeteris
637 2119 782 2165 armis
806 2119 1098 2182 prudentiae
1124 2136 1292 2167 causas
1315 2119 1443 2166 tueri
1479 2127 1626 2182 atque
1652 2118 1734 2166 de-

404 2196 624 2244 fendere.
699 2196 1032 2251 Quamobrem
1073 2197 1154 2244 hic
1191 2198 1330 2245 nobis
1366 2197 1429 2244 sit
1463 2204 1732 2261 exceptus:

407 2281 628 2321 caeteros
651 2290 768 2321 vero
786 2290 886 2321 non
907 2273 1141 2321 dubitabo
1158 2275 1370 2338 primum
1389 2275 1595 2323 inertiae
1621 2290 1736 2322 con-

408 2351 641 2399 demnare
667 2353 911 2400 sententia
934 2369 1061 2411 mea,
1078 2362 1190 2416 post
1209 2354 1355 2401 etiam
1380 2353 1733 2417 impudentiae.

408 2430 539 2479 Nam
562 2430 766 2478 volitare
790 2431 840 2477 in
866 2430 990 2489 foro,
1024 2431 1223 2478 haerere
1248 2431 1298 2477 in
1314 2430 1426 2494 jure
1452 2447 1509 2478 ac
1544 2439 1735 2495 praeto-

408 2525 516 2556 rum
541 2509 883 2567 tribunalibus,
911 2508 1100 2572 judicia
1133 2508 1322 2572 privata
1350 2525 1639 2572 magnarum
1663 2525 1736 2557 re-

382 2603 516 2639 5rum
542 2587 695 2646 obire,
720 2587 771 2635 in
796 2588 970 2651 quibus
996 2603 1139 2651 saepe
1164 2603 1262 2634 non
1288 2588 1350 2635 de
1373 2587 1526 2646 facto,
1563 2587 1649 2635 sed
1674 2588 1736 2636 de

411 2666 657 2729 aequitate
695 2683 752 2714 ac
782 2665 895 2729 jure
937 2674 1183 2725 certetur-3
1214 2666 1403 2730 jactare
1429 2682 1479 2713 se
1503 2666 1554 2712 in
1580 2665 1737 2714 causis
1798 2663 1801 2667 ’

412 2744 862 2803 centumviralibus,
897 2745 948 2792 in
987 2745 1161 2809 quibus
1196 2745 1573 2809 usucapfflnum,
1608 2751 1736 2792 tute-

409 2821 584 2881 larum,
630 2824 984 2887 gentilitatum,
1031 2823 1368 2888 agnationum,
1416 2822 1735 2880 alluvionum,

413 2900 873 2962 circumluvionum,
898 2918 1158 2961 nexorum,
1182 2901 1557 2966 mancipiorum,
1578 2900 1733 2966 parie-
