2071 3508
335 587 447 630 350.

331 874 435 936 86.

325 1288 434 1330 351.

319 1999 429 2040 352.

312 2711 423 2751 353.

477 462 558 501 214
951 459 1028 503 DE
1058 463 1326 504 ORATORE

562 570 771 620 Habetis
796 571 857 620 de
881 572 1189 621 inveniendis
1212 575 1357 623 rebus
1382 572 1802 638 disponendisque·

476 648 595 713 quid
614 650 836 698 sentiam.
909 651 1195 716 Adjungam
1216 652 1363 700 etiam
1384 651 1444 699 de
1465 653 1717 710 memoria,
1740 661 1799 700 ut

473 726 639 776 labore
660 729 888 777 Crassum
911 728 1089 788 levem,
1114 746 1275 793 neque
1296 730 1341 778 ei
1359 731 1625 795 quidquam
1644 730 1798 788 aliud,

474 805 537 855 de
562 824 659 872 quo
684 808 906 867 disserat,
930 808 1218 872 relinquam,
1255 808 1348 855 nisi
1373 825 1447 867 ea,
1473 811 1649 871 ouibus
1671 810 1795 858 haec

473 895 790 935 exornentur.
860 887 1018 951 Perge
1036 903 1171 944 vero,
1196 887 1355 949 inquit
1375 887 1605 935 Crassus:
1642 888 1797 937 liben-

470 972 548 1013 ter
572 965 702 1012 enim
735 973 786 1014 te
811 965 1067 1029 cognitum
1090 963 1194 1028 jam
1227 962 1481 1022 artificem,
1514 963 1796 1028 aliquando-

471 1060 567 1107 que
592 1043 844 1092 evolutum
879 1043 972 1091 illis
1006 1041 1360 1107 integumentis
1397 1041 1796 1092 dissimulationis

469 1129 602 1181 tuae,
621 1123 961 1187 nudatumque
978 1122 1223 1187 perspicio
1240 1142 1254 1181 3
1295 1130 1345 1170 et
1363 1122 1496 1186 quod
1515 1122 1635 1169 mihi
1654 1122 1791 1179 nihil,

468 1208 554 1249 aut
586 1202 719 1266 quod
759 1218 859 1250 non
900 1201 1112 1249 multum
1152 1200 1404 1265 relinquis,
1444 1201 1800 1266 percommode·

463 1279 605 1339 facis,
631 1287 802 1345 estque
826 1280 946 1327 mihi
970 1288 1182 1345 gratum.
1251 1280 1363 1330 Jam
1386 1281 1532 1339 istuc,
1551 1288 1791 1344 quantum

463 1358 554 1407 tibi
579 1376 673 1424 ego
697 1359 997 1424 reliquerim,
1021 1359 1182 1423 inquit
1208 1358 1477 1418 Antonius,
1513 1359 1606 1407 erit
1628 1359 1681 1406 in
1703 1366 1791 1407 tua

462 1445 725 1502 potestate.
798 1439 848 1486 Si
881 1438 1011 1486 enim
1044 1454 1159 1486 vere
1192 1455 1338 1502 agere
1362 1437 1589 1494 volueris,
1627 1437 1792 1486 omnia

462 1515 554 1564 tibi
588 1516 843 1580 relinquo:
897 1516 971 1564 sin
1013 1515 1335 1574 dissimulare,
1366 1523 1441 1574 tu,
1473 1515 1790 1579 quemadmo-

463 1595 582 1643 dum
606 1596 681 1643 his
706 1595 992 1653 satisfacias,
1015 1594 1211 1642 videris.
1283 1594 1397 1653 Sed,
1422 1602 1479 1642 ut
1501 1594 1564 1642 ad
1587 1611 1695 1643 rem
1715 1610 1790 1642 re-

462 1672 624 1731 deam,
648 1689 748 1720 non
768 1689 875 1720 sum
895 1679 1035 1720 tanto
1056 1688 1165 1735 ego,
1191 1671 1371 1734 inquit,
1396 1671 1612 1735 ingenio,
1639 1687 1789 1735 quan-

460 1758 514 1799 to
539 1750 899 1798 Themistocles
922 1749 1037 1807 fuit,
1072 1756 1129 1795 ut
1152 1747 1409 1796 oblivionis
1433 1756 1604 1805 artem,
1639 1765 1787 1812 quam

460 1828 744 1886 memoriae,
780 1827 976 1875 malim:
1014 1826 1320 1891 gratiamque
1355 1825 1514 1873 habeo
1548 1826 1786 1875 Simonidi

459 1904 530 1952 illi
560 1906 681 1964 Ceo,
713 1922 859 1969 quem
890 1905 1102 1969 primum
1131 1901 1299 1951 ferunt
1329 1912 1484 1951 artem
1522 1905 1788 1954 memoriae

458 1983 735 2048 protulisse.
806 1983 1000 2031 Dicunt
1024 1982 1174 2040 enirn,
1223 1997 1337 2029 cum
1363 1990 1597 2029 coenaret
1637 1982 1787 2030 Cran-

457 2078 588 2111 none
613 2063 664 2109 in
689 2061 944 2110 Thessalia
968 2060 1243 2108 Simonides
1269 2060 1400 2125 apud
1426 2060 1654 2125 Scopam,
1688 2059 1784 2110 for-

458 2148 687 2188 tunatum
721 2140 971 2188 hominem
996 2147 1047 2186 et
1079 2138 1312 2197 nobilem,
1347 2139 1704 2204 cecinissetque
1732 2140 1785 2188 id

460 2234 673 2274 carmen,
709 2218 842 2282 quod
874 2218 924 2263 in
957 2233 1070 2264 eum
1105 2217 1393 2281 scripsisset,
1429 2217 1479 2264 in
1504 2234 1602 2281 quo
1630 2218 1786 2266 multa

459 2296 665 2345 ornandi
716 2312 879 2354 causa,
931 2299 1188 2358 poetarum
1229 2311 1383 2354 more,
1435 2295 1486 2341 in
1528 2295 1783 2344 Castorem

458 2376 640 2439 scripta
664 2382 714 2422 et
735 2373 986 2422 Pollucem
1005 2372 1227 2428 fuissent,
1254 2373 1398 2419 nimis
1423 2372 1561 2420 illum
1586 2373 1783 2421 sordide

457 2452 697 2501 Simonidi
739 2452 934 2506 dixisse,
984 2443 1035 2498 se
1082 2450 1340 2497 dimidium
1386 2449 1489 2514 ejus
1536 2451 1600 2509 ei,
1648 2452 1782 2514 quod

454 2538 630 2595 pactus
666 2538 810 2588 esset,
846 2546 934 2593 pro
970 2528 1053 2576 illo
1090 2528 1324 2586 carmine,
1361 2528 1630 2588 daturum;
1673 2529 1782 2576 reli-

455 2625 606 2673 quum
641 2625 670 2656 a
705 2608 802 2655 suis
827 2606 1138 2672 TyndaridiS,
1166 2621 1287 2669 quos
1322 2622 1479 2669 aeque
1513 2605 1774 2663 laudasset,

452 2694 660 2752 peteret,
687 2687 726 2733 si
752 2687 796 2734 ei
820 2685 1084 2733 videretur.
1156 2684 1310 2731 Paulo
1340 2692 1453 2748 post
1483 2700 1588 2732 esse
1611 2682 1779 2732 ferunt

451 2767 732 2814 nuntiatum
759 2764 1015 2822 Simonidi,
1050 2771 1106 2810 ut
1134 2763 1384 2827 prodiret;
1413 2762 1623 2827 juvenes
1648 2770 1774 2811 stare

451 2843 514 2891 ad
540 2842 744 2906 januam
780 2842 902 2890 duos
938 2841 1193 2905 quosdam,
1229 2841 1312 2904 qui
1338 2857 1452 2889 eum
1475 2857 1775 2906 magnopere

451 2929 743 2970 evocarent:
795 2919 1059 2970 surrexisse
1103 2918 1261 2979 illum,
1308 2919 1546 2984 prodisse,
1592 2918 1770 2967 vidisse
