2071 3508
453 449 532 486 348
638 452 649 463 ·
968 446 1045 484 DE
1074 445 1276 486 CLARIS

455 572 560 605 esse
582 555 850 621 perfectus.
920 556 1072 615 Nam,
1107 564 1164 604 ut
1200 554 1477 603 Stoicorum
1502 553 1783 603 adstrictior

455 645 530 685 est
553 636 727 695 oratio,
752 635 1101 700 aliquantoque
1128 635 1445 693 contractior,
1471 651 1617 698 quam
1643 650 1784 682 aures

453 714 624 781 populi
648 716 938 779 requirunt3
978 715 1047 762 sic
1079 714 1273 763 illorum
1298 714 1495 762 liberior
1537 721 1587 762 et
1621 713 1784 774 latior,

455 811 602 859 quam
642 795 830 859 patitur
878 794 1188 843 consuetudo
1236 793 1540 858 judiciorum
1583 801 1633 841 et
1673 791 1783 840 fori.

458 873 583 930 Quis
608 874 740 922 enim
764 873 962 922 uberior
995 873 1047 920 in
1083 872 1297 927 dicendo
1330 871 1573 920 Platone?
1609 871 1788 921 Jovem

456 953 596 1001 aiunt
628 952 922 1017 philosophi,
962 953 1001 1000 si
1037 952 1233 1001 Graece
1257 952 1505 1016 loquatur,
1541 951 1611 999 sic
1634 950 1786 1015 loqui.

458 1032 584 1089 Quis
605 1031 876 1086 Aristotele
894 1031 1171 1080 nervosior?
1209 1031 1554 1095 Theophrasto
1571 1030 1788 1080 dulcior?

457 1109 783 1160 Lectitavisse
810 1112 1066 1159 Platonem
1097 1111 1334 1169 studiose,
1370 1111 1614 1159 audivisse
1639 1111 1788 1159 etiam

457 1190 824 1238 Demosthenes
850 1190 1061 1238 dicitur:
1103 1190 1253 1253 idque
1285 1197 1489 1253 apparet
1511 1190 1562 1235 in
1586 1205 1790 1253 genere,

458 1276 509 1318 et
531 1270 813 1334 granditate
837 1269 1114 1317 verborum.
1170 1268 1313 1316 Dicit
1329 1268 1477 1315 etiam
1501 1268 1553 1315 in
1578 1267 1792 1332 quadam

458 1348 666 1413 epistola
705 1348 801 1396 hoc
836 1348 940 1412 ipse
977 1347 1039 1395 de
1077 1363 1196 1394 sese.
1270 1346 1368 1394 Sed
1393 1355 1443 1394 et
1466 1345 1612 1411 hujus
1636 1347 1793 1395 oratio

457 1428 508 1474 in
532 1427 892 1492 philosophiam
927 1426 1176 1483 translata,
1214 1427 1489 1490 pugnacior
1525 1429 1606 1491 (ut
1629 1427 1698 1476 ita
1723 1426 1794 1475 di-

460 1507 595 1568 cam)
619 1506 835 1565 videtur,
861 1513 912 1554 et
935 1505 1128 1553 illorum
1154 1505 1206 1552 in
1221 1504 1414 1569 judicia
1436 1506 1674 1570 pacatior.

319 1584 424 1647 32
525 1587 678 1634 Nunc
702 1585 1003 1649 reliquorum
1029 1593 1277 1632 oratorum
1304 1592 1510 1644 aetateS,
1547 1585 1585 1633 si
1609 1585 1793 1650 placet,

460 1673 511 1714 et
541 1665 722 1730 gradus
745 1680 1113 1730 persequamur.
1150 1664 1325 1712 *Nobis
1349 1681 1484 1723 vero,
1509 1666 1673 1728 inquit
1699 1665 1792 1714 At-

460 1745 604 1801 ticus,
627 1752 678 1792 et
691 1744 1014 1791 vehementer
1030 1742 1245 1806 quidem,
1272 1751 1329 1789 ut
1346 1759 1436 1806 pro
1462 1744 1617 1791 Bruto
1643 1743 1792 1792 etiam

460 1822 800 1887 respondeam.
874 1820 1025 1868 Curio
1060 1819 1156 1867 fuit
1190 1820 1341 1884 igitur
1374 1819 1593 1884 ejusdem
1619 1823 1794 1870 aetatis

459 1901 584 1961 fere,
626 1918 740 1949 sane
779 1899 978 1947 illustris
1017 1906 1198 1957 orator,
1235 1898 1375 1962 cujus
1401 1899 1462 1947 de
1486 1899 1689 1963 ingenio
1727 1917 1788 1949 ex

461 1980 765 2040 orationibus
806 1978 910 2042 ejus
951 1977 1219 2024 existimari
1259 1984 1438 2041 potest.
1511 1978 1635 2026 Sunt
1660 1979 1792 2027 enim
1863 1972 1868 1976 ”

463 2068 513 2109 et
549 2058 692 2117 aliae,
734 2064 785 2104 et
815 2073 905 2120 pro
943 2055 1044 2103 Ser.
1071 2054 1263 2114 Fulvio,
1290 2055 1352 2103 de
1378 2056 1588 2114 incestu,
1615 2057 1793 2106 nobilis

463 2138 635 2188 oratiO.
706 2135 865 2184 Nobis
890 2134 1091 2198 quidem
1116 2135 1298 2198 pueris,
1314 2135 1437 2183 haec
1463 2136 1684 2183 omnium
1709 2153 1794 2202 op-

464 2217 585 2265 tima
605 2215 891 2280 putabatur,
934 2230 1059 2277 quae
1094 2214 1178 2261 vix
1193 2213 1298 2277 jam
1325 2223 1578 2278 comparet
1612 2215 1664 2262 in
1698 2216 1792 2265 hac

462 2296 609 2342 turba
648 2308 888 2340 novorum
928 2291 1252 2338 voluminum.
1324 2291 1599 2351 Praeclare,
1634 2293 1796 2358 inquit

465 2373 667 2429 Brutus,
691 2377 840 2417 teneo
865 2369 948 2433 qui
972 2368 1115 2415 istam
1131 2368 1325 2416 turbam
1350 2367 1656 2417 voluminum
1681 2370 1795 2419 effe..

465 2450 603 2500 cerit.
675 2448 741 2495 Et
766 2464 878 2511 ego,
911 2447 1130 2509 inquam,
1166 2445 1410 2510 intelligo,
1447 2446 1618 2507 Brute,
1644 2465 1792 2513 quem

465 2529 616 2576 dicas.
689 2526 838 2574 Certe
881 2525 1011 2572 enim
1060 2532 1110 2572 et
1155 2524 1273 2572 boni
1314 2523 1500 2588 aliquid
1540 2526 1794 2588 attulimus

457 2604 730 2671 juventuti,
770 2601 1185 2667 magnificentius,
1228 2619 1374 2666 quam
1409 2602 1586 2661 fuerat,
1633 2621 1793 2668 genus

397 2711 405 2719 =
466 2683 685 2742 dicendi,
711 2690 762 2730 et
785 2681 1002 2730 ornatius
1021 2700 1031 2730 :
1060 2689 1111 2730 et
1134 2683 1394 2730 nocuimus
1417 2681 1641 2742 fortasse,
1659 2683 1793 2748 quod

464 2771 657 2811 veteres
697 2761 942 2809 orationes
982 2767 1094 2825 post
1134 2768 1342 2819 nostras,
1380 2776 1480 2808 non
1517 2777 1545 2807 a
1579 2777 1658 2808 me
1688 2761 1791 2825 qui-

466 2841 598 2898 dem,
623 2839 769 2903 (meis
793 2838 925 2887 enim
949 2837 1055 2885 illas
1079 2837 1354 2903 antepono)
1386 2838 1473 2887 sed
1495 2855 1524 2886 a
1545 2837 1792 2903 plerisque

464 2918 565 2982 legi
589 2925 704 2967 sunt
728 2917 930 2967 desitae.
1001 2917 1269 2978 Enumera,
1304 2917 1479 2983 inquit,
1511 2934 1591 2967 me
1614 2917 1666 2965 in
1689 2916 1790 2983 ple-
