2071 3508
413 407 494 444 336
917 402 998 441 DE
1028 401 1229 442 CLARIS

415 513 628 569 dinatus,
657 510 874 559 medium
902 511 1034 559 diem
1057 510 1227 570 fuisse,
1266 525 1413 574 quem
1437 515 1601 557 totum
1625 506 1745 558 GaI-

414 592 529 640 bain
589 591 640 638 in
694 590 1051 639 consideranda
1099 606 1245 637 causa
1304 588 1746 653 componendaque

414 667 635 734 posuisse
657 688 669 716 ι
709 677 777 728 et,
803 686 917 716 cum
943 668 1240 732 cognitionis
1267 668 1371 716 dies
1398 675 1543 726 esset,
1568 675 1619 715 et
1642 666 1749 730 ipse

417 749 637 797 Rutilius
676 756 852 812 rogatu
899 748 1143 795 sociorum
1186 748 1388 795 domum
1429 748 1492 795 ad
1533 746 1748 795 Galbam

416 844 561 875 mane
585 828 816 883 venisset,
843 834 900 874 ut
925 843 1038 874 eum
1063 826 1371 884 admoneret,
1392 835 1442 874 et
1460 826 1524 873 ad
1548 823 1750 873 dicendi

418 913 614 971 tempus
640 907 913 954 adduceret
935 927 947 964 3
987 922 1141 969 usque
1180 905 1337 964 illum,
1369 906 1532 969 quoad
1557 904 1601 952 ei
1626 918 1751 950 nun-

418 986 595 1033 tiatum
622 993 750 1033 esset
776 984 1000 1032 consules
1037 984 1369 1043 descendisse,
1407 984 1633 1031 omnibus
1669 998 1753 1030 ex·-

420 1064 568 1112 clusis
594 1071 984 1110 commentatum
1025 1062 1076 1108 in
1114 1062 1325 1125 quadam
1359 1062 1611 1110 testudine
1637 1075 1753 1109 cum

422 1143 572 1190 servis
597 1141 802 1189 literatis
826 1140 1007 1189 fuisse:
1047 1157 1256 1204 quorum
1294 1141 1428 1188 aliud
1459 1140 1539 1187 alii
1565 1140 1754 1187 dictare

422 1222 598 1271 eodem
623 1230 846 1285 tempore
873 1220 1043 1268 solitus
1069 1227 1212 1266 esset.
1269 1219 1478 1266 Interim
1495 1235 1610 1265 cum
1627 1224 1757 1265 esset

421 1302 466 1352 ei
507 1299 790 1348 nuntiatum
832 1307 1027 1363 teinpus
1070 1314 1193 1355 esse,
1237 1297 1395 1344 exisse
1437 1297 1488 1343 in
1525 1295 1672 1344 aedes
1697 1312 1759 1343 eo

420 1380 605 1438 colore,
632 1388 682 1428 et
706 1380 763 1427 iis
789 1378 962 1437 oculis,
988 1385 1045 1425 ut
1070 1377 1227 1441 egisse
1254 1393 1469 1432 causam,
1499 1381 1600 1424 non
1626 1392 1759 1424 com-

419 1466 696 1507 mentatum
737 1466 950 1522 putares.
1025 1456 1262 1504 Addebat
1305 1457 1472 1514 etiam,
1509 1455 1659 1520 idque
1695 1454 1760 1503 ad

419 1554 524 1586 rem
549 1538 797 1602 pertinere
821 1537 1046 1600 putabat,
1068 1535 1328 1599 scriptores
1349 1535 1456 1582 illos
1482 1533 1609 1582 male
1635 1533 1761 1581 mul-

425 1625 562 1666 catos
606 1617 763 1664 exisse
805 1632 918 1663 cum
955 1615 1131 1663 Galba.
1205 1615 1281 1661 Ex
1308 1632 1404 1678 quo
1432 1613 1760 1678 significabat,

427 1696 565 1744 illum
593 1713 692 1743 non
718 1696 766 1742 in
794 1695 988 1759 agendo
1014 1694 1186 1750 solum,
1227 1694 1312 1741 sed
1339 1693 1488 1741 etiam
1524 1693 1575 1740 in
1607 1687 1762 1740 medi-'-

427 1775 580 1824 tando
598 1774 946 1822 vehementem
967 1781 1114 1836 atque
1135 1773 1392 1820 incensum
1418 1771 1584 1819 fuisse.
1625 1769 1762 1827 Quid

427 1854 618 1901 multa?
656 1869 835 1917 magna
861 1853 1252 1916 exspectatione,
1272 1851 1493 1915 plurimis
1519 1850 1762 1898 audienti-

430 1933 538 1987 bus,
567 1948 730 1979 coram
757 1931 862 1994 ipso
888 1929 1076 1988 Laelio,
1116 1930 1184 1977 sic
1222 1928 1353 1976 illam
1381 1945 1598 1986 causam,
1623 1936 1764 1977 tanta

428 2011 496 2068 vi,
523 2019 758 2073 tantaque
797 2008 1038 2072 gravitate
1065 2007 1244 2054 dixisse
1271 2007 1498 2062 Galbam,
1537 2015 1594 2054 ut
1628 2006 1764 2055 nulla

429 2088 533 2136 fere
559 2105 669 2152 pars
695 2086 927 2144 orationis
953 2085 1147 2133 silentio
1170 2085 1533 2148 praeteriretur.
1586 2084 1763 2150 Itaque

430 2167 599 2215 multis
625 2166 853 2230 querelis,
890 2164 1141 2229 multaque
1178 2163 1490 2211 miseratione
1527 2163 1762 2221 adhibita,

433 2247 611 2303 socios,
638 2246 864 2293 omnibus
887 2243 1289 2308 approbantibus,
1326 2242 1407 2290 illa
1443 2243 1522 2291 die
1555 2243 1765 2307 quaesti-

356 2331 369 2335 ’
434 2340 529 2372 0116
554 2325 784 2372 liberatos
811 2340 932 2371 esse.

503 2403 579 2450 Ex
621 2402 713 2450 1136
755 2401 1008 2449 Rutiliana
1040 2401 1318 2449 narratione
1356 2401 1590 2465 suspicari
1625 2401 1762 2462 licet,

436 2499 551 2530 cum
577 2481 704 2528 duae
730 2497 948 2528 summae
987 2480 1083 2527 sint
1124 2480 1173 2526 in
1216 2488 1408 2527 oratore
1444 2480 1632 2539 laudes,
1665 2497 1765 2528 una

434 2559 678 2608 subtiliter
704 2559 1001 2622 disputandi,
1041 2559 1103 2606 ad
1129 2559 1441 2619 docendum3
1481 2559 1633 2607 altera
1656 2576 1766 2623 gra-

434 2640 562 2687 viter
586 2637 782 2703 agendi,
824 2637 886 2684 ad
922 2638 1108 2685 animos
1145 2638 1451 2685 audientium
1477 2654 1765 2702 permoven-

437 2718 559 2775 dos;
599 2717 852 2780 multoque
894 2717 1002 2781 plus
1037 2716 1261 2788 proficiat
1301 2716 1340 2763 is
1377 2716 1458 2780 qui
1494 2716 1766 2764 inflammet

432 2795 675 2860 judicem,
718 2812 861 2859 quam
905 2795 986 2842 ille
1023 2795 1106 2858 qui
1143 2795 1355 2842 doceat:
1396 2794 1690 2859 elegantiam
1713 2794 1765 2842 in

441 2873 630 2934 Laelio,
671 2875 770 2922 vim
805 2875 855 2922 111
882 2873 1041 2923 Galba
1065 2873 1231 2923 fuisse.
1305 2874 1447 2930 Quae
1472 2872 1670 2938 quidem
1693 2872 1766 2921 vis
