2071 3508
436 432 517 468 340
948 428 1026 467 DE
1056 428 1258 468 CLARIS

439 537 540 587 Sed
564 537 785 602 Pompeii
821 545 936 586 sunt
971 538 1153 603 scripta
1187 554 1281 586 nec
1311 537 1455 585 nimis
1481 543 1766 595 extenuata,

439 620 746 683 (quanquam
785 627 1010 667 veterum
1051 627 1126 668 est
1166 617 1358 680 similis)
1401 626 1452 666 et
1484 617 1632 683 plena
1653 633 1767 682 pru-

441 697 654 747 dentiae.

509 779 562 825 P.
591 778 819 826 Crassum
854 778 998 827 valde
1032 780 1294 843 probatum
1324 785 1569 826 oratorem
1593 777 1770 825 iisdem

439 856 544 905 fere
586 858 889 922 temporibus
925 857 1225 921 accepimus,
1261 858 1346 922 qui
1381 866 1432 906 et
1460 856 1664 922 ingenio
1687 871 1769 903 va-

439 935 551 995 luit,
578 945 629 985 et
653 938 835 996 studio,
871 946 923 986 et
946 937 1119 986 habuit
1143 937 1378 1002 quasdam
1404 937 1552 986 etiam
1579 936 1771 983 domes-

439 1015 563 1062 ticas
589 1015 885 1079 disciplinas.
957 1016 1087 1062 Nam
1115 1023 1165 1063 et
1190 1032 1304 1063 cum
1341 1032 1532 1063 summo
1557 1014 1641 1062 illo
1666 1030 1771 1062 ora-

439 1100 547 1142 tore
573 1093 741 1141 Servio
767 1093 946 1152 Galba,
972 1093 1111 1157 cujus
1137 1094 1195 1141 C.
1211 1093 1311 1141 filio
1334 1093 1483 1141 filiam
1508 1110 1645 1141 suam
1672 1091 1770 1141 col-

436 1171 705 1230 locaverat,
752 1171 987 1219 affinitate
1035 1188 1140 1219 sese
1182 1171 1505 1219 devinxerat:
1550 1180 1619 1230 et,
1655 1187 1770 1220 cum

437 1258 568 1298 esset
616 1251 669 1297 P.
720 1249 881 1297 Mucii
927 1249 1071 1306 filius,
1119 1249 1420 1314 fratremque
1461 1251 1668 1299 haberet
1714 1250 1769 1297 P.

438 1329 741 1385 Scaevolam,
781 1328 914 1376 domi
941 1329 1024 1392 jus
1055 1328 1198 1376 civile
1225 1337 1542 1394 cognoverat.
1613 1329 1770 1396 Inveo

437 1409 730 1457 industriam
769 1415 963 1467 constat
1001 1412 1242 1456 summam
1279 1408 1450 1468 fuisse,
1485 1408 1770 1456 maximam-

439 1505 536 1553 que
560 1488 785 1552 gratiam,
826 1504 941 1535 cum
971 1496 1022 1535 et
1047 1486 1387 1536 consuleretur
1409 1487 1694 1552 plurimum,
1721 1494 1773 1535 et

441 1567 647 1615 diceret.
710 1566 905 1614 Horum
930 1566 1172 1613 aetatibus
1197 1565 1420 1630 adjuncti
1445 1566 1545 1615 duo
1571 1566 1628 1614 C.
1647 1567 1770 1615 Fan-

440 1647 528 1705 nii,
565 1646 623 1694 C.
650 1653 700 1694 et
727 1645 801 1692 M.
828 1644 912 1691 filii
953 1643 1189 1692 fuerunt:
1229 1661 1438 1708 quorum
1477 1645 1585 1694 Caii
1625 1645 1770 1705 filius,

441 1725 525 1789 qui
567 1723 737 1772 consul
775 1740 888 1771 cum
925 1722 1150 1771 Domitio
1174 1721 1284 1779 fuit,
1322 1740 1472 1771 unam
1496 1723 1769 1772 orationem

440 1804 502 1852 de
528 1803 687 1858 sociis,
729 1810 779 1850 et
815 1801 1015 1849 nomine
1048 1801 1248 1860 Latino,
1285 1810 1457 1850 contra
1482 1801 1768 1850 Gracchum

439 1882 668 1946 reliquit3
708 1897 823 1929 sane
850 1888 900 1928 et
923 1881 1123 1939 bonam,
1149 1888 1200 1928 et
1224 1881 1455 1928 nobilem.
1517 1881 1650 1928 Tum
1678 1880 1770 1929 At-

440 1963 583 2018 ticus,
614 1960 751 2017 Quid
776 1960 928 2024 ergo?
966 1967 1105 2007 estne
1130 1959 1223 2007 ista
1247 1959 1422 2008 Fannii
1443 1960 1460 2007 ?
1496 1975 1612 2007 nam
1636 1959 1769 2007 varia

439 2041 607 2106 opinio
630 2039 795 2105 pueris
818 2038 961 2086 nobis
985 2046 1104 2086 erat.
1178 2037 1281 2086 Alii
1306 2056 1333 2086 a
1359 2039 1416 2087 C.
1444 2038 1625 2095 Persio,
1663 2037 1770 2087 lite-

439 2128 547 2168 rato
572 2119 791 2175 homine,
833 2116 1065 2181 scriptam
1101 2133 1205 2166 esse
1243 2117 1460 2176 aiebant,
1494 2116 1597 2175 illo,
1622 2132 1769 2180 quem

439 2197 686 2262 significat
707 2195 851 2243 valde
877 2195 1081 2244 doctum
1118 2212 1222 2244 esse
1248 2195 1470 2243 Lucilius
1491 2213 1503 2243 ε
1542 2195 1623 2242 alii
1647 2194 1770 2242 mul-

439 2286 517 2325 tos
541 2275 748 2333 nobileS,
768 2274 902 2337 quod
927 2274 1131 2337 quisque
1155 2273 1411 2337 potuisset,
1438 2273 1490 2320 in
1508 2272 1640 2320 illam
1666 2289 1770 2321 ora-

441 2355 628 2402 tionem
667 2351 948 2401 contulisse.
1020 2351 1151 2398 Tum
1178 2368 1289 2415 ego,
1327 2350 1515 2398 Audivi
1539 2350 1769 2414 equidem

442 2434 549 2489 ista,
588 2433 803 2496 inquam,
849 2430 910 2478 de
936 2428 1200 2493 majoribus
1224 2437 1363 2488 natu,
1402 2428 1490 2476 sed
1514 2445 1766 2493 nunquam

443 2529 566 2561 sum.
592 2511 855 2568 adductus,
897 2517 953 2556 ut
991 2508 1279 2568 crederem3
1319 2524 1527 2572 eamque
1569 2508 1770 2572 suspici-

443 2607 590 2639 onem
630 2597 831 2654 propter
871 2587 999 2635 hanc
1037 2604 1233 2635 causam
1270 2587 1419 2635 credo
1442 2586 1611 2646 fuisse,
1635 2588 1767 2652 quod

443 2671 659 2718 Fannius
678 2670 728 2716 in
754 2667 1084 2716 mediocribus
1104 2667 1376 2715 oratoribus
1394 2666 1590 2715 habitus
1616 2675 1764 2715 esset:

444 2750 600 2797 oratio
625 2756 791 2797 autem
816 2746 894 2794 vel
931 2746 1117 2810 optima
1153 2754 1280 2794 esset
1314 2745 1398 2793 illo
1423 2745 1622 2809 quidem
1645 2753 1767 2794 tem-

444 2845 563 2893 pore
610 2827 887 2875 orationum
936 2825 1172 2873 omnium.
1243 2824 1342 2873 Sed
1388 2840 1481 2873 nec
1528 2823 1766 2889 ejusmodi

444 2915 534 2962 cst,
561 2914 615 2953 ut
641 2922 669 2953 a
691 2904 912 2968 pluribus
931 2902 1138 2953 confusa
1159 2902 1385 2953 videatur
1405 2922 1417 2952 ε
1456 2905 1609 2968 (unus
1633 2902 1765 2952 enim
