2071 3508
776 403 993 445 TOPICA.
1469 410 1547 448 515

219 512 396 563 lestum
423 530 602 562 nomen
627 512 722 560 hoc
749 513 829 572 sit,
845 512 1140 577 juridicialis
1164 521 1385 561 vocetur.
1446 515 1548 564 Ha·

219 611 328 642 rum
355 607 609 642 causarum
644 591 841 653 propria
866 600 1159 653 argumenta
1184 606 1244 638 ex
1271 592 1327 638 iis
1353 602 1546 656 sumpta

218 673 354 729 locis,
393 687 513 735 quos
555 668 886 731 exposuimuS,
925 669 976 715 in
1008 669 1285 733 praeceptis
1324 672 1546 718 oratoriis

218 750 465 815 explicata
493 755 622 794 sunt.
697 744 956 794 Refutatio
995 755 1162 794 autem
1201 748 1544 805 accusationis,

215 831 268 877 in
303 845 400 894 qua
434 834 509 875 est
544 824 768 890 depulsio
794 825 1031 884 criminis,
1069 843 1194 889 quae
1220 826 1415 875 Graece
1445 828 1547 878 cim

216 908 414 964 dicitur,
453 905 633 954 Latine
674 903 950 969 appelletur
989 905 1188 953 Status:
1226 906 1277 952 in
1316 924 1413 970 quo
1450 908 1546 972 pri-

216 1004 352 1035 mum
378 985 558 1033 insistit
590 985 727 1049 quasi
764 984 827 1032 ad
861 985 1241 1049 repugnandum
1285 1002 1548 1051 congressa

215 1063 455 1112 defensio.
529 1063 698 1127 Atque
742 1063 889 1111 etiam
932 1063 983 1111 in
1025 1062 1459 1114 deliberationibus
1497 1075 1547 1114 et

214 1141 578 1191 laudationibus
619 1141 770 1188 iidem
812 1141 1033 1190 existunt
1075 1149 1244 1190 status,
1323 1143 1454 1191 Nam
1496 1154 1547 1192 et

216 1229 463 1285 negantur
488 1235 631 1282 saepe
658 1235 715 1266 ea
733 1218 918 1278 futura,
945 1236 1069 1283 quae
1095 1221 1154 1267 ab
1180 1219 1344 1285 aliquo
1366 1222 1418 1268 in
1439 1240 1546 1271 sen-

215 1299 374 1347 tentia
399 1299 533 1346 dicta
557 1306 672 1346 sunt
703 1297 828 1357 fore,
870 1299 909 1346 si
947 1307 1032 1347 aut
1069 1300 1270 1348 omnino
1305 1300 1409 1348 fieri
1445 1318 1545 1350 non

214 1387 439 1442 possunt,
481 1385 567 1424 aut
608 1377 711 1425 sine
754 1394 944 1425 summa
985 1377 1275 1427 difficultate
1312 1397 1411 1428 non
1435 1398 1545 1445 pos-

214 1464 344 1504 sunt.
418 1456 477 1502 In
503 1471 599 1520 qua
628 1456 1058 1519 argumentatione
1097 1465 1252 1505 status
1292 1459 1544 1523 conjectu-

214 1535 325 1582 ralis
351 1534 558 1582 exsistit.
631 1534 718 1590 At,
758 1551 873 1582 eum
898 1534 1083 1599 aliquid
1108 1535 1170 1583 de
1195 1536 1428 1597 utilitate,
1459 1539 1544 1588 lio-

213 1621 421 1669 nestate,
462 1613 712 1676 aequitate
755 1613 1028 1670 disseritur,
1077 1614 1238 1678 deque
1280 1617 1338 1663 iis
1379 1620 1542 1678 rebuS,

213 1708 338 1756 quae
379 1692 437 1738 iis
479 1699 595 1738 sunt
636 1691 941 1738 contrariae:
981 1691 1241 1741 incurrunt
1277 1704 1432 1745 status
1458 1710 1544 1748 aut

203 1768 349 1834 juris,
385 1777 471 1817 aut
494 1769 706 1816 nominis
728 1787 739 1816 :
779 1769 914 1832 quod
936 1770 1068 1818 idem
1096 1774 1343 1838 contingit
1366 1777 1418 1824 in
1442 1778 1544 1826 lau-

212 1849 509 1898 dationibus.
580 1848 712 1896 Nam
737 1855 824 1895 aut
847 1850 1018 1913 negari
1052 1860 1236 1915 potest,
1278 1854 1330 1901 id
1352 1854 1542 1905 facturn

213 1945 337 1987 esse,
379 1927 513 1992 quod
549 1926 810 1975 laudetur:
849 1935 935 1975 aut
979 1945 1078 1977 non
1120 1948 1179 1978 eo
1215 1934 1414 1983 nomine
1445 1937 1542 1984 affi-

212 2007 461 2064 ciendum,
503 2023 601 2070 quo
639 2006 866 2054 laudator
907 2009 1160 2070 affecerit,
1213 2022 1298 2060 aut
1339 2017 1542 2065 omnino

211 2103 314 2135 non
355 2103 460 2135 esse
499 2086 747 2135 laudabile
784 2087 918 2151 quod
955 2105 1055 2136 non
1096 2101 1252 2151 recte,
1295 2110 1395 2142 non
1427 2095 1541 2160 jure

212 2165 401 2215 factum
427 2166 504 2214 sit.
577 2165 771 2222 Quibus
792 2166 1018 2215 omnibus
1042 2172 1308 2232 generibus
1333 2191 1448 2223 usus
1468 2186 1542 2225 est

212 2246 356 2294 nimis
375 2245 691 2309 impudenter
707 2245 888 2293 Caesar
907 2255 1079 2296 contra
1096 2249 1338 2300 Catonem
1358 2271 1540 2304 meum.

213 2324 311 2372 Sed
337 2339 462 2388 quae
489 2339 550 2370 ex
576 2330 707 2370 statu
731 2325 988 2373 contentio
1008 2326 1234 2388 efficitur,
1260 2347 1367 2379 eam
1387 2334 1540 2384 Grae-

213 2403 260 2451 ci
284 2407 473 2464 κρινέμενεν
491 2411 689 2450 vocant.
750 2402 880 2450 Mihi
903 2404 1069 2469 placet
1093 2407 1162 2466 id,
1187 2413 1418 2473 quoniam
1440 2417 1543 2478 qui-

213 2481 327 2529 dem
354 2480 417 2528 ad
451 2488 501 2528 te
543 2481 722 2540 scribo,
758 2487 773 2509 ‘
810 2499 906 2546 qua
931 2483 992 2532 de
1022 2502 1075 2533 re
1116 2488 1316 2551 agitur,'
1359 2495 1539 2542 vocari.

216 2559 410 2616 Quibus
435 2567 600 2607 autem
626 2560 736 2616 hoe,
781 2578 878 2625 qua
912 2563 974 2610 de
1011 2581 1062 2612 re
1099 2567 1280 2630 agitur,
1319 2573 1541 2621 contine-

214 2645 312 2696 tur,
337 2637 460 2685 haec
486 2637 794 2686 continentia
818 2649 1077 2700 vocentur,
1105 2646 1240 2708 quasi
1266 2646 1541 2698 firmamen-

211 2725 264 2764 ta
294 2716 623 2766 defensionis:
663 2718 838 2781 quibus
880 2720 1101 2781 sublatis,
1144 2724 1368 2774 defensio
1408 2730 1543 2778 nulla

212 2796 291 2843 sit.
363 2796 479 2857 Sed,
516 2798 746 2862 quoniam
778 2798 888 2864 lege
913 2799 1096 2849 firmius
1121 2803 1170 2850 in
1198 2811 1542 2858 controversiis

212 2873 551 2941 disceptandis
587 2893 692 2926 esse
716 2877 838 2926 nihil
876 2879 1044 2940 debet,
1087 2881 1251 2932 danda
1275 2895 1349 2934 est
1373 2904 1540 2953 opera,

1069 2976 1101 3007 K
1125 2959 1157 3007 k
1195 2970 1225 3009 2
