2071 3508
635 374 803 413 LIBER
835 371 1142 412 SECUNDUS.
1486 378 1562 418 175

225 484 295 533 illi
320 485 521 542 scirent,
546 482 629 546 qui
654 481 1026 546 pollicerentur.
1096 479 1264 528 Locus
1290 489 1475 541 autem,
1513 493 1564 532 et
1595 491 1709 532 236.

226 565 365 629 regio
389 562 525 628 quasi
549 559 745 609 ridiculi
771 563 910 625 (nam
949 560 1001 608 id
1038 560 1263 624 proxime
1289 562 1564 625 quaeritur)

226 641 532 707 turpitudine
571 647 622 688 et
659 637 976 687 deformitate
1013 638 1225 703 quadam
1263 641 1564 689 continetur.

228 721 371 768 Haec
397 719 528 768 enim
553 718 777 767 ridentur
802 717 880 766 vel
906 717 1025 777 sola,
1064 717 1144 766 vel
1168 719 1402 778 maxime,
1439 737 1565 785 quae

224 806 400 847 notant
442 806 494 848 et
529 798 794 862 designant
830 797 1191 862 turpitudinem
1228 797 1440 862 aliquam
1466 816 1567 847 non

225 878 452 943 turpiter.
524 878 616 926 Est
655 885 843 937 autem,
877 880 959 941 (ut
996 876 1060 924 ad
1095 876 1233 925 illum
1258 878 1461 926 tertium
1488 888 1568 927 v'e-

225 957 382 1019 niam)
437 965 511 1006 est
557 956 705 1022 plane
753 956 959 1004 oratoris
1006 974 1205 1005 movere
1252 957 1436 1017 risum;
1488 957 1569 1007 vel

225 1037 359 1101 quod
396 1037 501 1102 ipsa
535 1036 754 1084 hilaritas
796 1035 1195 1085 benevolentiam
1232 1033 1468 1085 conciliat
1503 1038 1568 1096 ei,

223 1132 313 1181 per
354 1133 500 1181 quem
545 1116 764 1165 excitata
805 1126 879 1165 est
900 1137 913 1176 ;
966 1115 1045 1164 vel
1088 1117 1222 1180 quod
1263 1116 1570 1165 admirantur

226 1212 397 1244 omnes
445 1213 656 1245 acumen
704 1212 805 1244 uno
853 1212 999 1260 saepe
1046 1196 1097 1243 in
1135 1197 1288 1244 verbo
1333 1197 1570 1260 positum,

226 1276 442 1324 maxime
468 1275 833 1340 respondentis,
859 1291 1215 1339 nonnunquam
1243 1276 1391 1324 etiam
1416 1275 1569 1324 laces-

228 1355 380 1404 sentis
402 1376 416 1415 3
454 1355 534 1404 vel
567 1355 700 1419 quod
723 1355 911 1418 frangit
934 1355 1286 1413 adversarium,
1324 1356 1458 1419 quod
1481 1356 1570 1403 im-

225 1435 384 1499 pedit,
409 1435 543 1499 quod
568 1434 747 1492 elevat,
773 1434 905 1498 quod
933 1434 1171 1492 deterret,
1198 1434 1333 1497 quod
1356 1433 1566 1495 refutat3

227 1513 306 1562 vel
331 1514 466 1578 quod
489 1514 650 1578 ipsum
677 1521 922 1560 oratorem
946 1512 1158 1576 politum
1185 1529 1290 1560 esse
1315 1513 1571 1562 hominem

226 1592 490 1657 significat,
516 1592 652 1655 quod
676 1591 946 1650 eruditum,
967 1591 1102 1656 quod
1117 1593 1387 1660 urbanum3
1416 1595 1570 1642 maxi-

226 1688 404 1737 meque
430 1671 564 1737 quod
588 1671 839 1720 tristitiam
865 1688 923 1719 ac
949 1672 1264 1721 severitatem
1296 1673 1494 1738 mitigat
1519 1682 1570 1724 et

224 1751 432 1811 relaxat,
475 1751 768 1816 odiosasque
808 1768 885 1800 res
926 1768 1092 1817 saepe,
1118 1769 1238 1817 quas
1262 1755 1570 1818 argumentis
1600 1776 1610 1852 J

225 1831 347 1880 dilui
373 1848 473 1881 non
497 1830 646 1880 facile
673 1840 765 1891 est,
782 1832 903 1896 joco
927 1832 1127 1896 risuque
1144 1832 1380 1881 dissolvit.
1435 1834 1567 1892 Qua·
1600 1848 1716 1893 237,

225 1918 370 1961 tenus
395 1919 562 1960 autem
589 1911 687 1960 sint
710 1911 920 1961 ridicula
942 1912 1204 1961 tractanda
1228 1913 1428 1972 oratori,
1460 1931 1569 1979 per-

227 2007 375 2056 quam
401 1989 667 2054 diligenter
692 1990 963 2039 videndum
990 1999 1095 2051 est3
1122 1991 1175 2039 id
1200 1991 1335 2056 quod
1358 1992 1410 2040 in
1429 2009 1570 2057 quar-

227 2077 281 2118 to
304 2069 418 2118 loco
443 2069 714 2133 quaerendi
749 2086 1086 2134 posueramus.
1144 2070 1276 2118 Nam
1302 2088 1396 2120 nec
1420 2072 1572 2138 insig-

229 2150 303 2197 nis
328 2149 615 2214 improbitas
655 2158 706 2198 et
748 2148 922 2198 sceleri
938 2148 1135 2214 juncta,
1172 2167 1267 2199 nec
1291 2168 1457 2200 rursus
1482 2153 1570 2200 mi-

230 2229 356 2278 seria
379 2229 586 2294 insignis
623 2229 811 2293 agitata
845 2229 1068 2278 ridetur:
1106 2228 1409 2280 facinorosos
1437 2232 1569 2280 enim

228 2307 412 2374 majore
438 2309 650 2373 quadam
674 2309 741 2368 vi,
783 2325 931 2373 quam
967 2308 1179 2366 ridiculi,
1218 2309 1464 2359 vulnerari
1488 2329 1572 2360 vo-

227 2387 339 2437 lunt
360 2410 372 2449 3
412 2388 616 2436 miseros
658 2387 799 2436 illudi
837 2387 1029 2445 nolunt,
1057 2388 1150 2436 nisi
1176 2389 1215 2436 si
1241 2405 1293 2437 se
1317 2388 1447 2438 forte
1464 2390 1570 2455 jac-

228 2476 354 2516 tant.
427 2468 741 2518 Parcendum
784 2476 858 2517 est
905 2476 1072 2517 autem
1119 2469 1334 2517 maxime
1377 2470 1571 2517 caritati

229 2547 506 2606 hominum,
542 2563 605 2596 ne
641 2554 829 2596 temere
864 2547 916 2595 in
953 2564 1037 2597 eos
1062 2547 1216 2607 dicas,
1250 2548 1333 2612 qui
1359 2548 1572 2614 diligun-

231 2635 327 2674 tur.
658 2611 668 2622 ι

301 2703 444 2753 Haec
469 2704 623 2769 igitur
638 2704 922 2754 adhibenda
946 2712 1021 2753 est
1044 2705 1259 2770 primum
1283 2706 1335 2753 in
1351 2704 1571 2770 jocando
1605 2702 1710 2764 59.

231 2783 524 2833 moderatio.
598 2784 774 2849 Itaque
811 2801 870 2832 ea
904 2783 1137 2832 facillime
1159 2784 1421 2847 luduntur,
1445 2803 1570 2851 quae
1603 2800 1720 2841 238.

234 2879 398 2928 neque
423 2863 539 2916 odio
562 2881 764 2931 magno,
801 2881 963 2931 neque
997 2864 1335 2917 misericordia
1358 2867 1573 2918 maxima
