2071 3508
381 520 444 579 6.

369 612 447 654 20.

376 1076 454 1116 21.

382 1621 462 1661 22.

477 423 500 458 8
944 414 1021 457 DE
1051 408 1316 456 ORATORE

547 529 627 578 Ac
662 544 772 576 mea
806 528 1004 592 quidem
1041 525 1283 574 sententia
1316 538 1462 571 nemo
1489 519 1671 587 poterit
1694 530 1808 570 esse‘

480 607 614 656 omni
654 606 800 654 laude
840 606 1115 654 cumulatus
1157 610 1335 659 orator,
1373 601 1466 647 nisi
1514 601 1606 648 erit
1647 600 1800 648 omni-

479 702 564 733 um
610 703 773 733 rerum
810 700 1096 749 magnarum
1135 689 1281 744 atque
1327 678 1504 726 artium
1549 678 1808 726 scientiam-

483 772 793 812 consecutus.
865 763 1064 810 Etenim
1091 777 1153 808 ex
1178 775 1339 806 rerum
1366 756 1649 821 cognitione
1673 754 1803 802 efflo-

483 850 644 891 rescat
685 849 734 890 et
774 840 1020 889 redundet
1060 844 1255 903 op'ortet
1296 836 1480 894 orati03
1537 850 1680 897 quae,
1715 831 1808 879 nisi

485 923 653 970 subest
686 937 762 968 res
798 920 857 967 ab
894 925 1084 966 oratore
1113 922 1348 979 percepta
1377 921 1427 961 et
1463 912 1681 976 cognita,
1708 910 1810 957 ina-

485 1017 600 1048 nem
627 998 872 1063 quandam
895 996 1045 1043 habet
1071 993 1419 1051 elocutionem,
1457 998 1508 1039 et
1541 1005 1669 1054 pene
1691 1004 1810 1052 pue-

487 1079 643 1127 rilem.
702 1077 879 1139 Neque
903 1091 1022 1121 vero
1045 1089 1138 1137 ego
1161 1072 1257 1119 hoc
1276 1079 1470 1119 tantum
1485 1067 1646 1116 oneris
1660 1066 1813 1129 impo-

486 1174 620 1215 nam,
657 1154 834 1201 nostris
870 1152 1156 1215 praesertim
1192 1149 1463 1197 oratoribus
1486 1147 1538 1193 in
1560 1146 1654 1192 hac
1678 1149 1817 1191 tanta

488 1232 816 1295 occupatione
840 1228 972 1275 urbis
997 1244 1054 1274 ac
1077 1227 1226 1284 vitae,
1262 1225 1384 1272 nihil
1406 1233 1463 1272 ut
1485 1225 1542 1271 iis
1565 1230 1738 1288 putem
1759 1219 1815 1267 li-

490 1325 601 1359 cere
625 1306 816 1355 nescire
837 1323 849 1352 :
889 1318 1184 1367 quamquam
1206 1303 1279 1349 vis
1304 1302 1525 1359 oratoris,
1559 1298 1816 1364 professio-

490 1404 586 1452 que
617 1386 721 1450 ipsa
754 1384 882 1431 bene
920 1380 1138 1439 dicendi,
1173 1379 1269 1427 hoc
1305 1379 1551 1443 suscipere
1587 1394 1644 1425 ac
1678 1375 1823 1441 poni--

491 1466 593 1514 ceri
632 1464 875 1520 videatur,
918 1466 975 1507 ut
1011 1458 1144 1506 omni
1186 1458 1248 1505 de
1285 1473 1356 1515 re,
1392 1472 1716 1520 quaecunque
1757 1454 1820 1503 sit

492 1542 761 1609 proposita,
812 1540 871 1587 ab
931 1555 990 1586 eo
1043 1544 1213 1584 ornate
1261 1535 1555 1599 copioseque
1609 1534 1820 1581 dicatur.

496 1621 594 1671 Sed
635 1620 748 1685 quia
782 1633 883 1666 non
923 1615 1114 1673 dubito,
1156 1615 1274 1678 quin
1313 1613 1408 1661 hoc
1448 1612 1694 1676 plerisque
1731 1612 1821 1658 im-

494 1715 719 1748 mensum
756 1695 1100 1758 infinitumque
1131 1693 1375 1750 videatur,
1418 1698 1468 1739 et
1499 1690 1633 1755 quod
1667 1689 1820 1738 Grae-

495 1794 579 1826 cos
602 1776 844 1832 homines,
868 1789 968 1820 non
993 1771 1149 1819 solum
1173 1770 1374 1834 ingenio
1399 1776 1449 1816 et
1467 1769 1711 1827 doctrina,
1735 1767 1823 1816 sed

496 1856 644 1904 etiam
686 1853 787 1901 otio
829 1850 1090 1913 studioque
1136 1847 1461 1905 abundantes,
1506 1846 1854 1911 partitionem,

496 1932 742 1997 quandam
768 1929 945 1977 artium
970 1926 1145 1974 fecisse
1169 1925 1333 1984 video,
1349 1942 1509 1989 neque
1527 1926 1579 1973 in
1593 1925 1822 1972 universo

496 2026 679 2076 genere
704 2005 920 2070 singulos
946 2003 1234 2061 elaborasse,
1259 2003 1347 2050 sed
1369 2004 1640 2066 seposuisse
1664 2021 1692 2050 a
1717 2019 1825 2051 cae-

497 2088 615 2137 teris
654 2083 953 2133 dictionibus
992 2097 1099 2128 eam
1137 2087 1326 2143 partem
1364 2080 1582 2139 dicendi,
1618 2097 1743 2145 quae
1773 2082 1825 2128 in

498 2162 774 2214 forensibus
811 2158 1247 2223 disceptationibus
1275 2157 1575 2221 judiciorum
1600 2167 1686 2207 aut
1710 2159 1826 2207 deli-

500 2242 811 2292 berationum
837 2245 1130 2295 versaretur,
1150 2244 1199 2284 et
1218 2236 1269 2283 id
1292 2252 1446 2283 unum
1470 2253 1628 2301 genus
1646 2239 1826 2286 oratori
1872 2280 1882 2287 .

503 2319 755 2383 reliquisse
775 2337 787 2376 3
828 2333 927 2363 non
955 2315 1255 2378 complectar
1278 2316 1328 2361 in
1351 2315 1425 2362 his
1448 2314 1583 2363 libris
1602 2314 1826 2380 amplius,

505 2414 651 2462 quam
691 2395 823 2459 quod
853 2395 968 2442 huic
993 2394 1181 2458 generi,
1206 2410 1258 2440 re
1283 2392 1518 2457 quaesita,
1544 2400 1595 2441 et
1618 2393 1828 2441 multum

506 2476 771 2539 disputata,
804 2488 1103 2519 summorum
1128 2471 1380 2519 hominum
1410 2487 1562 2534 prope
1588 2485 1830 2519 consensu

463 2593 474 2605 .
508 2561 581 2602 est
609 2551 882 2599 tributum:
922 2558 1257 2613 repetamque,
1293 2564 1392 2595 non
1430 2549 1490 2595 ab
1521 2549 1831 2598 incunabulis

507 2637 701 2679 nostrae
717 2626 896 2674 veteris
910 2625 1206 2689 puerilisque
1223 2624 1475 2672 doctrinae
1494 2625 1739 2689 quendam
1759 2642 1832 2672 or-

508 2709 674 2756 dinem
689 2712 1064 2769 praeceptorum
1084 2723 1096 2762 3
1130 2702 1215 2749 sed
1240 2718 1314 2759 ea,
1335 2718 1458 2764 quae
1483 2702 1730 2765 quondam
1754 2719 1832 2750 ac-

510 2784 620 2848 cepi
643 2783 693 2829 in
718 2790 995 2830 nostrorum
1019 2781 1274 2828 hominum
1307 2779 1831 2843 eloquentissimorum,

512 2870 563 2911 et
597 2859 730 2909 omni
760 2859 1000 2923 dignitate
1029 2858 1325 2923 principum,
1364 2858 1692 2923 disputatione
1730 2874 1834 2907 esse
