2071 3508
256 2803 364 2866 79.

395 416 476 453 404
909 414 986 453 DE
1013 413 1214 454 CLARIS

399 530 538 573 sante
562 521 764 572 defendi
801 523 859 572 C.
886 523 1203 583 Cornelium3
1241 524 1291 571 in
1329 540 1426 587 quo
1452 531 1502 572 et
1527 540 1724 589 compo-2

400 604 548 651 situm
569 602 768 652 dicendi
791 619 968 667 genus,
994 611 1044 651 et
1062 619 1195 663 acre,
1219 610 1270 650 et
1288 603 1577 668 expeditum
1595 603 1721 651 fuit:

401 684 462 731 T.
490 682 707 730 Accium
741 681 1098 739 Pisaurensem,
1138 681 1278 746 cujus
1313 682 1616 730 accusationi
1650 698 1724 729 re-

399 761 576 830 spondi
613 777 704 826 pro
743 761 808 808 A.
836 760 1103 821 Cluenti03
1142 761 1225 825 qui
1251 769 1302 810 et
1325 769 1556 810 accurate
1592 761 1724 809 dice-

398 845 503 904 bat,
539 850 590 891 et
613 843 728 891 satis
757 842 973 906 copiose,
1009 849 1211 905 eratque
1250 849 1506 906 praeterea
1547 841 1730 890 doctus

402 922 743 986 Hermagorae
766 921 1044 985 praeceptis
1065 939 1077 969 :
1116 921 1292 985 quibus
1322 921 1413 968 etsi
1437 927 1728 969 ornamenta

399 1019 500 1051 non
525 1003 642 1062 satis
666 1002 830 1066 opima
855 1002 1070 1058 dicendi,
1111 1009 1296 1060 tamen,
1333 1009 1389 1048 ut
1417 1001 1585 1048 hastae
1609 999 1728 1047 veli-

400 1083 532 1131 tibus
572 1088 871 1139 amentatae,
918 1080 988 1128 sic
1029 1089 1144 1145 apta
1184 1080 1426 1143 quaedam
1468 1087 1520 1128 et
1557 1085 1729 1143 parata

401 1160 606 1225 singulis
630 1176 888 1209 causarum
911 1159 1176 1223 generibus
1211 1166 1504 1222 argumenta
1526 1157 1728 1206 tradun-

400 1246 497 1287 tur.
569 1239 744 1288 Studio
769 1245 935 1286 autem
955 1237 1226 1295 neminem,
1249 1253 1344 1284 nec
1364 1235 1606 1283 industria
1629 1252 1729 1284 maa>

394 1317 504 1383 jore
525 1317 736 1381 cognovi
757 1337 770 1376 3
810 1331 1091 1379 quanquam
1116 1331 1179 1363 ne
1203 1314 1405 1379 ingenio
1425 1314 1626 1378 quidem
1645 1314 1730 1378 qui

400 1394 721 1462 praestiterit,
771 1392 918 1441 facile
956 1392 1182 1449 dixerim,
1224 1392 1282 1440 C.
1315 1392 1495 1448 Pisoni,
1543 1407 1729 1456 genero

403 1492 531 1524 meo.
601 1472 809 1522 Nullum
833 1480 1028 1537 tempus
1064 1471 1133 1518 illi
1170 1488 1388 1535 unquam
1412 1472 1621 1520 vacabat
1644 1479 1730 1519 aut

403 1571 431 1602 a
455 1553 638 1602 forensi
663 1551 902 1609 dictione,
938 1558 1023 1598 aut
1047 1568 1075 1598 a
1100 1550 1519 1598 commentatione
1538 1550 1729 1598 domes-

402 1633 520 1692 tica,
556 1639 643 1680 aut
666 1649 694 1679 a
718 1630 998 1689 scribendo,
1033 1638 1119 1678 aut
1143 1647 1171 1677 a
1196 1630 1479 1694 cogitando.
1550 1630 1730 1694 Itaque

404 1718 569 1760 tantos
603 1727 861 1775 processus
898 1708 1158 1768 efficiebat,
1193 1716 1250 1756 ut
1275 1709 1486 1767 evolare,
1521 1724 1622 1756 non
1646 1724 1730 1756 ex-

405 1807 602 1839 curre-re
627 1789 911 1837 videretur:
951 1796 1153 1852 eratque
1177 1787 1438 1835 verborum
1481 1795 1531 1835 et
1568 1786 1730 1836 delec-

403 1876 484 1917 tus
509 1869 726 1934 elegans,
763 1876 813 1916 et
837 1875 966 1932 apta,
1005 1875 1056 1915 et
1081 1866 1218 1930 quasi
1240 1867 1452 1914 rotunda
1478 1874 1730 1915 construc-

404 1948 509 1996 tio:
548 1963 761 2011 cumque
803 1954 1097 2010 argumenta
1137 1945 1548 2009 excogitabantur
1585 1946 1645 1994 ab
1670 1962 1735 1994 eo

405 2026 579 2086 multa,
621 2034 672 2074 et
706 2026 844 2073 firma
867 2025 931 2073 ad
952 2024 1283 2089 probandum,
1324 2032 1430 2072 tum
1457 2025 1733 2073 concinnae

405 2113 680 2169 acutaeque
705 2105 979 2152 sententiae
1001 2122 1012 2151 :
1056 2111 1322 2168 gestusque
1358 2111 1534 2151 natura
1556 2103 1627 2151 ita
1649 2119 1731 2152 ve-

404 2191 596 2242 nustus,
633 2191 690 2230 ut
714 2200 789 2230 ars
814 2183 982 2240 etiam,
1021 2199 1147 2245 quae
1172 2198 1272 2229 non
1298 2191 1420 2241 erat,
1459 2190 1510 2231 et
1534 2199 1565 2230 e
1587 2182 1730 2230 disci-

404 2262 540 2327 plina
576 2269 739 2309 motus
779 2261 978 2325 quidam
1016 2261 1268 2308 videretur
1305 2261 1560 2309 accedere.
1631 2261 1730 2309 Ve-

404 2358 533 2400 reor,
569 2357 632 2388 ne
668 2357 833 2388 amore
862 2339 1031 2387 videar
1065 2339 1224 2404 plura,
1266 2357 1412 2404 quam
1451 2338 1638 2388 fuerint
1676 2341 1729 2388 in

406 2419 509 2478 illo,
545 2419 744 2466 dicere:
784 2417 918 2482 quod
951 2433 1051 2465 non
1086 2417 1156 2464 ita
1191 2426 1279 2465 est.
1327 2416 1468 2465 'Alia
1502 2417 1633 2465 enim
1666 2418 1735 2467 de

404 2497 489 2546 illo
529 2497 713 2562 majora
754 2496 855 2545 dici
888 2504 1109 2560 possunt.
1180 2496 1310 2544 Nam
1346 2513 1440 2544 nec
1464 2497 1729 2546 continen-

404 2576 488 2632 tia,
525 2592 620 2624 nec
644 2575 848 2640 pietate,
884 2591 978 2623 nec
1002 2574 1103 2623 ullo
1134 2591 1318 2638 genere
1343 2575 1537 2624 virtutis
1561 2592 1729 2640 quem-

403 2670 552 2718 quam
595 2653 815 2718 ejusdem
863 2653 1039 2703 aetatis
1085 2670 1199 2702 cum
1245 2653 1330 2702 illo
1370 2653 1730 2703 conferendum

401 2742 539 2797 puto.

468 2813 578 2862 Nec
620 2829 737 2861 vero
780 2811 861 2865 M.
883 2812 1110 2862 Coelium
1149 2812 1568 2877 praetereundum
1603 2811 1726 2861 arbi-

400 2898 520 2951 tror,
555 2908 897 2956 quaecumque
923 2891 1027 2958 ejus
1050 2892 1105 2941 in
1128 2892 1268 2941 exitu
1289 2890 1370 2941 vel
1393 2891 1610 2950 fortuna,
1645 2889 1726 2938 vel
