<?xml version="1.0" encoding="UTF-8"?>
<!DOCTYPE html PUBLIC "-//W3C//DTD XHTML 1.0 Transitional//EN"
    "http://www.w3.org/TR/xhtml1/DTD/xhtml1-transitional.dtd">
<html xmlns="http://www.w3.org/1999/xhtml" xml:lang="en" lang="en">
 <head>
  <title>
</title>
<meta http-equiv="Content-Type" content="text/html;charset=utf-8" />
  <meta name='ocr-system' content='tesseract 3.04.00' />
  <meta name='ocr-capabilities' content='ocr_page ocr_carea ocr_par ocr_line ocrx_word'/>
</head>
<body>
  <div class='ocr_page' id='page_1' title='image "./deoratorelibrit00ciceuoft_0197.png"; bbox 0 0 2071 3508; ppageno 0'>
   <div class='ocr_carea' id='block_1_1' title="bbox 649 396 1579 444">
    <p class='ocr_par' dir='ltr' id='par_1_1' title="bbox 649 396 1579 444">
     <span class='ocr_line' id='line_1_1' title="bbox 649 396 1579 444; baseline 0.009 -9"><span class='ocrx_word' id='word_1_1' title='bbox 649 397 817 436; x_wconf 81' lang='lat' dir='ltr'>LIBER</span> <span class='ocrx_word' id='word_1_2' title='bbox 848 396 1154 438; x_wconf 79' lang='lat' dir='ltr'>SECUNDUS.</span> <span class='ocrx_word' id='word_1_3' title='bbox 1445 435 1448 438; x_wconf 83' lang='lat'>.</span> <span class='ocrx_word' id='word_1_4' title='bbox 1504 404 1579 444; x_wconf 79' lang='lat'>189</span> 
     </span>
    </p>
   </div>
   <div class='ocr_carea' id='block_1_2' title="bbox 230 504 1580 2865">
    <p class='ocr_par' dir='ltr' id='par_1_2' title="bbox 230 504 1580 2391">
     <span class='ocr_line' id='line_1_2' title="bbox 241 504 1578 570; baseline 0.004 -18"><span class='ocrx_word' id='word_1_5' title='bbox 241 504 433 570; x_wconf 87' lang='lat' dir='ltr'>liquid;</span> <span class='ocrx_word' id='word_1_6' title='bbox 477 513 533 555; x_wconf 91' lang='lat' dir='ltr'>ut</span> <span class='ocrx_word' id='word_1_7' title='bbox 555 505 660 562; x_wconf 89' lang='lat' dir='ltr'>tibi,</span> <span class='ocrx_word' id='word_1_8' title='bbox 702 506 912 564; x_wconf 81' lang='lat' dir='ltr'><strong>Antoni,</strong></span> <span class='ocrx_word' id='word_1_9' title='bbox 951 505 1173 564; x_wconf 88' lang='lat' dir='ltr'>Mancia,</span> <span class='ocrx_word' id='word_1_10' title='bbox 1211 521 1325 554; x_wconf 87' lang='lat' dir='ltr'>cum</span> <span class='ocrx_word' id='word_1_11' title='bbox 1360 508 1578 559; x_wconf 81' lang='lat' dir='ltr'>audisset</span> 
     </span>
     <span class='ocr_line' id='line_1_3' title="bbox 243 584 1579 650; baseline 0.002 -18"><span class='ocrx_word' id='word_1_12' title='bbox 243 592 294 634; x_wconf 89' lang='lat' dir='ltr'>te</span> <span class='ocrx_word' id='word_1_13' title='bbox 321 601 571 634; x_wconf 88' lang='lat' dir='ltr'>censorem</span> <span class='ocrx_word' id='word_1_14' title='bbox 607 602 636 632; x_wconf 88' lang='lat' dir='ltr'>a</span> <span class='ocrx_word' id='word_1_15' title='bbox 673 584 747 632; x_wconf 91' lang='lat' dir='ltr'>M.</span> <span class='ocrx_word' id='word_1_16' title='bbox 792 585 1020 634; x_wconf 91' lang='lat' dir='ltr'>Duronio</span> <span class='ocrx_word' id='word_1_17' title='bbox 1056 585 1118 633; x_wconf 93' lang='lat' dir='ltr'>de</span> <span class='ocrx_word' id='word_1_18' title='bbox 1152 585 1340 634; x_wconf 90' lang='lat' dir='ltr'>ambitu</span> <span class='ocrx_word' id='word_1_19' title='bbox 1364 588 1579 650; x_wconf 83' lang='lat' dir='ltr'>postula-</span> 
     </span>
     <span class='ocr_line' id='line_1_4' title="bbox 243 663 1579 729; baseline 0.001 -17"><span class='ocrx_word' id='word_1_20' title='bbox 243 672 367 723; x_wconf 56' lang='lat' dir='ltr'>tunn</span> <span class='ocrx_word' id='word_1_21' title='bbox 403 663 900 729; x_wconf 51' lang='lat' dir='ltr'>afiquando,inqun5</span> <span class='ocrx_word' id='word_1_22' title='bbox 935 664 1026 712; x_wconf 71' lang='lat' dir='ltr'>fibi</span> <span class='ocrx_word' id='word_1_23' title='bbox 1070 672 1210 712; x_wconf 72' lang='lat' dir='ltr'>unnn</span> <span class='ocrx_word' id='word_1_24' title='bbox 1248 665 1579 729; x_wconf 71' lang='lat' dir='ltr'>negofflunia-</span> 
     </span>
     <span class='ocr_line' id='line_1_5' title="bbox 239 742 1577 807; baseline 0.002 -16"><span class='ocrx_word' id='word_1_25' title='bbox 239 760 357 807; x_wconf 86' lang='lat' dir='ltr'>gere</span> <span class='ocrx_word' id='word_1_26' title='bbox 391 742 577 792; x_wconf 85' lang='lat' dir='ltr'>licebit.</span> <span class='ocrx_word' id='word_1_27' title='bbox 648 743 810 792; x_wconf 87' lang='lat' dir='ltr'>Valde</span> <span class='ocrx_word' id='word_1_28' title='bbox 846 743 970 792; x_wconf 90' lang='lat' dir='ltr'>haec</span> <span class='ocrx_word' id='word_1_29' title='bbox 1007 743 1249 802; x_wconf 83' lang='lat' dir='ltr'>ridentur,</span> <span class='ocrx_word' id='word_1_30' title='bbox 1288 752 1339 792; x_wconf 87' lang='lat' dir='ltr'>et</span> <span class='ocrx_word' id='word_1_31' title='bbox 1374 744 1577 795; x_wconf 86' lang='lat' dir='ltr'>hercule</span> 
     </span>
     <span class='ocr_line' id='line_1_6' title="bbox 239 822 1579 889; baseline 0.001 -18"><span class='ocrx_word' id='word_1_32' title='bbox 239 822 422 882; x_wconf 87' lang='lat' dir='ltr'>omnia,</span> <span class='ocrx_word' id='word_1_33' title='bbox 459 839 585 887; x_wconf 90' lang='lat' dir='ltr'>quae</span> <span class='ocrx_word' id='word_1_34' title='bbox 627 840 655 871; x_wconf 90' lang='lat' dir='ltr'>a</span> <span class='ocrx_word' id='word_1_35' title='bbox 688 823 1034 889; x_wconf 82' lang='lat' dir='ltr'>prudentibus,</span> <span class='ocrx_word' id='word_1_36' title='bbox 1071 822 1208 887; x_wconf 84' lang='lat' dir='ltr'>quasi</span> <span class='ocrx_word' id='word_1_37' title='bbox 1232 839 1320 887; x_wconf 88' lang='lat' dir='ltr'>per</span> <span class='ocrx_word' id='word_1_38' title='bbox 1356 823 1579 873; x_wconf 90' lang='lat' dir='ltr'>dissimu-</span> 
     </span>
     <span class='ocr_line' id='line_1_7' title="bbox 234 901 1579 969; baseline 0.003 -20"><span class='ocrx_word' id='word_1_39' title='bbox 234 901 472 950; x_wconf 83' lang='lat' dir='ltr'>lationem</span> <span class='ocrx_word' id='word_1_40' title='bbox 509 918 609 950; x_wconf 85' lang='lat' dir='ltr'>nou</span> <span class='ocrx_word' id='word_1_41' title='bbox 644 902 974 968; x_wconf 89' lang='lat' dir='ltr'>intelligendi,</span> <span class='ocrx_word' id='word_1_42' title='bbox 1010 903 1314 952; x_wconf 81' lang='lat' dir='ltr'>subabsurde</span> <span class='ocrx_word' id='word_1_43' title='bbox 1356 904 1579 969; x_wconf 87' lang='lat' dir='ltr'>salseque</span> 
     </span>
     <span class='ocr_line' id='line_1_8' title="bbox 238 980 1579 1047; baseline 0.001 -17"><span class='ocrx_word' id='word_1_44' title='bbox 238 980 488 1030; x_wconf 89' lang='lat' dir='ltr'>dicuntur.</span> <span class='ocrx_word' id='word_1_45' title='bbox 562 982 638 1030; x_wconf 88' lang='lat' dir='ltr'>Ex</span> <span class='ocrx_word' id='word_1_46' title='bbox 664 999 762 1046; x_wconf 92' lang='lat' dir='ltr'>quo</span> <span class='ocrx_word' id='word_1_47' title='bbox 786 999 970 1047; x_wconf 83' lang='lat' dir='ltr'>genere</span> <span class='ocrx_word' id='word_1_48' title='bbox 996 990 1072 1031; x_wconf 91' lang='lat' dir='ltr'>est</span> <span class='ocrx_word' id='word_1_49' title='bbox 1097 983 1261 1040; x_wconf 89' lang='lat' dir='ltr'>etiam,</span> <span class='ocrx_word' id='word_1_50' title='bbox 1296 999 1397 1032; x_wconf 91' lang='lat' dir='ltr'>non</span> <span class='ocrx_word' id='word_1_51' title='bbox 1420 983 1579 1032; x_wconf 79' lang='lat' dir='ltr'>videri</span> 
     </span>
     <span class='ocr_line' id='line_1_9' title="bbox 237 1059 1580 1128; baseline 0.003 -21"><span class='ocrx_word' id='word_1_52' title='bbox 237 1059 516 1125; x_wconf 90' lang='lat' dir='ltr'>intelligere</span> <span class='ocrx_word' id='word_1_53' title='bbox 559 1062 693 1127; x_wconf 90' lang='lat' dir='ltr'>quod</span> <span class='ocrx_word' id='word_1_54' title='bbox 733 1061 1015 1126; x_wconf 81' lang='lat' dir='ltr'>intelligas3</span> <span class='ocrx_word' id='word_1_55' title='bbox 1071 1070 1129 1110; x_wconf 90' lang='lat' dir='ltr'>ut</span> <span class='ocrx_word' id='word_1_56' title='bbox 1154 1062 1432 1122; x_wconf 80' lang='lat' dir='ltr'>Pontidius,</span> <span class='ocrx_word' id='word_1_57' title='bbox 1463 1080 1580 1128; x_wconf 80' lang='lat' dir='ltr'>qua-</span> 
     </span>
     <span class='ocr_line' id='line_1_10' title="bbox 237 1139 1578 1206; baseline 0.002 -18"><span class='ocrx_word' id='word_1_58' title='bbox 237 1139 335 1188; x_wconf 92' lang='lat' dir='ltr'>lem</span> <span class='ocrx_word' id='word_1_59' title='bbox 379 1141 647 1200; x_wconf 84' lang='lat' dir='ltr'>existimas,</span> <span class='ocrx_word' id='word_1_60' title='bbox 690 1142 773 1206; x_wconf 90' lang='lat' dir='ltr'>qui</span> <span class='ocrx_word' id='word_1_61' title='bbox 808 1142 859 1189; x_wconf 91' lang='lat' dir='ltr'>in</span> <span class='ocrx_word' id='word_1_62' title='bbox 881 1141 1125 1190; x_wconf 89' lang='lat' dir='ltr'>adulterio</span> <span class='ocrx_word' id='word_1_63' title='bbox 1151 1142 1578 1206; x_wconf 87' lang='lat' dir='ltr'>deprehenditur?</span> 
     </span>
     <span class='ocr_line' id='line_1_11' title="bbox 237 1219 1578 1285; baseline 0.001 -18"><span class='ocrx_word' id='word_1_64' title='bbox 237 1219 451 1268; x_wconf 85' lang='lat' dir='ltr'>tardum.</span> <span class='ocrx_word' id='word_1_65' title='bbox 522 1221 595 1269; x_wconf 91' lang='lat' dir='ltr'>Ut</span> <span class='ocrx_word' id='word_1_66' title='bbox 620 1237 729 1285; x_wconf 88' lang='lat' dir='ltr'>ego,</span> <span class='ocrx_word' id='word_1_67' title='bbox 765 1221 848 1284; x_wconf 90' lang='lat' dir='ltr'>qui</span> <span class='ocrx_word' id='word_1_68' title='bbox 873 1221 924 1268; x_wconf 89' lang='lat' dir='ltr'>in</span> <span class='ocrx_word' id='word_1_69' title='bbox 950 1220 1170 1280; x_wconf 88' lang='lat' dir='ltr'>delectu,</span> <span class='ocrx_word' id='word_1_70' title='bbox 1208 1221 1438 1280; x_wconf 88' lang='lat' dir='ltr'>Metello,</span> <span class='ocrx_word' id='word_1_71' title='bbox 1464 1239 1578 1270; x_wconf 91' lang='lat' dir='ltr'>cum</span> 
     </span>
     <span class='ocr_line' id='line_1_12' title="bbox 239 1299 1580 1364; baseline 0.001 -18"><span class='ocrx_word' id='word_1_72' title='bbox 239 1299 610 1348; x_wconf 89' lang='lat' dir='ltr'>excusationem</span> <span class='ocrx_word' id='word_1_73' title='bbox 647 1299 903 1348; x_wconf 82' lang='lat' dir='ltr'>oculorum</span> <span class='ocrx_word' id='word_1_74' title='bbox 941 1317 968 1347; x_wconf 88' lang='lat' dir='ltr'>a</span> <span class='ocrx_word' id='word_1_75' title='bbox 992 1316 1072 1347; x_wconf 90' lang='lat' dir='ltr'>me</span> <span class='ocrx_word' id='word_1_76' title='bbox 1096 1316 1196 1347; x_wconf 90' lang='lat' dir='ltr'>non</span> <span class='ocrx_word' id='word_1_77' title='bbox 1222 1300 1490 1364; x_wconf 87' lang='lat' dir='ltr'>acciperet,</span> <span class='ocrx_word' id='word_1_78' title='bbox 1528 1308 1580 1348; x_wconf 88' lang='lat' dir='ltr'>et</span> 
     </span>
     <span class='ocr_line' id='line_1_13' title="bbox 238 1378 1578 1443; baseline 0.001 -19"><span class='ocrx_word' id='word_1_79' title='bbox 238 1378 461 1438; x_wconf 87' lang='lat' dir='ltr'>dixisset,</span> <span class='ocrx_word' id='word_1_80' title='bbox 512 1387 569 1427; x_wconf 89' lang='lat' dir='ltr'>tu</span> <span class='ocrx_word' id='word_1_81' title='bbox 611 1379 762 1443; x_wconf 88' lang='lat' dir='ltr'>igitur</span> <span class='ocrx_word' id='word_1_82' title='bbox 803 1379 925 1426; x_wconf 87' lang='lat' dir='ltr'>nihil</span> <span class='ocrx_word' id='word_1_83' title='bbox 963 1379 1100 1427; x_wconf 78' lang='lat' dir='ltr'>vides</span> <span class='ocrx_word' id='word_1_84' title='bbox 1122 1379 1138 1427; x_wconf 89' lang='lat'>?</span> <span class='ocrx_word' id='word_1_85' title='bbox 1176 1379 1287 1443; x_wconf 89' lang='lat' dir='ltr'>Ego</span> <span class='ocrx_word' id='word_1_86' title='bbox 1327 1395 1464 1438; x_wconf 85' lang='lat' dir='ltr'>vero,</span> <span class='ocrx_word' id='word_1_87' title='bbox 1506 1379 1578 1426; x_wconf 90' lang='lat' dir='ltr'>in-</span> 
     </span>
     <span class='ocr_line' id='line_1_14' title="bbox 238 1456 1578 1522; baseline 0.001 -17"><span class='ocrx_word' id='word_1_88' title='bbox 238 1474 404 1521; x_wconf 87' lang='lat' dir='ltr'>quam,</span> <span class='ocrx_word' id='word_1_89' title='bbox 430 1475 457 1505; x_wconf 91' lang='lat' dir='ltr'>a</span> <span class='ocrx_word' id='word_1_90' title='bbox 480 1465 623 1522; x_wconf 88' lang='lat' dir='ltr'>porta</span> <span class='ocrx_word' id='word_1_91' title='bbox 649 1456 904 1521; x_wconf 89' lang='lat' dir='ltr'>Esquilina</span> <span class='ocrx_word' id='word_1_92' title='bbox 921 1457 1069 1504; x_wconf 83' lang='lat' dir='ltr'>video</span> <span class='ocrx_word' id='word_1_93' title='bbox 1088 1456 1254 1504; x_wconf 87' lang='lat' dir='ltr'>villam</span> <span class='ocrx_word' id='word_1_94' title='bbox 1279 1465 1434 1505; x_wconf 89' lang='lat' dir='ltr'>tuam.</span> <span class='ocrx_word' id='word_1_95' title='bbox 1506 1457 1578 1506; x_wconf 92' lang='lat' dir='ltr'>Ut</span> 
     </span>
     <span class='ocr_line' id='line_1_15' title="bbox 236 1522 1578 1600; baseline 0.001 -17"><span class='ocrx_word' id='word_1_96' title='bbox 236 1535 359 1583; x_wconf 91' lang='lat' dir='ltr'>illud</span> <span class='ocrx_word' id='word_1_97' title='bbox 384 1522 615 1595; x_wconf 81' lang='lat' dir='ltr'>Nasicae,</span> <span class='ocrx_word' id='word_1_98' title='bbox 652 1536 735 1600; x_wconf 89' lang='lat' dir='ltr'>qui</span> <span class='ocrx_word' id='word_1_99' title='bbox 775 1553 889 1584; x_wconf 89' lang='lat' dir='ltr'>cum</span> <span class='ocrx_word' id='word_1_100' title='bbox 926 1537 990 1584; x_wconf 89' lang='lat' dir='ltr'>ad</span> <span class='ocrx_word' id='word_1_101' title='bbox 1026 1539 1225 1600; x_wconf 69' lang='lat' dir='ltr'>poetam</span> <span class='ocrx_word' id='word_1_102' title='bbox 1251 1536 1470 1584; x_wconf 86' lang='lat' dir='ltr'>Ennium</span> <span class='ocrx_word' id='word_1_103' title='bbox 1495 1554 1578 1585; x_wconf 82' lang='lat' dir='ltr'>ve·</span> 
     </span>
     <span class='ocr_line' id='line_1_16' title="bbox 235 1614 1578 1680; baseline 0.001 -17"><span class='ocrx_word' id='word_1_104' title='bbox 235 1616 406 1674; x_wconf 89' lang='lat' dir='ltr'>nisset,</span> <span class='ocrx_word' id='word_1_105' title='bbox 443 1615 587 1680; x_wconf 87' lang='lat' dir='ltr'>eique</span> <span class='ocrx_word' id='word_1_106' title='bbox 613 1616 673 1663; x_wconf 88' lang='lat' dir='ltr'>ab</span> <span class='ocrx_word' id='word_1_107' title='bbox 699 1614 826 1663; x_wconf 88' lang='lat' dir='ltr'>ostio</span> <span class='ocrx_word' id='word_1_108' title='bbox 851 1616 1109 1679; x_wconf 88' lang='lat' dir='ltr'>quaerenti</span> <span class='ocrx_word' id='word_1_109' title='bbox 1135 1615 1372 1675; x_wconf 91' lang='lat' dir='ltr'>Ennium,</span> <span class='ocrx_word' id='word_1_110' title='bbox 1398 1615 1578 1665; x_wconf 87' lang='lat' dir='ltr'>ancilla</span> 
     </span>
     <span class='ocr_line' id='line_1_17' title="bbox 234 1693 1575 1754; baseline 0.001 -12"><span class='ocrx_word' id='word_1_111' title='bbox 234 1694 456 1754; x_wconf 87' lang='lat' dir='ltr'>dixisset,</span> <span class='ocrx_word' id='word_1_112' title='bbox 510 1694 644 1742; x_wconf 90' lang='lat' dir='ltr'>domi</span> <span class='ocrx_word' id='word_1_113' title='bbox 681 1710 782 1742; x_wconf 94' lang='lat' dir='ltr'>non</span> <span class='ocrx_word' id='word_1_114' title='bbox 822 1710 927 1742; x_wconf 89' lang='lat' dir='ltr'>esse</span> <span class='ocrx_word' id='word_1_115' title='bbox 949 1714 962 1754; x_wconf 89' lang='lat'>;</span> <span class='ocrx_word' id='word_1_116' title='bbox 1008 1693 1193 1742; x_wconf 86' lang='lat' dir='ltr'>Nasica</span> <span class='ocrx_word' id='word_1_117' title='bbox 1229 1694 1398 1754; x_wconf 90' lang='lat' dir='ltr'>sensit,</span> <span class='ocrx_word' id='word_1_118' title='bbox 1439 1694 1575 1743; x_wconf 89' lang='lat' dir='ltr'>illam</span> 
     </span>
     <span class='ocr_line' id='line_1_18' title="bbox 233 1770 1574 1836; baseline -0.001 -15"><span class='ocrx_word' id='word_1_119' title='bbox 233 1773 421 1821; x_wconf 90' lang='lat' dir='ltr'>domini</span> <span class='ocrx_word' id='word_1_120' title='bbox 436 1771 578 1836; x_wconf 86' lang='lat' dir='ltr'>jussu</span> <span class='ocrx_word' id='word_1_121' title='bbox 603 1771 803 1830; x_wconf 87' lang='lat' dir='ltr'>dixisse,</span> <span class='ocrx_word' id='word_1_122' title='bbox 824 1779 875 1820; x_wconf 90' lang='lat' dir='ltr'>et</span> <span class='ocrx_word' id='word_1_123' title='bbox 898 1770 1038 1818; x_wconf 90' lang='lat' dir='ltr'>illum</span> <span class='ocrx_word' id='word_1_124' title='bbox 1063 1770 1197 1818; x_wconf 87' lang='lat' dir='ltr'>intus</span> <span class='ocrx_word' id='word_1_125' title='bbox 1227 1788 1364 1831; x_wconf 83' lang='lat' dir='ltr'>esse3</span> <span class='ocrx_word' id='word_1_126' title='bbox 1403 1772 1574 1836; x_wconf 85' lang='lat' dir='ltr'>paucis</span> 
     </span>
     <span class='ocr_line' id='line_1_19' title="bbox 230 1850 1575 1918; baseline -0.001 -17"><span class='ocrx_word' id='word_1_127' title='bbox 230 1861 343 1918; x_wconf 89' lang='lat' dir='ltr'>post</span> <span class='ocrx_word' id='word_1_128' title='bbox 367 1852 540 1901; x_wconf 89' lang='lat' dir='ltr'>diebus</span> <span class='ocrx_word' id='word_1_129' title='bbox 565 1869 680 1900; x_wconf 87' lang='lat' dir='ltr'>cum</span> <span class='ocrx_word' id='word_1_130' title='bbox 705 1851 769 1899; x_wconf 88' lang='lat' dir='ltr'>ad</span> <span class='ocrx_word' id='word_1_131' title='bbox 787 1851 1022 1899; x_wconf 89' lang='lat' dir='ltr'>Nasicam</span> <span class='ocrx_word' id='word_1_132' title='bbox 1046 1850 1264 1900; x_wconf 87' lang='lat' dir='ltr'>venisset</span> <span class='ocrx_word' id='word_1_133' title='bbox 1288 1851 1503 1910; x_wconf 73' lang='lat' dir='ltr'>Ennius,</span> <span class='ocrx_word' id='word_1_134' title='bbox 1524 1860 1575 1900; x_wconf 90' lang='lat' dir='ltr'>et</span> 
     </span>
     <span class='ocr_line' id='line_1_20' title="bbox 233 1929 1574 1996; baseline -0.001 -16"><span class='ocrx_word' id='word_1_135' title='bbox 233 1949 348 1980; x_wconf 90' lang='lat' dir='ltr'>eum</span> <span class='ocrx_word' id='word_1_136' title='bbox 374 1949 401 1979; x_wconf 91' lang='lat' dir='ltr'>a</span> <span class='ocrx_word' id='word_1_137' title='bbox 416 1931 572 1996; x_wconf 86' lang='lat' dir='ltr'>janua</span> <span class='ocrx_word' id='word_1_138' title='bbox 596 1938 871 1995; x_wconf 87' lang='lat' dir='ltr'>quaereret,</span> <span class='ocrx_word' id='word_1_139' title='bbox 907 1929 1154 1978; x_wconf 85' lang='lat' dir='ltr'>exclamat</span> <span class='ocrx_word' id='word_1_140' title='bbox 1178 1930 1379 1988; x_wconf 90' lang='lat' dir='ltr'>Nasica,</span> <span class='ocrx_word' id='word_1_141' title='bbox 1413 1946 1464 1978; x_wconf 92' lang='lat' dir='ltr'>se</span> <span class='ocrx_word' id='word_1_142' title='bbox 1490 1930 1574 1978; x_wconf 84' lang='lat' dir='ltr'>do-</span> 
     </span>
     <span class='ocr_line' id='line_1_21' title="bbox 234 2008 1575 2073; baseline -0.002 -14"><span class='ocrx_word' id='word_1_143' title='bbox 234 2011 301 2059; x_wconf 90' lang='lat' dir='ltr'>mi</span> <span class='ocrx_word' id='word_1_144' title='bbox 327 2028 427 2059; x_wconf 93' lang='lat' dir='ltr'>non</span> <span class='ocrx_word' id='word_1_145' title='bbox 453 2028 557 2059; x_wconf 89' lang='lat' dir='ltr'>esse</span> <span class='ocrx_word' id='word_1_146' title='bbox 580 2029 591 2058; x_wconf 75' lang='grc' dir='ltr'>ε</span> <span class='ocrx_word' id='word_1_147' title='bbox 631 2017 737 2058; x_wconf 90' lang='lat' dir='ltr'>tum</span> <span class='ocrx_word' id='word_1_148' title='bbox 778 2009 983 2065; x_wconf 82' lang='lat' dir='ltr'>Ennius,</span> <span class='ocrx_word' id='word_1_149' title='bbox 1023 2008 1177 2072; x_wconf 89' lang='lat' dir='ltr'>quid?</span> <span class='ocrx_word' id='word_1_150' title='bbox 1215 2024 1309 2072; x_wconf 90' lang='lat' dir='ltr'>ego</span> <span class='ocrx_word' id='word_1_151' title='bbox 1333 2024 1434 2056; x_wconf 90' lang='lat' dir='ltr'>non</span> <span class='ocrx_word' id='word_1_152' title='bbox 1459 2025 1575 2073; x_wconf 87' lang='lat' dir='ltr'>cog-</span> 
     </span>
     <span class='ocr_line' id='line_1_22' title="bbox 235 2086 1575 2151; baseline -0.001 -15"><span class='ocrx_word' id='word_1_153' title='bbox 235 2104 387 2137; x_wconf 89' lang='lat' dir='ltr'>nosco</span> <span class='ocrx_word' id='word_1_154' title='bbox 411 2104 600 2144; x_wconf 81' lang='lat' dir='ltr'>vocem,</span> <span class='ocrx_word' id='word_1_155' title='bbox 640 2087 814 2151; x_wconf 88' lang='lat' dir='ltr'>inquit,</span> <span class='ocrx_word' id='word_1_156' title='bbox 842 2087 1017 2135; x_wconf 88' lang='lat' dir='ltr'>tuam?</span> <span class='ocrx_word' id='word_1_157' title='bbox 1060 2086 1160 2134; x_wconf 92' lang='lat' dir='ltr'>Hic</span> <span class='ocrx_word' id='word_1_158' title='bbox 1187 2087 1388 2145; x_wconf 87' lang='lat' dir='ltr'>Nasica,</span> <span class='ocrx_word' id='word_1_159' title='bbox 1424 2087 1575 2136; x_wconf 89' lang='lat' dir='ltr'>homo</span> 
     </span>
     <span class='ocr_line' id='line_1_23' title="bbox 236 2165 1574 2232; baseline -0.001 -16"><span class='ocrx_word' id='word_1_160' title='bbox 236 2185 286 2216; x_wconf 91' lang='lat' dir='ltr'>es</span> <span class='ocrx_word' id='word_1_161' title='bbox 311 2167 605 2232; x_wconf 88' lang='lat' dir='ltr'>impudens:</span> <span class='ocrx_word' id='word_1_162' title='bbox 648 2182 742 2230; x_wconf 91' lang='lat' dir='ltr'>ego</span> <span class='ocrx_word' id='word_1_163' title='bbox 779 2182 893 2213; x_wconf 86' lang='lat' dir='ltr'>cum</span> <span class='ocrx_word' id='word_1_164' title='bbox 929 2173 980 2213; x_wconf 91' lang='lat' dir='ltr'>te</span> <span class='ocrx_word' id='word_1_165' title='bbox 1017 2182 1323 2229; x_wconf 87' lang='lat' dir='ltr'>quaererem,</span> <span class='ocrx_word' id='word_1_166' title='bbox 1365 2165 1574 2214; x_wconf 88' lang='lat' dir='ltr'>ancillae</span> 
     </span>
     <span class='ocr_line' id='line_1_24' title="bbox 235 2244 1573 2307; baseline -0.001 -12"><span class='ocrx_word' id='word_1_167' title='bbox 235 2256 350 2296; x_wconf 90' lang='lat' dir='ltr'>tuae</span> <span class='ocrx_word' id='word_1_168' title='bbox 377 2246 566 2295; x_wconf 88' lang='lat' dir='ltr'>credidi</span> <span class='ocrx_word' id='word_1_169' title='bbox 591 2253 641 2295; x_wconf 90' lang='lat' dir='ltr'>te</span> <span class='ocrx_word' id='word_1_170' title='bbox 667 2244 801 2293; x_wconf 89' lang='lat' dir='ltr'>domi</span> <span class='ocrx_word' id='word_1_171' title='bbox 825 2261 925 2293; x_wconf 93' lang='lat' dir='ltr'>non</span> <span class='ocrx_word' id='word_1_172' title='bbox 952 2261 1056 2295; x_wconf 89' lang='lat' dir='ltr'>esse</span> <span class='ocrx_word' id='word_1_173' title='bbox 1078 2265 1091 2307; x_wconf 81' lang='lat'><em>3</em></span> <span class='ocrx_word' id='word_1_174' title='bbox 1119 2252 1175 2293; x_wconf 88' lang='lat' dir='ltr'>tu</span> <span class='ocrx_word' id='word_1_175' title='bbox 1200 2244 1320 2293; x_wconf 89' lang='lat' dir='ltr'>mihi</span> <span class='ocrx_word' id='word_1_176' title='bbox 1345 2261 1445 2293; x_wconf 91' lang='lat' dir='ltr'>non</span> <span class='ocrx_word' id='word_1_177' title='bbox 1471 2261 1573 2294; x_wconf 86' lang='lat' dir='ltr'>cre-</span> 
     </span>
     <span class='ocr_line' id='line_1_25' title="bbox 235 2326 460 2391; baseline 0 -17"><span class='ocrx_word' id='word_1_178' title='bbox 235 2326 310 2374; x_wconf 84' lang='lat' dir='ltr'>dis</span> <span class='ocrx_word' id='word_1_179' title='bbox 334 2326 460 2391; x_wconf 90' lang='lat' dir='ltr'>ipsi?</span> 
     </span>
    </p>

    <p class='ocr_par' dir='ltr' id='par_1_3' title="bbox 232 2404 1573 2865">
     <span class='ocr_line' id='line_1_26' title="bbox 301 2404 1568 2470; baseline 0.001 -18"><span class='ocrx_word' id='word_1_180' title='bbox 301 2405 393 2453; x_wconf 88' lang='lat' dir='ltr'>Est</span> <span class='ocrx_word' id='word_1_181' title='bbox 414 2404 601 2453; x_wconf 91' lang='lat' dir='ltr'>bellum</span> <span class='ocrx_word' id='word_1_182' title='bbox 626 2404 749 2453; x_wconf 91' lang='lat' dir='ltr'>illud</span> <span class='ocrx_word' id='word_1_183' title='bbox 775 2421 986 2470; x_wconf 88' lang='lat' dir='ltr'>quoque,</span> <span class='ocrx_word' id='word_1_184' title='bbox 1015 2421 1077 2453; x_wconf 85' lang='lat' dir='ltr'>ex</span> <span class='ocrx_word' id='word_1_185' title='bbox 1102 2421 1199 2469; x_wconf 88' lang='lat' dir='ltr'>quo</span> <span class='ocrx_word' id='word_1_186' title='bbox 1223 2405 1279 2461; x_wconf 89' lang='lat' dir='ltr'>is,</span> <span class='ocrx_word' id='word_1_187' title='bbox 1318 2404 1403 2468; x_wconf 87' lang='lat' dir='ltr'>qui</span> <span class='ocrx_word' id='word_1_188' title='bbox 1429 2404 1568 2461; x_wconf 85' lang='lat' dir='ltr'>dixit,</span> 
     </span>
     <span class='ocr_line' id='line_1_27' title="bbox 232 2483 1572 2548; baseline -0.001 -17"><span class='ocrx_word' id='word_1_189' title='bbox 232 2483 464 2532; x_wconf 89' lang='lat' dir='ltr'>irridetur</span> <span class='ocrx_word' id='word_1_190' title='bbox 487 2485 539 2531; x_wconf 89' lang='lat' dir='ltr'>in</span> <span class='ocrx_word' id='word_1_191' title='bbox 564 2501 623 2532; x_wconf 90' lang='lat' dir='ltr'>eo</span> <span class='ocrx_word' id='word_1_192' title='bbox 648 2484 753 2548; x_wconf 89' lang='lat' dir='ltr'>ipso</span> <span class='ocrx_word' id='word_1_193' title='bbox 778 2500 978 2548; x_wconf 83' lang='lat' dir='ltr'>genere,</span> <span class='ocrx_word' id='word_1_194' title='bbox 1009 2483 1144 2547; x_wconf 87' lang='lat' dir='ltr'>quod</span> <span class='ocrx_word' id='word_1_195' title='bbox 1169 2483 1327 2543; x_wconf 88' lang='lat' dir='ltr'>dixit;</span> <span class='ocrx_word' id='word_1_196' title='bbox 1358 2491 1431 2542; x_wconf 89' lang='lat' dir='ltr'>ut,</span> <span class='ocrx_word' id='word_1_197' title='bbox 1459 2499 1572 2530; x_wconf 90' lang='lat' dir='ltr'>cum</span> 
     </span>
     <span class='ocr_line' id='line_1_28' title="bbox 236 2560 1572 2628; baseline -0.001 -18"><span class='ocrx_word' id='word_1_198' title='bbox 236 2563 300 2620; x_wconf 81' lang='lat' dir='ltr'>Q.</span> <span class='ocrx_word' id='word_1_199' title='bbox 329 2560 558 2625; x_wconf 90' lang='lat' dir='ltr'>Opimius</span> <span class='ocrx_word' id='word_1_200' title='bbox 583 2563 851 2611; x_wconf 86' lang='lat' dir='ltr'>consularis</span> <span class='ocrx_word' id='word_1_201' title='bbox 889 2562 996 2628; x_wconf 89' lang='lat' dir='ltr'>(qui</span> <span class='ocrx_word' id='word_1_202' title='bbox 1022 2561 1420 2610; x_wconf 84' lang='lat' dir='ltr'>adolescentulus</span> <span class='ocrx_word' id='word_1_203' title='bbox 1446 2561 1572 2609; x_wconf 89' lang='lat' dir='ltr'>male</span> 
     </span>
     <span class='ocr_line' id='line_1_29' title="bbox 234 2638 1573 2702; baseline -0.002 -12"><span class='ocrx_word' id='word_1_204' title='bbox 234 2639 475 2701; x_wconf 85' lang='lat' dir='ltr'>audisset)</span> <span class='ocrx_word' id='word_1_205' title='bbox 515 2639 694 2688; x_wconf 82' lang='lat' dir='ltr'>festivo</span> <span class='ocrx_word' id='word_1_206' title='bbox 730 2640 917 2690; x_wconf 90' lang='lat' dir='ltr'>homini</span> <span class='ocrx_word' id='word_1_207' title='bbox 953 2638 1117 2702; x_wconf 90' lang='lat' dir='ltr'>Egilio</span> <span class='ocrx_word' id='word_1_208' title='bbox 1172 2639 1281 2702; x_wconf 85' lang='lat' dir='ltr'>(qui</span> <span class='ocrx_word' id='word_1_209' title='bbox 1321 2638 1573 2687; x_wconf 85' lang='lat' dir='ltr'>videretur</span> 
     </span>
     <span class='ocr_line' id='line_1_30' title="bbox 234 2719 1571 2783; baseline 0 -15"><span class='ocrx_word' id='word_1_210' title='bbox 234 2721 441 2778; x_wconf 91' lang='lat' dir='ltr'>mollior,</span> <span class='ocrx_word' id='word_1_211' title='bbox 463 2738 558 2769; x_wconf 92' lang='lat' dir='ltr'>nec</span> <span class='ocrx_word' id='word_1_212' title='bbox 584 2721 737 2782; x_wconf 86' lang='lat' dir='ltr'>esset)</span> <span class='ocrx_word' id='word_1_213' title='bbox 758 2720 975 2776; x_wconf 86' lang='lat' dir='ltr'>dixisset,</span> <span class='ocrx_word' id='word_1_214' title='bbox 1004 2719 1123 2783; x_wconf 89' lang='lat' dir='ltr'>quid</span> <span class='ocrx_word' id='word_1_215' title='bbox 1148 2726 1219 2775; x_wconf 90' lang='lat' dir='ltr'>tu,</span> <span class='ocrx_word' id='word_1_216' title='bbox 1242 2719 1403 2783; x_wconf 90' lang='lat' dir='ltr'>Egilia</span> <span class='ocrx_word' id='word_1_217' title='bbox 1428 2721 1571 2768; x_wconf 88' lang='lat' dir='ltr'>mea?</span> 
     </span>
     <span class='ocr_line' id='line_1_31' title="bbox 236 2797 1573 2865; baseline -0.001 -17"><span class='ocrx_word' id='word_1_218' title='bbox 236 2801 433 2865; x_wconf 85' lang='lat' dir='ltr'>quando</span> <span class='ocrx_word' id='word_1_219' title='bbox 459 2801 522 2849; x_wconf 90' lang='lat' dir='ltr'>ad</span> <span class='ocrx_word' id='word_1_220' title='bbox 547 2817 625 2850; x_wconf 91' lang='lat' dir='ltr'>me</span> <span class='ocrx_word' id='word_1_221' title='bbox 651 2801 789 2850; x_wconf 80' lang='lat' dir='ltr'>venis</span> <span class='ocrx_word' id='word_1_222' title='bbox 815 2816 928 2849; x_wconf 87' lang='lat' dir='ltr'>cum</span> <span class='ocrx_word' id='word_1_223' title='bbox 953 2807 1040 2848; x_wconf 84' lang='lat' dir='ltr'>tua</span> <span class='ocrx_word' id='word_1_224' title='bbox 1065 2797 1177 2847; x_wconf 89' lang='lat' dir='ltr'>colu</span> <span class='ocrx_word' id='word_1_225' title='bbox 1204 2806 1254 2848; x_wconf 92' lang='lat' dir='ltr'>et</span> <span class='ocrx_word' id='word_1_226' title='bbox 1277 2797 1422 2848; x_wconf 88' lang='lat' dir='ltr'>lana?</span> <span class='ocrx_word' id='word_1_227' title='bbox 1455 2799 1573 2849; x_wconf 85' lang='lat' dir='ltr'>Non</span> 
     </span>
    </p>
   </div>
   <div class='ocr_carea' id='block_1_3' title="bbox 1610 756 1722 803">
    <p class='ocr_par' dir='ltr' id='par_1_4' title="bbox 1610 756 1722 803">
     <span class='ocr_line' id='line_1_32' title="bbox 1610 756 1722 803; baseline 0.009 -5"><span class='ocrx_word' id='word_1_228' title='bbox 1610 756 1722 803; x_wconf 79' lang='lat'><em>275.</em></span> 
     </span>
    </p>
   </div>
   <div class='ocr_carea' id='block_1_4' title="bbox 1610 1480 1706 1526">
    <p class='ocr_par' dir='ltr' id='par_1_5' title="bbox 1610 1480 1706 1526">
     <span class='ocr_line' id='line_1_33' title="bbox 1610 1481 1638 1520; textangle 90"><span class='ocrx_word' id='word_1_229' title='bbox 1610 1481 1638 1520; x_wconf 73' lang='grc' dir='ltr'>Ν)</span> 
     </span>
     <span class='ocr_line' id='line_1_34' title="bbox 1645 1480 1706 1526; textangle 90"><span class='ocrx_word' id='word_1_230' title='bbox 1645 1480 1706 1526; x_wconf 69' lang='grc' dir='ltr'>ἓξ</span> 
     </span>
    </p>
   </div>
   <div class='ocr_carea' id='block_1_5' title="bbox 1605 2421 1721 2468">
    <p class='ocr_par' dir='ltr' id='par_1_6' title="bbox 1605 2421 1721 2468">
     <span class='ocr_line' id='line_1_35' title="bbox 1605 2421 1721 2468; baseline 0 -5"><span class='ocrx_word' id='word_1_231' title='bbox 1605 2421 1721 2468; x_wconf 67' lang='grc' dir='ltr'>277Φ</span> 
     </span>
    </p>
   </div>
  </div>
 </body>
</html>
