2071 3508
406 370 487 407 5352)
830 369 1268 409 ANNOTATIONES
1298 367 1358 407 IN

405 462 444 494 “¹
459 470 608 517 balnea,
638 479 678 509 et
697 483 719 510 e
737 472 882 511 balneis
910 474 1032 511 lotum
1058 473 1201 524 egredi.
1259 472 1386 509 Voces
1404 469 1565 514 minime,
1595 475 1634 506 et
1653 465 1729 505 mir

405 541 432 560 “
460 549 557 583 rum,
577 536 674 575 adeo
693 537 804 575 simili
822 538 1018 576 literarum
1038 537 1159 575 ductu
1178 537 1411 581 scribuntur,
1439 543 1482 572 ut
1500 534 1726 572 festinantes

410 606 436 625 ‘⁶
464 601 606 639 librarii
625 602 738 641 facile
758 604 904 654 possint
925 605 1097 642 errare.’'

464 666 558 719 Pag.
582 670 668 710 178.
697 669 762 708 lin.
783 672 846 708 24.
902 684 1033 707 manus
1067 667 1190 719 lava.]
1253 669 1472 719 Exprobrat
1500 663 1734 703 facetissime

409 733 542 771 sordes
556 735 737 773 avaritiae
757 749 778 773 e
799 736 972 786 pecuniis
995 736 1128 786 captis.
1186 736 1423 772 ERNESTUS.
1556 728 1561 735 ⁸

466 799 561 851 Pag.
593 802 680 838 180.
708 800 773 837 lin.
807 805 867 838 14.
927 800 1062 838 Calvus
1093 800 1186 836 satis
1216 802 1306 848 est]
1368 798 1546 848 Intellige
1576 796 1653 833 hoc
1688 793 1737 831 de

414 865 531 903 Calvo
565 865 665 902 malo
692 873 843 903 oratore
863 866 1033 903 dictum:
1066 865 1206 902 Sensus
1227 872 1298 910 est,
1318 865 1348 901 si
1368 865 1480 915 plura
1499 863 1647 900 diceret
1665 859 1736 897 mi-

413 943 485 967 nus
503 931 604 968 bene
623 930 795 974 diceret3
819 932 899 981 jam
920 931 1035 976 istud,
1066 931 1170 981 quod
1198 930 1309 975 dixit,
1341 929 1431 967 satis
1459 935 1532 975 est,
1563 926 1652 978 quia
1671 937 1738 977 pa-

416 1009 500 1034 rum
525 996 615 1047 (seu
638 995 771 1046 paucis
790 995 937 1047 verbis)
969 995 1078 1032 dixit.
1136 995 1363 1033 Pssancms.

470 1061 564 1112 Pag.
588 1065 675 1100 182.
706 1061 769 1098 lin.
792 1065 829 1100 6.
884 1061 1014 1098 addito
1034 1061 1243 1113 ambigua]
1305 1061 1457 1111 Nempe
1485 1057 1581 1096 nihil
1609 1056 1706 1094 addo
1719 1072 1739 1099 ,2

417 1127 521 1179 quod
540 1135 599 1165 est
618 1141 670 1165 ex
698 1127 963 1165 auctionibus:
992 1140 1070 1164 non
1092 1127 1177 1178 plus
1196 1127 1338 1171 liceor;
1364 1126 1465 1163 habe
1495 1123 1565 1162 tibi
1595 1120 1740 1159 manci·

415 1193 533 1244 pium.
587 1194 826 1232 ERNESTUS.

470 1260 565 1311 Pag.
589 1263 675 1298 183.
704 1260 770 1297 lin.
794 1265 855 1297 12.
902 1260 1009 1312 Agas
1028 1258 1218 1309 asellum]
1273 1257 1523 1296 Proverbium
1542 1262 1614 1301 est,
1636 1254 1742 1306 Agas

416 1325 585 1372 asellum,
601 1327 633 1363 si
648 1325 772 1364 bovem
791 1338 993 1378 agercnon
1009 1339 1138 1376 queas,
1159 1325 1262 1376 quod
1281 1332 1363 1361 tum
1385 1324 1433 1362 de
1455 1321 1615 1361 Claudia
1627 1319 1740 1357 Asel-

415 1392 468 1439 lo,
502 1405 666 1443 quorum
698 1393 858 1443 gerebat
887 1391 1117 1437 inimicitias,
1151 1390 1349 1442 usurpavit
1374 1389 1514 1441 Scipio.
1570 1380 1741 1425 Tumm-

417 1470 505 1497 BUS.
554 1478 558 1482 »

472 1524 566 1576 Pag.
589 1527 677 1563 184.
704 1524 768 1561 lin.
788 1526 824 1561 2.
882 1524 943 1562 Ex
974 1525 1031 1563 tui
1049 1524 1168 1562 [mimi
1185 1523 1408 1573 sententia]
1468 1521 1583 1560 Lusit·
1599 1512 1742 1558 Nasica

392 1608 397 1610 >
417 1590 458 1627 in
499 1591 681 1641 ambiguo
723 1603 838 1628 sensu
874 1590 988 1640 hujus
1027 1590 1216 1628 dictionis.
1287 1588 1470 1632 Quinctil.
1513 1586 1638 1624 Instit.
1672 1584 1741 1622 Or.

416 1656 482 1694 lib.
503 1659 540 1694 8.
562 1669 596 1694 c.
623 1660 660 1695 5.
693 1656 758 1702 ait,
779 1656 959 1707 juraturi
991 1670 1035 1694 ex
1063 1656 1182 1693 animi
1205 1656 1324 1693 nostri
1357 1653 1541 1692 sententia
1573 1652 1742 1690 dicimus.

420 1723 688 1765 Quaerebatur
707 1735 730 1760 a
750 1735 908 1760 censore
929 1722 976 1759 de
1007 1722 1165 1773 singulis
1200 1721 1359 1767 civibus,
1381 1719 1650 1758 Habuerintne
1670 1731 1741 1756 ux—

420 1803 517 1834 ores,
552 1803 601 1827 an
627 1789 794 1827 coelibes
815 1788 980 1832 fuerint;
1008 1789 1249 1839 formulaque
1281 1787 1490 1839 quaerendi
1519 1787 1616 1824 haec
1646 1792 1742 1833 erat,

419 1856 480 1893 Ex
499 1855 618 1893 animi
635 1855 693 1892 tui
709 1855 949 1892 sententiata
966 1868 1113 1893 uxorem
1134 1853 1245 1891 habes
1257 1853 1278 1890 ?
1303 1854 1327 1890 i.
1348 1867 1381 1891 e.
1403 1853 1465 1890 dic
1484 1865 1574 1890 vere
1594 1859 1634 1889 et
1651 1852 1742 1899 fide,

419 1936 488 1961 seu
508 1922 611 1972 quod
629 1922 776 1959 animus
796 1929 885 1958 tuus
904 1922 1032 1959 sentit.
1090 1921 1229 1959 Catoni
1257 1921 1333 1958 hoc
1353 1920 1503 1970 roganti
1525 1919 1666 1956 Nasica
1683 1931 1743 1956 re-

418 1989 586 2040 spondit,
616 1989 705 2026 Non
731 1987 881 2026 hercule
899 2002 943 2025 ex
968 1989 1040 2026 mei
1070 1987 1188 2026 animi
1207 1986 1393 2025 sententia
1409 2002 1425 2030 ,·
1457 1985 1594 2036 quibus
1619 1984 1745 2023 verbis

420 2069 498 2093 non
518 2056 674 2106 negavit
695 2055 837 2093 Nasica
869 2068 910 2093 se
943 2068 1106 2093 uxorem
1139 2054 1340 2092 habuisse:
1370 2053 1438 2091 sed
1459 2052 1687 2104 significavit
1705 2065 1746 2091 se

420 2135 498 2159 non
518 2123 695 2160 habuisse
716 2135 876 2160 uxorem
893 2122 1022 2169 talem,
1037 2121 1188 2173 qualem
1203 2121 1323 2173 ipsam
1339 2119 1460 2158 voluit
1475 2132 1569 2158 esse.
1608 2119 1750 2156 PEAR-

421 2201 526 2227 CIUS.

474 2255 572 2293 Ibid.
602 2255 666 2293 lin.
691 2259 750 2294 10.
806 2256 868 2294 Ex
888 2256 1178 2306 immutatione]
1241 2255 1287 2293 Id
1305 2262 1365 2293 est
1383 2255 1587 2308 ἀλληγοςίᾳ,
1614 2261 1657 2291 ut
1675 2267 1741 2306 pa-

404 2328 476 2359 tet
497 2322 688 2371 exemplo,
718 2322 770 2360 Ut
789 2329 981 2360 sementem
985 2323 1147 2374 feceris,
1167 2322 1221 2359 ita
1237 2328 1362 2359 metes.
1408 2320 1525 2358 Verba
1544 2320 1740 2358 immutata

420 2395 509 2425 sunt
528 2387 808 2434 translationes,
843 2389 965 2439 tropi:
994 2396 1034 2426 at
1059 2388 1181 2426 oratio
1208 2387 1417 2433 immutata,
1453 2399 1541 2424 cum
1574 2393 1657 2425 tota
1683 2386 1743 2425 es't

421 2454 581 2505 tropica,
611 2454 651 2491 id
669 2462 739 2499 est,
766 2455 805 2492 in
825 2455 1016 2506 allegoria.
1073 2454 1310 2492 ERNESTUS.

474 2521 574 2558 Ibid.
612 2521 677 2559 lin.
714 2525 774 2559 18.
831 2521 1008 2559 turmales
1038 2521 1133 2559 dixit
1170 2520 1405 2573 displicere]
1469 2520 1626 2558 Statuae
1658 2526 1740 2557 tur-

420 2586 533 2624 males
552 2588 705 2638 proprie
726 2588 920 2635 dicuntur,
936 2596 976 2626 et
991 2588 1183 2626 translate.
1231 2587 1389 2638 Proprie
1409 2587 1535 2624 dictae
1555 2594 1644 2624 sunt
1662 2594 1741 2624 sta-

419 2661 508 2691 tuae
528 2661 747 2704 equestres:
778 2668 865 2692 nam
882 2663 1007 2693 turma
1025 2661 1114 2693 sunt
1133 2654 1319 2705 equitum,
1340 2662 1418 2691 non
1431 2653 1617 2704 peditum.
1664 2653 1741 2690 Im-

418 2720 570 2770 proprie
590 2727 630 2759 et
649 2721 830 2758 translate
852 2721 1032 2759 dicuntur
1058 2721 1246 2772 gregales,
1268 2728 1307 2759 et
1324 2720 1363 2757 in
1383 2720 1495 2758 turba
1515 2719 1740 2767 collocatae,

420 2786 633 2836 cujusmodi
652 2798 729 2823 non
749 2788 957 2838 expetebat
979 2787 1118 2838 Scipio,
1175 2787 1438 2825 STREBAEUS.

473 2850 567 2902 Pag.
590 2855 677 2892 186.
707 2852 772 2891 lin.
797 2857 859 2893 10.
911 2854 977 2892 sub
995 2854 1113 2893 Novis
1131 2854 1367 2904 distortum]
1423 2852 1499 2891 Sub
1519 2852 1639 2892 Novis
1658 2851 1739 2890 dic-¹
