2071 3508
716 397 884 435 LIBER
915 395 1222 438 SECUNDUS.
1567 407 1642 446 107

309 512 384 552 tra
430 504 670 568 collegam
719 521 894 553 censor
950 505 1140 565 habuit,
1196 507 1443 573 principio
1501 511 1642 568 dixit,

309 584 442 636 Quae
464 583 638 631 naturci
660 591 745 631 aut
757 584 972 646 fortumi
1007 587 1239 633 darentur
1273 587 1553 647 hominibus,
1594 591 1643 636 in

306 661 364 708 iis
398 664 539 710 rebus
566 677 615 710 se
654 664 778 711 vinci
810 679 952 726 posse
983 665 1137 713 animo
1163 682 1312 729 aequo
1343 668 1452 728 pati
1468 688 1487 724 ;
1526 683 1644 730 quae

304 739 396 802 ipsi
435 740 523 787 sihi
562 741 770 789 homines
803 760 987 805 parare
1015 752 1224 807 possent,
1264 745 1314 791 in
1349 745 1407 792 iis
1429 747 1572 793 rebus
1595 761 1645 793 se

297 819 405 880 pali
427 819 550 866 vinci
572 835 667 867 non
684 835 826 882 posse
846 841 859 866 .·
893 821 977 884 qui
1001 820 1223 870 laudabit
1249 823 1549 887 quempiam,
1574 824 1645 870 in-

305 896 499 962 telliget
524 897 822 962 exponenda
853 898 943 946 sibi
969 916 1075 947 esse
1100 898 1329 949 fortunae
1354 903 1499 951 bona.
1572 903 1646 951 Ea
1676 916 1756 957 46,

304 983 439 1035 sunt,
474 977 689 1041 generis,
725 977 987 1041 pecuniae,
1022 979 1432 1044 propinquorum,
1463 983 1644 1043 amico-

305 1071 434 1115 rum,
459 1073 625 1122 opum,
653 1056 968 1118 valetudinis,
987 1057 1189 1116 formae,
1212 1061 1410 1121 virium,
1434 1062 1644 1127 ingenii,

307 1143 713 1201 caeterarumque
754 1154 938 1197 rerum,
977 1155 1102 1203 quae
1146 1148 1262 1188 sunt
1296 1149 1382 1189 aut
1407 1144 1653 1208 corporis,

307 1223 393 1264 aut
417 1224 717 1277 extraneae3
757 1217 796 1265 si
830 1217 1077 1277 habuerit,
1111 1219 1241 1267 bene
1277 1219 1352 1268 his
1387 1238 1567 1281 usum,
1607 1223 1646 1270 si

307 1310 408 1343 non
445 1295 690 1355 habuerit,
729 1297 975 1361 sapienter
1023 1298 1277 1358 caruisse;
1334 1300 1372 1347 si
1411 1301 1648 1360 amiserit,

308 1374 562 1424 moderate
608 1375 793 1424 tulisse.
879 1376 1079 1424 Deinde
1127 1377 1247 1440 quid
1294 1378 1543 1441 sapienter
1588 1381 1646 1439 is,

308 1468 456 1516 quem
481 1454 669 1514 laudet,
695 1455 814 1519 quid
837 1454 1124 1514 liberaliter,
1145 1456 1264 1519 quid
1288 1456 1502 1516 fortiter,
1528 1459 1648 1521 quid

298 1531 454 1595 juste,
480 1533 599 1597 quid
624 1533 905 1598 magnifice,
931 1533 1051 1598 quid
1074 1535 1174 1599 pie,
1200 1535 1321 1599 quid
1343 1544 1503 1600 grate,
1529 1537 1649 1600 quid

306 1611 606 1671 humaniter,
641 1612 762 1676 quid
787 1612 1002 1677 denique
1028 1630 1142 1662 cum
1168 1614 1331 1679 aliqua
1353 1616 1537 1664 virtute
1563 1626 1649 1664 aut

304 1690 500 1750 fecerit,
526 1699 611 1739 aut
635 1691 820 1740 tulerit.
894 1692 1058 1752 Haec,
1085 1701 1135 1741 et
1161 1711 1286 1759 quae
1313 1696 1411 1744 sint
1435 1695 1538 1760 ejus
1563 1712 1647 1760 ge-

305 1770 455 1829 neris,
495 1770 642 1819 facile
683 1771 892 1831 videbit,
936 1773 1019 1836 qui
1056 1772 1193 1821 volet
1232 1773 1435 1824 laudare
1479 1792 1647 1840 quem-

302 1850 438 1915 piam
456 1870 470 1910 ;
510 1858 561 1898 et
586 1850 670 1914 qui
694 1851 994 1916 vituperare,
1021 1853 1283 1902 contraria.
1357 1855 1460 1903 Cur
1495 1857 1647 1920 igitur
1678 1865 1757 1909 47.

307 1929 523 1988 dubitas,
564 1929 726 1994 inquit
751 1929 975 1989 Catulus,
1013 1929 1179 1980 facere
1205 1932 1302 1981 hoc
1326 1935 1529 1982 tertium
1565 1953 1649 1999 ge-

307 2024 419 2067 nus,
445 2009 677 2073 quoniam
702 2008 831 2056 inest
855 2009 906 2056 in
930 2010 1121 2058 ratione
1141 2027 1306 2059 rerum
1328 2014 1345 2060 ?
1371 2029 1470 2061 non
1498 2015 1649 2074 enim,

308 2088 348 2135 si
374 2095 449 2136 est
472 2087 685 2148 facilius,
722 2106 782 2137 eo
819 2088 881 2137 de
918 2105 1126 2138 numero
1152 2108 1349 2156 quoque
1380 2102 1455 2141 est
1480 2110 1648 2142 excer-

305 2168 545 2233 pendum.
618 2168 750 2225 Quia
790 2168 924 2227 nolo,
963 2169 1142 2233 inquit,
1184 2171 1368 2230 omnia,
1406 2189 1532 2236 quae
1570 2190 1648 2222 ca·-

308 2247 436 2296 dunt
481 2248 747 2313 aliquando
794 2249 846 2296 in
888 2256 1153 2308 oratorem,
1196 2251 1418 2314 quamvis
1466 2252 1648 2317 exigua

306 2328 423 2388 sint,
463 2345 520 2378 ea
556 2330 626 2377 sic
662 2337 896 2387 tractare,
927 2329 1065 2393 quasi
1089 2329 1213 2377 nihil
1235 2331 1392 2395 possit
1416 2331 1515 2379 dici
1541 2333 1646 2381 sine

305 2407 585 2472 praeceptis
611 2408 724 2455 suis.
799 2408 929 2456 Nam
957 2415 1008 2456 et
1031 2409 1372 2458 testimonium
1399 2427 1544 2477 saepe
1576 2412 1646 2459 di-
1676 2419 1755 2459 48.

308 2485 524 2533 cendum
551 2493 644 2544 est,
680 2502 738 2533 ac
774 2501 1131 2550 nonnunquam
1159 2487 1306 2535 etiam
1333 2491 1643 2551 accuratius3

307 2572 366 2612 ut
390 2563 509 2611 mihi
533 2580 737 2612 necesse
761 2564 857 2612 fuit
881 2565 932 2611 in
959 2566 1094 2613 Sext.
1123 2565 1333 2625 Titium,
1359 2569 1647 2617 seditiosum

309 2642 469 2691 civem
496 2650 547 2690 et
570 2642 928 2692 turbulentum.
982 2643 1242 2708 Explicavi
1267 2645 1317 2691 in
1344 2662 1403 2693 eo
1428 2647 1648 2696 testimo-

310 2722 394 2770 nio
419 2721 635 2770 dicendo
660 2721 825 2769 omnia
850 2721 1055 2770 consilia
1079 2722 1364 2771 consulatus
1391 2726 1508 2785 mei,
1545 2727 1647 2790 qui-

309 2801 401 2850 bus
425 2799 496 2848 illi
518 2798 719 2848 tribuno
742 2798 899 2865 plebis
923 2815 1013 2865 pro
1037 2799 1293 2865 republica
1322 2802 1643 2863 restitisse1n3

311 2896 539 2946 quaeque
576 2879 637 2928 ab
679 2895 738 2928 eo
775 2885 948 2928 contra
981 2878 1338 2945 rempublicam
1367 2879 1499 2932 facta
1524 2883 1646 2943 arbi2
