2071 3508
707 364 875 402 LIBER
890 362 1142 403 TERTIUS.
1527 369 1608 408 233

276 488 493 537 unquam
516 487 612 529 reS,
646 479 842 533 praeter
882 471 1034 529 hunc,
1071 471 1434 536 tragicas-pene
1462 477 1611 524 comi-

279 568 354 609 ce,
391 551 552 599 tristes
576 549 795 607 remisse,
837 566 1028 597 severas
1053 548 1225 609 hilare,
1263 550 1482 600 forenses
1509 572 1611 603 sce-

279 630 391 677 nica
427 643 578 692 prope
619 635 880 675 venustate
922 628 1185 688 tractavit3
1242 636 1390 692 atque
1433 630 1519 689 ita,
1556 640 1613 679 ut

278 722 439 770 neque
471 705 618 770 jocus
659 706 1002 770 magnitudine
1043 723 1208 754 rerum
1244 707 1614 769 excluderetur,

277 801 372 834 nec
396 785 611 849 gravitas
636 784 829 832 facetiis
855 786 1196 834 minueretur?

344 864 480 912 Ecce
504 872 788 928 praesentes
813 864 913 912 duo
937 881 1090 929 prope
1115 865 1343 930 aequales
1369 866 1615 931 Sulpicius
1648 886 1726 926 31,

277 952 329 992 et
353 943 533 992 Cotta:
561 944 682 1008 quid
705 952 807 991 tam
832 944 961 992 inter
987 960 1037 992 se
1063 944 1330 994 dissimile?
1368 946 1488 1010 quid
1512 955 1614 995 tam

276 1023 329 1070 in
353 1040 442 1071 suo
465 1039 651 1088 genere
692 1024 978 1088 praestans?
1014 1024 1212 1072 limatus
1253 1023 1392 1082 alter,
1431 1033 1482 1074 et
1506 1028 1618 1076 sub-

279 1102 397 1162 tilis,
446 1119 550 1151 rem
599 1102 851 1167 explicans
891 1104 1101 1169 propriis
1142 1105 1367 1169 aptisque
1417 1107 1615 1167 verbis;

279 1182 453 1230 haeret
477 1182 528 1229 in
554 1199 701 1230 causa
725 1198 949 1246 semper3
996 1190 1063 1241 et,
1089 1182 1210 1246 quid
1224 1182 1385 1247 judici
1409 1186 1619 1249 proban-

283 1261 402 1309 dum
445 1261 525 1319 sit,
565 1277 677 1309 cum
721 1260 1001 1308 acutissime
1025 1260 1169 1320 vidit,
1198 1261 1386 1310 omissis
1412 1265 1619 1313 caeteris

284 1339 608 1404 argumentis,
649 1339 700 1385 in
726 1355 785 1386 eo
826 1347 1046 1386 mentem
1088 1340 1461 1406 orationemque
1504 1342 1620 1390 defi-

282 1418 372 1483 git.
446 1417 692 1482 Sulpicius
733 1426 900 1465 autem
937 1417 1203 1465 fortissimo
1228 1419 1444 1481 quodam
1469 1421 1618 1468 animi

285 1497 492 1561 impetu,
543 1494 826 1560 plenissima
872 1502 923 1542 et
969 1495 1184 1543 maxima
1229 1512 1373 1555 voce,
1432 1514 1622 1547 summa

286 1573 607 1623 contentione
635 1572 851 1637 corporis
888 1580 939 1620 et
964 1572 1208 1637 dignitate
1233 1582 1415 1634 motus,
1450 1578 1622 1625 verbo-

284 1670 394 1702 rum
434 1667 630 1717 quoque
668 1667 727 1698 ea
760 1651 1004 1714 gravitate
1029 1659 1080 1699 et
1121 1653 1264 1717 copia
1288 1662 1377 1711 est,
1415 1662 1472 1703 ut
1494 1673 1622 1705 unus

286 1733 350 1781 ad
375 1730 645 1781 dicendum
668 1728 1076 1777 instructissimus
1109 1747 1138 1778 a
1160 1739 1336 1780 natura
1361 1749 1465 1782 esse
1489 1734 1623 1784 vide·

285 1820 412 1861 atur.

354 1899 441 1948 Ad
481 1899 808 1965 nosmetipsos
840 1897 945 1962 jam
988 1905 1240 1958 revertor3
1280 1900 1512 1963 quoniam
1552 1901 1622 1950 sic
1682 1901 1746 1961 9,

287 1977 470 2026 fuimus
507 1992 702 2040 semper
743 1975 1034 2040 comparati,
1068 1984 1125 2022 ut
1162 1975 1419 2025 hominum
1445 1996 1624 2029 sermo·
1657 1994 1736 2034 32,

290 2056 434 2104 nibus
459 2054 596 2119 quasi
621 2054 672 2099 in
697 2053 898 2116 aliquod
923 2054 1256 2101 contentionis
1271 2053 1519 2117 judicium
1543 2076 1627 2108 vo-

292 2149 552 2183 caremur:
592 2131 711 2196 quid
735 2139 836 2178 tam
871 2130 1120 2186 dissimile,
1160 2148 1306 2195 quam
1343 2150 1438 2198 ego
1473 2136 1523 2183 in
1558 2138 1628 2185 di-

292 2213 470 2268 cendo,
510 2219 562 2259 et
598 2208 887 2257 Antonius?
926 2224 1039 2255 cum
1075 2207 1156 2257 ille
1192 2210 1232 2257 is
1269 2211 1331 2259 sit
1356 2223 1537 2274 orator,
1572 2228 1630 2267 ut

293 2291 416 2340 nihil
457 2307 517 2339 eo
563 2289 717 2354 possit
753 2304 858 2336 esse
894 2289 1256 2352 praestantius:
1312 2308 1407 2357 ego
1443 2304 1630 2358 autem,

294 2385 574 2436 quanquam
600 2375 787 2416 memet
810 2367 907 2414 mei
931 2367 1174 2432 poenitet,
1217 2386 1333 2418 cum
1358 2371 1453 2421 hoc
1479 2377 1631 2424 maxi-

295 2466 375 2498 me
412 2459 581 2498 tamen
616 2448 667 2494 in
710 2447 1078 2510 comparatione
1122 2447 1408 2514 conjungar.
1481 2453 1632 2505 Vide,

297 2529 440 2584 tisne‚
477 2544 636 2592 genus
659 2526 755 2574 hoc
782 2526 917 2590 quod
941 2526 1002 2573 sit
1030 2526 1274 2575 Antonii?
1315 2528 1459 2587 forte,
1487 2534 1632 2584 vehe·

299 2623 456 2664 mens,
494 2613 798 2652 commotum
840 2604 890 2650 in
929 2605 1142 2667 agendo,
1179 2609 1546 2669 praemunitum
1584 2622 1634 2662 et

302 2702 369 2743 ex,
405 2684 540 2732 omni
580 2691 719 2748 parte
760 2699 934 2730 causae
977 2691 1187 2747 septum,
1240 2701 1368 2742 acre,
1412 2698 1633 2753 acutum,

302 2762 637 2820 enucleatum,
674 2761 724 2808 in
763 2777 1056 2825 unaquaque
1095 2778 1146 2810 re
1189 2779 1516 2828 commorans,
1551 2770 1637 2820 ho.

303 2851 443 2892 ueste
469 2841 672 2900 cedenS,
723 2840 902 2889 acriter
942 2840 1224 2905 insequens,
1277 2851 1485 2906 terrenS,
1525 2865 1636 2916 sup-
