2071 3508
445 386 525 424 352
949 383 1026 422 DE
1057 381 1257 423 CLARIS

445 493 566 558 quid
599 493 703 542 fieri
737 500 903 557 potest
935 491 1230 558 perfectius)
1268 490 1504 540 eruditus.
1576 488 1772 538 Multae

441 572 614 621 literae
637 593 650 632 ;
690 588 878 620 summa
913 588 1014 619 non
1037 571 1169 618 vitae
1194 569 1351 618 solum
1377 577 1525 633 atque
1550 575 1775 628 naturae,

444 653 532 700 sed
573 651 805 700 orationis
844 651 992 699 etiam
1029 650 1268 709 comitas3
1307 649 1593 713 incorrupta
1628 664 1776 712 quae-

446 731 558 779 dam
599 730 765 779 Latini
801 730 1036 778 sermonis
1073 729 1363 793 integritas:
1403 745 1527 792 quae
1562 726 1777 793 perspici

445 826 559 858 cum
587 826 648 857 ex
674 809 975 857 orationibus
1001 807 1103 872 ejus
1129 816 1307 871 potest,
1329 815 1436 855 tum
1459 806 1693 855 facillime
1713 823 1777 854 ex

444 905 505 936 eo
529 889 671 948 libro,
697 905 842 952 quem
870 888 931 935 de
958 886 1215 935 consulatu
1255 895 1305 934 et
1347 886 1408 934 de
1444 887 1590 934 rebus
1624 885 1778 950 gestis

444 969 544 1016 suis
570 968 904 1031 conscriptum
930 966 1064 1014 molli
1107 976 1157 1014 et
1192 966 1778 1030 Xenophonteogenere

446 1047 698 1102 sermonis,
726 1046 858 1093 misit
882 1046 945 1093 ad
982 1045 1047 1092 A.
1075 1045 1292 1102 Furium,
1330 1049 1548 1109 poetam,
1572 1043 1779 1092 familia-

445 1143 549 1174 rem
575 1141 717 1173 suum
739 1143 751 1172 ε
791 1125 874 1188 qui
897 1124 1022 1172 liber
1045 1123 1200 1171 nihilo
1224 1124 1390 1172 notior
1414 1132 1507 1183 est,
1534 1141 1681 1190 quam
1705 1122 1778 1171 illi

443 1212 563 1263 tres,
600 1204 662 1251 de
705 1203 882 1267 quibus
923 1210 1038 1251 ante
1081 1201 1204 1260 dixi,
1240 1201 1411 1250 Scauri
1445 1201 1572 1250 libri.
1643 1202 1778 1250 Tum

446 1285 647 1342 Brutus,
675 1282 805 1330 Mihi
825 1282 1026 1346 quidem
1042 1298 1136 1330 nec
1156 1281 1248 1330 iste
1273 1289 1421 1329 notus
1446 1288 1539 1339 est,
1563 1296 1658 1329 nec
1682 1280 1777 1328 illi:

444 1363 533 1412 sed
557 1379 651 1411 nec
677 1379 788 1410 mea
811 1361 958 1426 culpa
988 1369 1094 1410 est:
1132 1377 1387 1426 nunquam
1424 1361 1557 1408 enim
1591 1360 1644 1408 in
1678 1376 1799 1408 mas

444 1459 537 1491 nus
562 1441 862 1490 inciderunt.
921 1441 1073 1489 Nunc
1099 1448 1265 1490 autem
1291 1448 1343 1488 et
1367 1457 1395 1487 a
1418 1447 1469 1488 te
1495 1456 1701 1496 sumam,
1729 1447 1781 1489 et

446 1521 735 1585 conquiram
759 1521 853 1568 ista
875 1519 1083 1582 posthac
1109 1519 1363 1567 curiosius.
1419 1519 1534 1567 Fuit
1557 1518 1710 1583 igitur
1727 1519 1781 1568 in

445 1600 626 1650 Catulo
668 1616 828 1648 sermo
870 1599 1111 1647 Latinus:
1151 1616 1276 1663 quae
1311 1588 1416 1647 laus
1453 1599 1655 1648 dicendi
1678 1615 1780 1649 non

445 1679 711 1730 mediocris
753 1680 815 1727 ab
852 1678 1126 1727 oratoribus
1161 1678 1407 1742 plerisque
1433 1678 1664 1742 neglecta
1687 1686 1780 1728 est.

446 1761 579 1810 Nam
605 1759 666 1808 de
693 1775 813 1807 sono
837 1758 988 1815 vocis,
1033 1765 1084 1806 et
1109 1758 1351 1806 suavitate
1376 1757 1781 1822 appellandarum

444 1840 714 1894 literarum,
759 1837 991 1902 quoniam
1029 1836 1183 1884 filium
1225 1838 1520 1901 cognovisti,
1558 1837 1660 1886 noli
1697 1853 1782 1886 ex-

448 1926 673 1984 spectare
699 1917 819 1980 quid
843 1917 1022 1964 dicam.
1095 1916 1393 1981 Quanquam
1428 1916 1554 1964 filius
1579 1915 1781 1982 quidem

445 2014 548 2046 non
571 1996 668 2044 fuit
682 1996 732 2042 in
758 2004 1007 2044 oratorum
1033 2011 1258 2054 numero,
1295 1995 1383 2043 sed
1413 2012 1513 2044 non
1539 1996 1712 2044 deerat
1735 1996 1784 2045 ei

445 2085 614 2126 tamen
638 2076 690 2122 in
714 2074 962 2122 sententia
985 2074 1200 2122 dicenda
1223 2091 1337 2123 cum
1361 2074 1645 2138 prudentia,
1673 2082 1784 2124 tum

447 2155 649 2218 elegans
685 2152 934 2216 quoddam
977 2161 1028 2201 et
1063 2152 1312 2201 eruditum
1349 2152 1582 2202 orationis
1605 2169 1783 2217 genUS.

447 2235 561 2283 Nec
585 2231 781 2279 habitus
820 2239 894 2278 est
928 2239 1096 2279 tamen
1125 2239 1267 2295 pater
1290 2231 1394 2295 ipse
1421 2229 1628 2279 Catulus
1649 2231 1784 2297 prin-

450 2328 567 2376 ceps
591 2311 642 2357 in
666 2325 873 2357 numero
895 2317 1216 2373 patronorum
1238 2326 1250 2356 :
1289 2309 1377 2358 sed
1412 2316 1518 2357 erat
1551 2309 1681 2369 talis,
1705 2318 1782 2371 ut,

450 2408 566 2440 cum
591 2388 828 2453 quosdam
854 2388 1062 2445 audires,
1103 2388 1186 2452 qui
1221 2395 1330 2436 tum
1366 2395 1507 2436 erant
1529 2396 1782 2452 praestan-

446 2478 542 2529 tes,
565 2469 818 2517 videretur
841 2483 945 2515 esse
982 2466 1216 2515 inferior:
1255 2483 1370 2515 cum
1412 2475 1578 2516 autem
1618 2468 1781 2532 ipsum

449 2550 644 2599 audires
668 2549 772 2596 sine
798 2547 1184 2612 comparatione,
1209 2563 1310 2595 non
1338 2547 1487 2596 modo
1513 2554 1781 2600 contentus

450 2646 598 2688 esseS,
636 2628 723 2676 sed
757 2626 931 2675 melius
967 2642 1066 2674 non
1103 2643 1378 2691 quaereres.
1450 2626 1513 2684 Q.
1542 2625 1781 2678 Metellus

449 2708 766 2767 Numidicus,
792 2716 842 2756 et
867 2705 970 2772 ejus
995 2705 1188 2771 collega
1213 2706 1288 2754 M.
1311 2706 1521 2766 Silanus,
1546 2704 1804 2755 dicebant

449 2788 512 2837 de
537 2787 790 2852 republica
826 2786 960 2851 quod
1000 2793 1130 2836 esset
1163 2785 1257 2835 illis
1291 2786 1425 2845 viris,
1461 2793 1513 2834 et
1535 2784 1780 2839 consulari

451 2868 681 2933 dignitati
706 2867 837 2918 satis·
910 2866 983 2918 M.
1013 2865 1247 2918 Aurelius
1272 2866 1483 2917 Scaurus
1507 2881 1608 2915 non
1631 2879 1778 2929 saepe
