2071 3508
767 342 985 388 TOPICA.
1467 356 1548 394 493

211 469 418 515 morem,
454 454 755 521 aequitatem
782 456 986 504 dividat.
1058 456 1259 505 Formas
1285 460 1367 522 qui
1402 471 1547 525 putat

208 533 343 582 idem
369 552 492 595 esse,
518 535 652 599 quod
674 543 858 598 partes,
890 533 1155 583 confundit
1180 545 1335 584 artem
1358 559 1370 597 ;
1412 549 1462 588 et
1487 543 1546 590 si.

209 614 490 663 militudine
515 613 727 678 quadam
753 614 1092 671 conturbatus,
1120 631 1221 663 non
1245 617 1361 664 satis
1381 628 1543 678 acute,

211 710 337 758 quae
362 702 477 742 sunt
501 693 820 750 secernenda,
862 693 1141 758 distinguit.
1215 694 1370 760 Saepe
1397 699 1547 747 etiam

210 768 453 819 definiunt
478 780 529 820 et
553 780 771 821 oratores
791 781 841 822 et
864 777 1040 838 poetae
1066 790 1155 838 per
1173 774 1547 825 translationem

209 851 365 910 verbi,
405 868 468 899 ex
508 851 850 912 similitudine,
896 869 1009 901 cum
1050 853 1262 918 quadam
1289 856 1548 905 suavitate.

211 929 311 979 Sed
335 947 430 995 ego
456 949 484 979 a
518 932 693 981 vestris
719 933 978 998 exempliS‚
1009 933 1102 981 nisi
1127 936 1421 993 necessario,
1450 953 1550 986 non

207 1011 458 1060 recedam.
538 1012 739 1061 Solebat
779 1013 932 1078 igitur
971 1013 1223 1078 Aquilius,
1266 1014 1459 1080 collega
1500 1026 1552 1066 et

208 1090 463 1140 familiaris
488 1110 647 1152 meus,
674 1110 788 1141 cum
816 1093 878 1142 de
902 1093 1130 1142 litoribus
1150 1104 1395 1159 ageretur,
1424 1113 1551 1161 quae

209 1171 377 1219 ,omnia
401 1173 602 1237 publica
639 1190 743 1220 esse
777 1173 944 1233 vultis,
984 1174 1336 1238 quaerentibus
1371 1176 1449 1235 iis,
1488 1177 1553 1226 ad

211 1267 334 1315 quos
361 1251 411 1298 id
429 1253 731 1316 pertinebat,
757 1253 878 1318 quid
903 1261 1031 1302 esset
1051 1253 1210 1311 Litus,
1238 1255 1307 1303 ita
1327 1255 1551 1318 definire,

213 1335 230 1357 ‘
267 1346 362 1394 qua
387 1331 569 1379 fluctus
596 1331 821 1381 eluderet
840 1336 871 1381 :’
909 1333 1005 1382 hoc
1032 1341 1124 1393 est,
1162 1334 1299 1398 quasi
1326 1336 1410 1399 qui
1436 1335 1554 1384 ado-

209 1409 517 1468 lescentiam,
562 1411 734 1460 florem
777 1412 984 1472 aetatis;
1038 1420 1365 1471 senectutem,
1410 1432 1552 1463 occa-

213 1505 322 1537 sum
360 1491 510 1550 vitae‚
546 1490 668 1540 velit
710 1491 931 1540 definire.
1016 1491 1364 1542 Translatione
1405 1502 1552 1543 utens

215 1570 506 1621 discedebat
552 1590 580 1620 a
626 1573 788 1620 verbis
850 1571 1061 1637 propriis
1113 1588 1279 1620 rerum
1328 1591 1386 1622 ac
1435 1576 1550 1623 suis.

214 1650 366 1708 Quod
398 1651 463 1699 ad
498 1651 815 1700 definitiones
849 1652 1049 1710 attinet,
1084 1651 1344 1701 hactenus.
1417 1654 1554 1702 Reli-

212 1747 310 1796 qua
332 1730 606 1780 videamus.

281 1811 555 1859 Partitione
581 1819 748 1859 autem
780 1813 850 1862 sic
885 1811 1132 1865 utendum
1158 1820 1251 1872 est,
1286 1812 1473 1861 nullam
1497 1822 1554 1864 ut
1588 1804 1647 1866 8.

211 1899 406 1956 partem
430 1891 709 1955 relinquas3
750 1898 807 1940 ut
842 1891 882 1938 si
905 1892 1076 1956 partiri
1100 1891 1222 1940 velis
1246 1892 1446 1952 tutelas,
1482 1893 1554 1941 in-

211 1972 430 2019 scienter
465 1969 636 2029 factas,
678 1971 716 2018 si
758 1970 910 2019 ullam
950 1972 1334 2035 praetermittas.
1406 1972 1480 2021 At
1515 1973 1556 2022 si

216 2049 594 2114 stipulationum
654 2059 740 2099 aut
801 2050 1108 2115 judiciorum
1165 2050 1401 2100 formulas
1447 2070 1555 2118 par-

216 2130 361 2189 tiare,
402 2146 503 2178 nou
541 2138 616 2178 est
650 2130 885 2179 vitiosum
925 2130 978 2177 in
1018 2146 1072 2178 re
1112 2130 1306 2182 infinita
1341 2140 1558 2197 praeter-

216 2210 417 2258 mittere
442 2209 646 2274 aliquid.
721 2209 874 2267 Quod
902 2210 1037 2259 idem
1073 2209 1125 2257 in
1151 2209 1390 2259 divisione
1414 2212 1556 2261 vition

219 2307 327 2338 sum
353 2298 442 2338 est.
514 2290 805 2338 Formarum
831 2290 965 2338 enim
991 2298 1157 2338 certus
1193 2298 1268 2339 est
1302 2307 1559 2352 numerus,

219 2387 345 2435 quae
377 2370 558 2434 cuique
594 2369 767 2434 generi
803 2368 1146 2435 subjiciantur.
1218 2370 1439 2419 Partium
1466 2371 1560 2419 dis—

218 2450 426 2498 tributio
463 2465 610 2514 saepe
636 2458 710 2498 est
733 2449 989 2506 infinitior,
1026 2456 1262 2514 tanquam
1289 2450 1505 2498 rivorum
1532 2468 1560 2499 a

219 2528 361 2577 fonte
382 2529 637 2577 deductio.
678 2528 857 2593 Itaque
875 2529 928 2575 in
946 2528 1170 2577 oratoriis
1190 2530 1395 2589 artibus,
1412 2547 1559 2595 quaen

223 2609 394 2657 stionis
429 2625 615 2674 genere
646 2608 919 2674 proposito,
955 2617 1077 2674 quot
1103 2607 1205 2673 ejus
1220 2603 1417 2658 'formae
1443 2610 1563 2670 sint,

225 2688 542 2753 subjungitur
575 2688 816 2738 absolute.
890 2687 964 2736 At
1001 2705 1115 2737 cum
1154 2688 1216 2737 de
1259 2690 1566 2738 ornamentis

224 2770 488 2817 verborum
539 2769 998 2834 sententiarumque
1061 2768 1383 2835 praecipitur,
1436 2786 1565 2834 quae

220 2856 466 2898 vocantur
489 2853 704 2910 σχί-ματα,
741 2866 842 2900 non
878 2848 935 2899 fit
974 2849 1123 2900 idem.
1198 2849 1300 2899 Res
1330 2849 1462 2899 enim
1488 2859 1565 2898 est
