2071 3508
460 428 542 464 218
937 426 1014 464 DE
1044 426 1312 465 ORATORE

463 541 570 582 tum
596 533 743 581 etiam
780 534 840 582 L.
867 534 1042 583 Crasso
1067 535 1317 595 audiente,
1354 535 1415 583 de
1453 535 1650 583 dicendi
1674 536 1786 584 rati-

462 628 558 660 one
596 620 696 660 tam
738 612 891 660 multa
930 613 1153 661 dixerim.
1238 615 1368 662 Nam
1409 614 1611 661 istorum
1653 624 1785 663 aetas

461 690 623 738 minus
648 693 727 739 me
751 690 954 739 fortasse
990 708 1187 739 movere
1224 692 1423 740 debuit:
1463 693 1549 740 sed
1573 693 1691 740 mihi
1715 693 1787 757 ig-

462 770 676 818 noscetis
717 769 959 834 profecto,
998 771 1035 817 si
1074 771 1239 829 modo,
1279 788 1402 834 quae
1439 788 1585 819 causa
1620 788 1698 819 me
1722 772 1786 819 ad

460 846 590 895 hanc
614 848 858 895 insolitam
883 848 1002 894 mihi
1025 848 1374 912 loquacitatem
1404 849 1670 914 impulerit,
1707 867 1785 898 ac-

461 928 706 991 ceperitis.

322 995 425 1055 89.
529 1006 633 1053 Nos
657 1023 787 1062 vero,
807 1005 967 1070 inquit
992 1005 1214 1065 Catulus,
1231 1005 1439 1072 (etenim
1457 1023 1547 1071 pro
1565 1023 1644 1054 me
1669 1006 1784 1067 hoc,

314 1088 428 1132 362.
462 1092 512 1131 et
534 1102 624 1148 pro
649 1102 758 1133 meo
783 1084 930 1132 fratre
967 1086 1264 1150 respondeo)
1300 1102 1400 1133 non
1429 1085 1577 1132 modo
1601 1085 1690 1132 tibi
1714 1086 1785 1149 ig-

320 1173 326 1177 ’
460 1164 721 1220 noscimus,
751 1164 837 1211 sed
860 1172 909 1211 te
936 1164 1200 1227 diligimus,
1232 1179 1561 1227 magnamque
1585 1162 1676 1210 tibi
1703 1162 1789 1210 ha-

457 1241 629 1288 bemus
653 1244 891 1304 gratiam,
933 1250 982 1289 et
1024 1259 1136 1289 cum
1174 1242 1532 1289 humanitatem
1558 1248 1608 1289 et
1630 1241 1785 1289 facili-

456 1326 609 1366 tatem
636 1321 946 1384 agnoscimus
986 1328 1142 1379 tuam,
1177 1329 1284 1368 tum
1320 1320 1617 1368 admiramur
1640 1320 1784 1368 istam

457 1398 712 1445 scientiam
757 1409 807 1447 et
849 1400 1056 1463 copiam.
1129 1399 1373 1463 Equidem
1410 1399 1558 1447 etiam
1582 1398 1679 1446 hoc
1703 1415 1783 1447 me

456 1484 733 1524 assecutum
759 1486 898 1541 puto,
925 1478 1058 1541 quod
1075 1493 1255 1540 magno
1273 1494 1378 1524 sum
1397 1476 1586 1524 levatus
1602 1493 1784 1537 errore,

457 1562 508 1601 et
542 1554 625 1601 illa
664 1555 986 1602 admiratione
1021 1555 1274 1613 liberatus,
1311 1555 1445 1617 quod
1476 1554 1643 1603 multis
1668 1572 1782 1603 cum

455 1631 559 1680 aliis
600 1649 792 1695 semper
829 1633 1056 1679 admirari
1099 1632 1331 1691 solebam,
1369 1633 1502 1680 unde
1539 1641 1668 1681 esset
1698 1633 1781 1681 illa

454 1718 592 1758 tanta
631 1718 717 1758 tua
753 1711 804 1756 in
846 1710 1002 1758 causis
1041 1710 1299 1757 divinitas:
1338 1727 1430 1759 nec
1458 1712 1589 1759 enim
1613 1719 1664 1759 te
1688 1712 1781 1760 ista

454 1788 674 1852 attigisse
722 1789 1007 1847 arbitrabar,
1069 1805 1194 1851 quae
1243 1788 1615 1852 diligentissime
1665 1807 1779 1854 cog-

453 1883 614 1925 nosse,
662 1875 712 1914 et
757 1867 975 1931 undique
1018 1866 1287 1931 collegisse,
1337 1884 1526 1931 usuque
1574 1868 1778 1916 doctum

450 1946 628 2009 partim
670 1946 937 1993 correxisse
983 1945 1147 2004 video,
1193 1946 1369 2010 partim
1419 1947 1777 2009 comprobasse.

308 2035 418 2075 363.
451 2025 628 2088 Neque
671 2041 728 2072 eo
766 2025 926 2072 minus
967 2024 1297 2088 eloquentiam
1338 2032 1490 2080 tuam,
1535 2032 1585 2072 et
1621 2024 1777 2073 multo

450 2104 605 2167 magis
629 2104 862 2151 virtutem
889 2112 938 2151 et
963 2103 1270 2166 diligentiam
1303 2103 1533 2161 admiror,
1559 2110 1609 2150 et
1633 2102 1778 2151 simul

450 2182 664 2245 gaudeo,
697 2181 944 2245 judicium
983 2182 1132 2230 animi
1168 2181 1264 2229 mei
1291 2181 1615 2245 comprobari,
1645 2181 1779 2246 quod

450 2276 641 2323 semper
679 2260 845 2318 statui,
887 2261 1135 2307 neminem
1179 2259 1444 2323 sapientiae
1485 2259 1684 2307 laudem
1727 2268 1778 2309 et

449 2337 774 2401 eloquentiae,
819 2338 921 2385 sine
961 2354 1150 2385 summo
1189 2337 1369 2395 studiO,
1411 2346 1462 2384 et
1502 2337 1688 2396 labore,
1725 2345 1776 2387 et

449 2415 691 2475 doctrina,
721 2416 955 2479 consequi
980 2432 1141 2479 posse,
1209 2415 1306 2462 Sed
1342 2423 1508 2462 tamen
1535 2415 1772 2478 quidnam

446 2503 520 2542 est
543 2495 612 2552 id,
638 2495 771 2558 quod
796 2495 978 2553 dixisti,
1003 2494 1107 2542 fore
1132 2502 1188 2541 ut
1211 2494 1299 2541 tibi
1324 2494 1714 2557 ignosceremus,
1733 2493 1772 2541 si

446 2589 813 2637 cognossemus,
840 2590 963 2636 quae
994 2582 1043 2620 te
1069 2589 1215 2620 causa
1238 2573 1288 2618 in
1314 2588 1588 2619 sermonem
1615 2572 1771 2636 impu·

444 2650 611 2699 lisset?
650 2651 791 2707 Quae
825 2659 899 2698 est
936 2651 1066 2698 enim
1105 2650 1198 2697 alia
1223 2667 1385 2708 causa,
1410 2650 1502 2697 nisi
1529 2649 1664 2713 quod
1686 2666 1771 2699 no-

444 2730 537 2788 bis,
580 2738 630 2777 et
669 2729 843 2777 horum
885 2729 1274 2778 adolescentium
1299 2729 1480 2787 studio,
1517 2728 1601 2792 qui
1625 2736 1677 2776 te
1700 2735 1770 2777 at-

444 2807 715 2855 tentissime
762 2808 1042 2865 audierunt,
1089 2823 1274 2855 morem
1320 2823 1492 2871 gerere
1534 2806 1769 2856 voluisti?

297 2893 407 2937 364.
445 2882 577 2934 Tum
600 2885 699 2944 ille,
719 2886 976 2946 Adimere,
996 2886 1173 2951 inquit,
1192 2902 1391 2937 omnem
1411 2885 1769 2938 recusationem
