2071 3508
757 411 1129 451 ORATORIBUS.
1531 414 1605 451 391

278 522 387 570 nuit
409 522 574 571 locum
598 529 699 569 tam
727 520 830 577 diu,
857 536 1002 580 quam
1027 518 1155 566 ferre
1180 518 1344 582 potuit
1362 517 1604 567 laborem:

275 610 465 666 postea,
507 607 744 664 quantum
771 597 989 645 detraxit
1018 613 1080 644 ex
1117 596 1296 653 studio,
1340 605 1535 644 tantum
1561 615 1608 645 a-

275 680 408 728 misit
433 696 493 727 ex
524 678 695 742 gloria.
770 677 821 724 P.
852 675 1068 724 Murena
1109 676 1347 724 mediocri
1385 676 1608 740 ingenio,

275 759 362 807 sed
386 773 567 821 magno
593 756 756 804 studio
794 773 955 803 rerum
981 763 1205 804 veterum
1228 776 1239 815 3
1279 755 1530 803 literarum
1557 762 1609 802 et

273 835 539 894 studiosus,
577 843 627 883 et
652 851 751 882 non
777 835 1067 898 imperitus3
1108 833 1293 882 multae
1334 833 1607 881 industriae

272 921 324 962 et
361 914 529 979 magni
570 913 749 961 laboris
790 912 899 960 fuit.
974 913 1030 961 C.
1063 913 1363 961 Censorinus
1399 911 1607 960 Graecis

271 992 426 1042 literis
451 992 566 1039 satis
587 992 764 1040 doctus
783 1012 795 1051 3
837 990 971 1055 quod
993 998 1333 1056 proposuerat,
1353 990 1608 1055 explicans

273 1071 538 1136 expedite3
579 1087 679 1119 non
721 1071 1010 1119 invenustus
1050 1077 1202 1126 actor,
1247 1069 1335 1117 sed
1369 1070 1518 1130 iners,
1557 1077 1609 1118 et

272 1151 502 1199 inimicus
544 1149 653 1198 fori.
739 1150 797 1197 L.
837 1149 1019 1197 Turius
1066 1166 1217 1214 parvo
1258 1150 1479 1214 ingenio,
1521 1149 1609 1198 sed

273 1229 431 1278 multo
471 1229 657 1288 labore,
694 1245 892 1294 quoquo
927 1229 1077 1277 modo
1117 1236 1330 1293 poterat,
1367 1245 1511 1293 saepe
1538 1228 1608 1276 di-

276 1310 435 1358 cebat.
509 1309 684 1373 Itaque
722 1309 767 1356 ei
802 1324 990 1372 paucae
1017 1308 1270 1357 cent-uriae
1296 1308 1359 1356 ad
1385 1307 1608 1357 consula-

273 1396 380 1437 tum
421 1387 703 1437 defuerunt.
776 1388 831 1436 C.
862 1387 1038 1436 Macer
1078 1387 1373 1435 auctoritate
1416 1403 1609 1452 semper

273 1469 427 1533 eguit,
460 1469 547 1516 sed
571 1468 668 1515 fuit
691 1476 926 1532 patronus
951 1468 1311 1532 propemodum
1337 1466 1608 1530 diligentis-

274 1548 455 1596 simus:
493 1547 638 1612 hujus
665 1548 704 1594 si
729 1548 848 1605 vita,
875 1547 913 1594 si
939 1563 1113 1603 mores,
1141 1548 1179 1594 si
1204 1547 1368 1595 vultus
1394 1545 1607 1610 denique

274 1643 375 1675 non
395 1643 593 1675 omnem
613 1626 1099 1674 commendationem
1124 1625 1312 1689 ingenii
1334 1625 1609 1684 evertisset,

273 1705 430 1771 majus
467 1722 650 1753 nomen
693 1705 743 1752 in
781 1705 1000 1769 patronis
1030 1704 1218 1753 fuisset.
1289 1706 1407 1753 Non
1432 1713 1537 1753 erat
1561 1721 1611 1752 a-

271 1785 518 1843 bundans,
560 1800 661 1832 non
702 1784 843 1848 inops
885 1791 1083 1844 tamen3
1123 1801 1223 1832 non
1247 1784 1390 1832 valde
1426 1785 1609 1843 nitens,

273 1879 375 1911 non
398 1862 545 1928 plane
569 1862 767 1910 horrida
791 1861 947 1909 oratio
967 1882 979 1920 ;
1017 1878 1134 1921 vox,
1162 1870 1350 1926 gestus,
1376 1870 1427 1910 et
1451 1863 1610 1910 omnis

274 1942 406 1991 actio
432 1941 536 1989 sine
559 1938 728 2004 lepore
747 1960 760 1998 ;
800 1946 850 1986 at
874 1939 924 1985 in
948 1939 1274 1997 inveniendis,
1309 1957 1610 2005 componen-

275 2021 449 2085 disque
494 2020 639 2067 rebus
681 2019 803 2066 mira
844 2020 1129 2078 accurati0;
1167 2028 1223 2067 ut
1259 2037 1359 2068 non
1384 2019 1532 2069 facile
1556 2021 1609 2069 in

274 2098 375 2146 ullo
431 2097 797 2162 diligentiorem
861 2096 1195 2162 majoremque
1254 2100 1606 2163 cognoverim3

275 2178 364 2226 sed
389 2194 496 2226 eam
523 2184 579 2224 ut
604 2177 748 2225 citius
773 2177 1137 2236 veteratoriam,
1175 2195 1320 2242 quam
1346 2180 1608 2227 oratoriam

275 2258 483 2306 diceres.
558 2256 659 2304 Hic
685 2256 776 2304 etsi
802 2256 950 2304 etiam
989 2256 1040 2304 in
1077 2257 1288 2322 publicis
1318 2258 1475 2306 causis
1499 2275 1610 2322 pro-

274 2338 503 2395 babatur,
539 2343 705 2384 tamen
746 2335 797 2383 in
838 2336 1039 2400 privatis
1079 2336 1394 2386 illustriorem
1420 2338 1609 2387 obtine-

273 2418 362 2465 bat
384 2416 567 2465 locum.

345 2495 402 2543 C.
431 2494 612 2543 deinde
640 2494 770 2553 Piso,
812 2496 1056 2554 statarius,
1099 2504 1150 2544 et
1174 2497 1412 2545 sermonis
1434 2498 1611 2562 plenus
1644 2487 1750 2549 68.

279 2582 461 2632 orator,
503 2574 705 2621 minime
747 2574 828 2622 ille
871 2575 1071 2638 quidem
1113 2577 1282 2624 tardus
1322 2577 1373 2624 in
1414 2579 1612 2643 excogi-

267 2652 452 2711 ·tand0‚
493 2661 834 2701 verumtamen
859 2654 1001 2701 vultu
1027 2662 1077 2702 et
1101 2655 1413 2705 simulatione
1455 2657 1614 2706 multo

282 2731 431 2780 etiam
456 2730 663 2787 acutior,
690 2748 838 2795 quam
859 2739 978 2788 erat,
1005 2731 1282 2781 videbatur.
1352 2735 1483 2784 Nam
1509 2735 1614 2800 ejus

281 2809 538 2875 aequalem
565 2809 660 2858 Μ’.
686 2809 1029 2870 Glabrionem,
1068 2811 1197 2860 bene
1227 2813 1511 2862 institutum
1535 2816 1613 2863 avi

283 2889 547 2940 Scaevolae
573 2889 849 2955 diligentia,
891 2907 1056 2940 socors
1079 2891 1230 2957 ipsius
1255 2904 1431 2942 natura
1459 2894 1613 2960 negli-

1127 2986 1156 3018 B
1182 2971 1213 3019 b
1249 2980 1282 3019 4«
