2071 3508
276 1086 384 1147 25.

423 439 501 476 462
921 435 999 472 OR
1006 434 1256 474 ATORIAE

422 552 539 594 ante
574 551 649 595 est
684 544 908 594 dictum:
947 561 1073 609 quae
1103 553 1218 594 sunt
1248 544 1515 595 laudabilia
1537 547 1644 611 ipsa
1665 562 1754 611 per

423 641 492 673 se.
563 625 931 674 Commoditate
968 631 1134 673 autem
1175 623 1355 689 aliqua,
1398 642 1523 689 quae
1549 633 1665 674 sunt
1704 626 1757 673 in

423 705 640 770 corporis
689 713 775 754 aut
818 704 1049 753 fortunae
1089 704 1231 753 bonis
1279 706 1599 769 expetenda:
1638 695 1759 770 quo-

421 801 532 832 rum
561 783 655 831 alia
685 791 800 832 sunt
830 783 968 847 quasi
994 782 1208 846 quodam
1246 784 1396 833 modo
1429 802 1544 832 cum
1581 785 1759 833 hones-

420 871 525 912 tate
551 862 836 927 conjuncta,
871 869 929 910 ut
952 862 1128 919 honOS‚
1164 869 1221 910 ut
1251 862 1441 927 gloria:
1481 863 1575 912 alia
1599 865 1758 913 diver-

422 959 491 1001 sa,
527 949 584 990 ut
607 942 752 1001 vires,
777 941 953 1000 forma,
977 940 1231 1000 valetudo,
1263 941 1509 1000 nobilitaS,
1538 943 1757 1000 divitiae,

423 1020 699 1069 clientelae.

487 1100 578 1149 Est
619 1100 768 1148 etiam
805 1099 942 1164 quasi
979 1099 1224 1163 quaedam
1264 1100 1495 1149 materies
1537 1099 1763 1164 subjecta

422 1180 706 1229 honestati:
746 1196 872 1244 quae
909 1179 1124 1228 maxime
1160 1187 1414 1244 spectatur
1438 1180 1487 1228 in
1515 1179 1761 1229 amicitiis.

423 1259 692 1309 Amicitiae
731 1267 899 1306 autem
939 1258 1145 1307 caritate
1182 1266 1233 1306 et
1268 1275 1434 1307 amore
1469 1266 1759 1307 cernuntur.

423 1339 555 1388 Nam
593 1354 706 1386 cum
744 1337 970 1396 deorum,
1011 1344 1119 1384 tum
1154 1344 1437 1401 parentum,
1472 1337 1762 1401 patriaeque

425 1417 606 1476 cultus,
649 1433 919 1480 eorumque
956 1415 1228 1472 hominum,
1268 1415 1354 1480 qui
1396 1423 1482 1465 aut
1523 1415 1764 1480 sapientia

424 1503 510 1544 aut
535 1495 709 1560 opibus
735 1494 1008 1553 excellunt,
1044 1493 1107 1542 ad
1141 1494 1399 1542 caritatem
1423 1493 1595 1542 referri
1620 1493 1761 1542 solet.

424 1573 677 1639 Conjuges
696 1580 879 1629 autem,
902 1580 953 1621 et
970 1572 1131 1630 liberi,
1151 1580 1202 1621 et
1225 1572 1420 1632 fratres,
1446 1581 1497 1621 et
1521 1572 1616 1629 alii,
1639 1588 1767 1636 quos

422 1670 539 1702 usus
564 1652 967 1715 familiaritasque
999 1650 1275 1715 conjunxit,
1305 1667 1586 1716 quanquam
1612 1652 1774 1700 etiam·

425 1734 631 1782 caritate
673 1733 796 1796 ipsa,
836 1739 1005 1779 tamen
1047 1747 1212 1779 amore
1249 1731 1465 1779 maxime
1503 1732 1763 1780 continen-

425 1820 520 1861 tur.
594 1813 655 1859 In
690 1812 765 1859 his
800 1811 953 1875 igitur
988 1811 1134 1858 rebus
1172 1827 1286 1858 cum
1320 1812 1452 1860 bona
1487 1811 1603 1870 sint,
1641 1809 1761 1858 faci-

424 1890 471 1939 le
497 1898 571 1939 est
594 1889 875 1948 intellectu,
912 1906 1037 1953 quae
1074 1889 1172 1937 sint
1209 1889 1469 1937 contraria.
1543 1888 1695 1946 Quod
1723 1889 1763 1936 si

425 1987 620 2035 semper
668 1969 856 2033 optima
904 1976 1075 2017 tenere
1123 1985 1392 2033 possemus,
1444 1968 1578 2016 haud
1627 1985 1764 2028 sane,

426 2049 659 2113 quoniam
702 2048 903 2112 quidem
954 2064 1012 2096 ea
1061 2047 1322 2112 perspicua
1371 2056 1504 2106 sunt,
1559 2047 1764 2096 consilio

426 2128 639 2176 multum
671 2144 946 2192 egeremus.
1019 2127 1117 2175 Sed
1141 2127 1256 2191 quia
1284 2127 1604 2192 temporibus,
1637 2143 1764 2190 quae

425 2208 527 2256 vim
562 2208 750 2255 habent
781 2207 1062 2263 maximam,
1100 2223 1336 2271 persaepe
1370 2206 1554 2265 evenit,
1590 2213 1647 2254 ut
1671 2205 1765 2254 uti-

425 2285 537 2333 litas
586 2302 700 2334 cum
746 2285 1007 2333 honestate
1057 2292 1234 2343 certet,
1285 2301 1553 2349 earumque
1600 2301 1764 2333 rerum

427 2364 684 2412 contentio
720 2364 1013 2428 plerumque
1050 2362 1430 2412 deliberationes
1466 2363 1655 2411 efficit:
1699 2379 1763 2411 ne

425 2451 514 2492 aut
554 2450 833 2508 opportuna
869 2450 1071 2506 propter
1109 2441 1425 2505 dignitatem,
1467 2450 1553 2489 aut
1589 2441 1767 2489 hones-

425 2530 477 2570 ta
527 2529 730 2587 propter
782 2520 1049 2569 utilitatem
1103 2519 1460 2584 relinquantur,
1522 2520 1586 2568 ad
1634 2520 1763 2568 hanc

427 2601 768 2650 difficultatem
803 2600 1149 2665 explicandam
1184 2608 1452 2665 praecepta
1476 2599 1763 2648 referamus.

425 2681 493 2728 Et
534 2680 767 2744 quoniam
810 2697 911 2728 non
954 2679 1018 2728 ad
1057 2679 1318 2728 veritatem
1361 2678 1537 2738 solum,
1588 2678 1676 2727 sed
1716 2694 1765 2726 e—

425 2760 546 2807 tiam
582 2760 646 2808 ad
688 2760 945 2825 opiniones
1005 2775 1196 2819 eorum,
1256 2759 1340 2823 qui
1398 2758 1630 2818 audiunt,
1687 2773 1767 2806 ac-

427 2839 791 2888 commodanda
838 2847 913 2888 est
959 2839 1155 2887 oratio:
1215 2838 1312 2888 hoc
1358 2838 1573 2903 primum
1621 2835 1765 2885 intel-

426 2917 656 2982 ligamuS,
704 2919 963 2973 hominum
999 2919 1100 2970 duo
1136 2935 1241 2969 esse
1281 2934 1469 2984 genera
1488 2939 1503 2982 3
1555 2917 1765 2967 alterum
