2071 3508
696 387 1068 427 ORATORIBUS.
1469 390 1549 426 319

218 497 530 547 umbraculis.
604 496 705 544 Hic
728 497 914 559 primus
950 494 1141 542 inflexit
1166 494 1456 552 orationem,
1499 503 1550 542 et

219 594 324 625 eam
367 574 576 629 mollem,
619 580 939 635 teneramque
981 570 1231 618 reddidit:
1285 579 1335 618 et
1373 572 1547 627 suavis,

218 655 345 703 sicut
374 651 488 708 fuit,
523 648 680 696 videri
716 648 907 707 maluit,
944 665 1090 713 quam
1115 648 1295 712 gravis,
1332 647 1420 695 sed
1445 665 1550 694 sua-

213 732 366 780 vitate
391 745 466 786 ea,
499 743 596 791 qua
618 725 942 790 perfunderet
967 726 1172 786 animos,
1199 743 1297 774 non
1324 743 1421 790 qua
1445 743 1552 791 per-

212 810 481 873 fringeret:
532 813 582 853 et
605 813 801 854 tantum
843 814 901 854 ut
935 807 1221 854 memoriam
1247 806 1552 853 concinnita-

213 889 275 936 tis
299 904 434 945 suae,
470 901 570 933 non
597 885 1043 950 (quemadmodum
1080 886 1142 933 de
1170 885 1359 933 Pericle
1402 884 1550 949 scrip-

213 966 276 1014 sit
300 963 528 1029 Eupolis)
566 980 680 1012 cum
723 962 1054 1011 delectatione
1081 962 1279 1011 aculeos
1303 963 1451 1011 etiam
1477 979 1550 1010 re-

211 1043 460 1108 linqueret
493 1044 546 1091 in
581 1043 755 1091 animis
780 1059 970 1102 eorum,
1007 1060 1034 1090 a
1058 1043 1237 1108 quibus
1262 1051 1391 1092 esset
1415 1042 1551 1090 audi-

216 1131 312 1172 tus.

281 1207 503 1256 Videsne
545 1208 711 1273 igitur,
767 1208 819 1255 in
862 1225 920 1257 ea
958 1207 1061 1273 ipsa
1098 1210 1237 1268 urbe,
1273 1208 1324 1255 in
1363 1225 1460 1272 qua
1501 1214 1552 1256 et

214 1294 330 1335 nata
355 1296 405 1335 et
429 1287 527 1336 alta
552 1288 614 1335 sit
638 1288 938 1351 eloquentia,
973 1304 1118 1352 quam
1144 1305 1202 1335 ca
1226 1304 1334 1335 sero
1357 1286 1551 1351 prodie-

213 1365 278 1414 rit
302 1366 353 1413 in
377 1365 541 1414 lucem
564 1366 580 1413 ?
617 1366 859 1430 siquidem
885 1375 999 1413 ante
1027 1365 1216 1413 Solonis
1241 1373 1474 1423 aetatem,
1501 1373 1552 1413 et

215 1444 473 1503 Pisistrati,
510 1445 571 1493 de
614 1445 765 1500 nullo,
805 1454 861 1493 ut
903 1445 1105 1504 diserto,
1142 1444 1407 1492 memoriae
1443 1460 1552 1507 pro-

214 1523 374 1571 ditum
417 1533 505 1571 est.
579 1523 651 1571 At
694 1523 743 1570 hi
786 1524 1002 1588 quidem,
1047 1532 1103 1572 ut
1141 1522 1310 1587 populi
1337 1521 1552 1569 Romani

214 1611 347 1649 aetas
373 1611 461 1658 est,
490 1618 630 1650 senes
652 1620 663 1650 t
699 1612 754 1650 ut
781 1603 1164 1650 Atheniensium
1191 1601 1359 1650 secula
1383 1617 1553 1648 nume-

212 1688 402 1738 rantur,
438 1678 778 1728 adolescentes
819 1681 1005 1729 debent
1045 1681 1216 1729 videri.
1305 1680 1435 1727 Nam
1462 1678 1553 1726 etsi

214 1763 383 1811 Servio
409 1762 576 1811 Tullio
607 1771 850 1827 regnante
875 1763 1162 1828 viguerunt,
1204 1774 1369 1813 tamen
1396 1762 1554 1814 multo

211 1846 398 1894 diutius
443 1846 675 1895 Athenae
704 1846 810 1911 jam
837 1855 995 1905 eraut,
1032 1864 1178 1911 quam
1205 1854 1278 1895 est
1305 1847 1466 1894 Roma
1491 1846 1554 1894 ad

213 1924 506 1973 hodiernum
535 1925 664 1973 diem
686 1944 696 1973 :
726 1942 819 1972 nec
845 1933 1012 1973 tamen
1039 1925 1228 1981 dubito,
1257 1925 1373 1988 quin
1400 1924 1553 1972 habu-

214 2004 308 2051 erit
343 2004 443 2050 vim
486 2020 716 2068 magnam
754 2020 946 2068 semper
971 2004 1142 2052 oratio.
1214 2004 1393 2067 Neque
1419 2002 1552 2050 enim

205 2083 309 2149 jam
335 2082 528 2130 Troicis
547 2083 851 2147 temporibus
876 2091 1068 2130 tantum
1088 2083 1247 2130 laudis
1266 2083 1315 2129 in
1336 2082 1551 2130 dicendo

215 2161 380 2227 Ulyssi
405 2162 656 2210 tribuisset
684 2162 952 2220 Homerus,
978 2171 1029 2210 et
1054 2162 1272 2221 Nestori,
1316 2165 1551 2226 (quorum

212 2242 421 2289 alterum
448 2241 545 2288 vim
571 2241 750 2289 habere
787 2240 958 2298 voluit,
997 2241 1206 2290 alterum
1232 2240 1550 2301 suavitatem)

212 2320 306 2368 nisi
338 2319 442 2384 jam
481 2328 587 2367 tum
631 2329 760 2368 esset
797 2320 953 2368 honos
993 2320 1340 2384 eloquentiae3
1391 2336 1554 2383 neque

212 2398 317 2464 ipse
342 2402 489 2464 poe'ta
513 2398 594 2446 hic
631 2406 732 2446 tam
765 2399 898 2446 idem
925 2407 1124 2447 ornatus
1149 2399 1200 2446 in
1224 2398 1458 2456 dicendo,
1494 2414 1552 2446 ac

211 2477 358 2542 plane
383 2485 547 2525 orator
571 2476 766 2526 fuisset:
797 2476 935 2542 cujus
961 2478 1052 2526 etsi
1077 2477 1267 2525 incerta
1291 2485 1406 2524 sunt
1430 2484 1552 2524 tem-

212 2571 351 2620 pora,
386 2563 555 2604 tamen
594 2556 734 2603 annis
773 2556 940 2604 multis
982 2556 1078 2604 fuit
1102 2566 1217 2604 ante
1246 2555 1549 2604 Romulum:

214 2633 457 2698 siquidem
500 2651 600 2683 non
642 2634 769 2682 infra
794 2635 1092 2700 superiorem
1125 2635 1414 2700 Lycurgum
1437 2633 1552 2693 fuit,

214 2730 243 2761 a
267 2730 366 2776 quo
391 2721 465 2760 est
491 2713 748 2777 disciplina
777 2713 1286 2762 Lacedaemoniorum
1318 2713 1554 2761 adstricta

214 2791 422 2855 legibus.
495 2792 593 2840 Sed
619 2792 836 2840 studium
864 2792 966 2858 ejus
985 2793 1180 2857 generis
1205 2791 1455 2857 majorque
1480 2792 1552 2839 vis

215 2870 500 2935 agnoscitur
523 2870 576 2921 in
592 2870 863 2923 PisistratO.
912 2871 1145 2940 Denique
1168 2871 1304 2926 hunc
1326 2871 1551 2938 proximo

1591 1202 1690 1262 10.
