2071 3508
415 665 489 705 15.

423 1448 495 1491 16.

512 396 537 433 6
986 393 1062 435 DE
1092 398 1360 437 ORATORE

514 517 609 566 que
635 519 802 551 eorum
821 501 991 564 literis,
1011 506 1337 572 adhibitisque
1357 507 1658 566 doctoribus,
1678 505 1835 554 incre-

516 581 653 630 dibili
677 583 888 646 quodam
914 585 1066 632 nostri
1089 586 1312 635 homines
1343 587 1542 635 dicendi
1567 585 1730 635 studio
1753 584 1837 632 fla-

516 674 796 725 graverunt.
834 662 1097 711 Excitabat
1114 681 1196 712 eos
1213 664 1522 729 magnitudo,
1539 672 1590 713 et
1609 665 1840 721 varietas,

519 739 941 804 multitudoquein
959 742 1091 788 omni
1106 759 1290 806 genere
1306 750 1644 801 causarum,ut
1659 742 1722 790 ad
1731 757 1841 789 eam

520 818 810 875 doctrinam,
846 837 990 883 quam
1016 837 1103 868 suo
1128 821 1332 885 quisque
1358 821 1522 869 studio
1547 827 1843 869 consecutus

519 907 664 957 esset,
700 897 1050 962 adj-ungeretur
1084 916 1199 947 usus
1226 899 1471 964 frequens,
1510 900 1594 964 qui
1622 898 1844 946 omnium

519 977 861 1041 magistrorum
879 985 1143 1041 praecepta
1162 987 1428 1042 superaret.
1498 978 1654 1025 Erant
1677 983 1847 1024 autem

519 1056 636 1104 huic
675 1056 838 1104 studio
877 1056 1108 1115 maxima,
1150 1074 1274 1120 quae
1315 1074 1448 1105 nunc
1481 1073 1677 1122 quoque
1713 1061 1842 1110 sunt,
1900 1119 1906 1123 ᾖ

523 1135 746 1198 exposita
778 1134 1012 1198 praemia,
1048 1135 1126 1182 vel
1161 1136 1224 1183 ad
1258 1136 1484 1200 gratiam,
1519 1135 1598 1183 vel
1623 1134 1686 1182 ad
1709 1149 1847 1198 opes,

521 1213 597 1260 vel
630 1212 693 1260 ad
721 1212 1029 1275 dignitatem.
1100 1214 1309 1277 Ingenia
1330 1229 1448 1263 vero
1473 1218 1555 1279 (ut
1582 1212 1748 1261 multis
1772 1227 1845 1258 re-

521 1292 613 1339 bus
663 1307 921 1355 possumus
963 1290 1214 1354 judicare)
1261 1301 1539 1340 nostrorum
1589 1292 1846 1340 hominum

525 1369 741 1432 multum
789 1369 995 1416 caeteris
1047 1370 1266 1417 omnium
1317 1371 1543 1435 gentium
1593 1368 1847 1434 praestite-

524 1455 654 1496 runt.
726 1447 918 1504 Quibus
943 1447 1004 1494 de
1031 1449 1202 1504 causis,
1241 1450 1348 1512 quis
1371 1466 1471 1498 non
1487 1450 1600 1514 jure
1624 1449 1849 1504 miretur,

526 1543 589 1576 ex
635 1526 768 1574 omni
814 1526 1048 1573 memoria
1094 1534 1327 1584 aetatum,
1375 1536 1674 1592 temporum,
1733 1525 1850 1573 civi-

526 1613 704 1663 tatum,
745 1612 846 1652 tam
894 1605 1127 1668 exiguum
1175 1614 1423 1653 oratorum
1469 1621 1730 1654 numerum
1776 1603 1848 1650 in-

527 1684 682 1732 veniri
704 1685 720 1732 ?

595 1763 692 1811 Sed
724 1763 953 1810 nimirum
985 1762 1140 1827 majus
1172 1772 1247 1812 est
1282 1764 1377 1813 hoc
1419 1764 1671 1828 quiddam,
1701 1778 1847 1827 quam

527 1842 749 1890 homines
781 1841 1062 1904 opinantur,
1107 1850 1157 1889 et
1188 1842 1407 1906 pluribus
1438 1860 1499 1890 ex
1531 1843 1715 1890 artibus
1751 1849 1850 1889 stu-

529 1919 718 1982 diisque
755 1917 1035 1966 collectum.
1099 1919 1223 1975 Quis
1259 1920 1389 1967 enim
1426 1920 1572 1976 aliud,
1611 1921 1662 1966 in
1698 1919 1851 1967 maxi-

529 2014 608 2044 ma
645 1995 941 2043 discentium
988 1996 1324 2055 multitudine,
1371 2015 1560 2046 summa
1598 1998 1852 2062 magistro-

529 2090 636 2121 rum
674 2073 833 2137 copia,
873 2075 1299 2137 praestantissimis
1333 2075 1588 2123 hominum
1623 2075 1856 2140 ingeniis,

531 2152 719 2199 infinita
744 2168 998 2199 causarum
1019 2152 1273 2210 varietate,
1293 2153 1598 2217 amplissimis
1623 2154 1854 2218 eloquen-

530 2232 628 2278 tiae
652 2230 912 2294 propositis
935 2231 1176 2294 praemiis,
1219 2248 1322 2279 esse
1356 2248 1530 2280 causae
1562 2240 1724 2296 putet,
1762 2232 1854 2279 nisi

533 2310 603 2357 rei
619 2308 864 2372 quandam
884 2308 1222 2356 incredibilem
1247 2310 1639 2373 magnitudinem
1659 2317 1710 2357 et
1733 2309 1854 2356 diffi-

494 2415 504 2426 ·
534 2387 796 2435 cultatem?
840 2387 928 2435 Est
947 2388 1076 2435 enim
1097 2396 1147 2436 et.
1165 2389 1370 2437 scientia
1390 2389 1855 2453 comprehendenda

534 2483 696 2513 rerum
714 2466 1051 2530 plurimarum,
1071 2467 1173 2515 sine
1190 2484 1286 2531 qua
1300 2470 1558 2516 verborum
1577 2468 1856 2516 volubilitas

534 2545 691 2592 inanis
728 2554 874 2608 atque
910 2546 1157 2593 irridenda
1193 2554 1297 2594 est:
1338 2555 1387 2595 et
1422 2547 1526 2612 ipsa
1560 2551 1716 2599 oratio
1740 2569 1856 2600 con-

535 2621 806 2679 formanda,
843 2640 943 2671 non
974 2624 1128 2672 solum
1161 2624 1418 2683 electione,
1457 2628 1545 2676 sed
1569 2629 1717 2677 etiam
1743 2649 1856 2681 con-

538 2702 806 2750 structione
838 2704 1130 2752 verborum:
1171 2713 1220 2752 et
1251 2721 1421 2754 omnes
1453 2707 1726 2757 animorum
1754 2727 1857 2760 mo-

537 2785 635 2835 tus,
668 2795 786 2842 quos
810 2781 1063 2828 hominum
1087 2782 1256 2846 generi
1281 2799 1444 2831 rerum
1467 2792 1642 2834 natura
1664 2788 1852 2847 tribuit,

538 2856 734 2917 penitus
767 2860 1126 2922 pernoscendi3
1171 2862 1304 2926 quod
1338 2863 1496 2912 omnis
1529 2865 1601 2914 vis
1635 2867 1858 2934 ratioque
