2071 3508
719 411 882 451 TOPIC
889 413 938 450 A.
1414 419 1493 454 505

167 522 275 576 bus,
312 536 377 568 Ex
416 536 533 569 ΗΒΕ
569 535 725 577 BONA,
764 527 839 567 est
874 518 1134 577 additum;
1179 519 1263 567 ubi
1295 537 1411 568 vero
1449 540 1495 569 e-

168 599 308 658 tiam,
345 616 411 648 UT
453 615 607 647 INTER
642 613 804 645 nouos
841 613 974 644 BENE
1010 613 1196 656 AGIER3
1241 597 1498 662 imprimis-

169 695 266 742 que
303 679 355 727 in
394 677 594 726 arbitrio
629 676 700 725 rei
735 675 957 735 uxoriae,
1004 675 1055 723 in
1097 693 1194 740 quo
1236 683 1328 734 est,
1372 694 1498 730 Qun)

166 773 368 812 Eamus,
408 771 624 815 MELIUS3
663 755 820 820 parati
858 771 963 803 esse
989 754 1189 803 debent.
1262 755 1342 803 Illi
1367 756 1499 804 enim

167 833 336 882 dolum
373 832 576 892 malum,
617 833 687 880 illi
727 832 876 882 fidem
916 835 1117 892 bonam,
1157 833 1227 882 illi
1269 851 1501 898 aequum,

166 914 369 970 bonum,
411 912 482 962 illi
520 913 639 978 quid
680 912 868 961 socium
905 913 1058 972 socio,
1094 913 1214 977 quid
1250 930 1384 972 eum,
1419 915 1503 979 qui

166 991 370 1054 negotia
409 991 569 1039 aliena
610 1000 847 1051 curasset,
900 992 964 1050 ei,
1017 991 1157 1056 cujus
1199 1008 1257 1040 ea
1302 993 1505 1056 nogotia

164 1067 410 1130 fuissent3
450 1069 570 1134 quid
595 1086 728 1128 eum,
753 1070 837 1133 qui
863 1069 1162 1128 mandasset,
1200 1086 1393 1127 eumve,
1422 1072 1502 1119 cui

166 1149 457 1198 mandatum
492 1157 635 1205 esset,
674 1148 882 1197 alterum
907 1149 1049 1198 alteri
1088 1157 1337 1214 praestare
1362 1167 1503 1215 opor-

168 1235 332 1289 teret3
372 1228 491 1293 quid
514 1229 675 1277 virum
700 1229 861 1287 uxori,
888 1228 1008 1293 quid
1031 1245 1237 1278 uxorem
1261 1229 1382 1286 viro,
1409 1238 1504 1279 tra-

170 1306 421 1357 diderunt.
513 1308 713 1357 Licebit
757 1309 929 1373 igitur,
982 1308 1247 1373 diligenter
1293 1310 1506 1375 cognitis

170 1396 576 1450 argumentorum
618 1387 754 1445 locis,
809 1405 911 1437 non
948 1388 1097 1437 modo
1138 1389 1412 1438 oratoribus
1456 1398 1507 1439 et

167 1465 485 1531 philosophis,
524 1468 612 1516 sed
639 1467 766 1532 juris
807 1468 956 1517 etiam
996 1468 1168 1533 peritis
1206 1469 1404 1534 copiose
1443 1471 1506 1520 de

170 1546 614 1596 consultationibus
640 1547 738 1595 suis
763 1547 1030 1611 disputare.

237 1625 532 1691 Conjunctis
555 1626 673 1675 huic
715 1643 972 1675 causarum
996 1625 1108 1675 Ioco
1131 1627 1271 1676 locus
1295 1628 1377 1677 ille
1415 1638 1504 1687 est,
1546 1636 1646 1695 18,

168 1704 254 1768 qui
279 1703 490 1753 efficitur
513 1721 577 1752 ex
602 1704 777 1753 causis.
876 1703 949 1752 Ut
973 1704 1105 1752 enim
1131 1722 1278 1754 causa
1303 1707 1423 1770 quid
1447 1709 1510 1758 sit

169 1783 404 1831 eflectum
445 1782 652 1841 indicat,
689 1782 776 1842 sic,
814 1783 948 1847 quod
989 1783 1222 1832 effectum
1254 1794 1343 1842 est,
1382 1804 1508 1850 quae

168 1860 321 1913 fuerit
363 1878 523 1917 causa,
563 1862 884 1910 demonstrat.
959 1861 1060 1910 Hic
1098 1862 1238 1912 locus
1280 1867 1509 1929 suppedi-

169 1948 276 1990 tare
302 1940 428 1989 solet
450 1940 724 1989 oratoribus
761 1948 811 1989 et
844 1940 1022 2004 poetis,
1059 1958 1203 2006 saepe
1229 1943 1378 1991 etiam
1402 1945 1510 2008 phi.

169 2018 403 2083 Iosophis,
455 2019 543 2067 sed
580 2019 656 2077 iis,
709 2019 793 2084 qui
832 2027 1004 2068 ornate
1046 2028 1097 2068 et
1139 2020 1337 2085 copiose
1373 2022 1510 2088 loqui

170 2106 395 2166 possunt,
448 2097 721 2147 mirabilem
764 2099 957 2163 copiam
1000 2099 1216 2157 dicendi,
1272 2118 1388 2150 cum
1426 2103 1510 2152 de.

173 2179 425 2237 nuntiant,
461 2177 580 2242 quid
605 2194 668 2226 ex
693 2195 887 2242 quaque
907 2195 959 2226 re
985 2178 1048 2226 sit
1070 2178 1310 2229 futurum.
1382 2182 1510 2232 Cau-

172 2274 336 2307 sarum
383 2257 516 2306 enim
564 2256 785 2321 cognitio
833 2257 1170 2322 cognitionem
1219 2268 1510 2311 eventorum

171 2336 310 2391 facit.
384 2335 625 2400 Reliquus
651 2343 726 2385 est
761 2337 1142 2402 comparationis
1176 2337 1330 2398 locus,
1370 2341 1510 2406 cujus

172 2433 332 2481 genus
357 2424 408 2465 et
433 2415 715 2483 exemplum
740 2433 886 2481 supra
908 2417 1123 2481 positum
1151 2426 1243 2478 est,
1268 2427 1324 2468 ut
1350 2429 1510 2470 caete-

173 2511 374 2547 rorum:
419 2511 553 2545 nunc
595 2494 890 2562 explicanda
929 2497 1162 2546 tractatio
1204 2506 1293 2547 est.
1365 2499 1511 2549 Com-

174 2581 412 2640 parantur
446 2574 598 2638 igitur
634 2591 710 2634 ea,
746 2591 872 2640 quae
897 2583 983 2623 aut
1006 2575 1208 2640 majora,
1246 2586 1332 2626 aut
1356 2579 1511 2628 mino-

175 2669 249 2711 ra,
295 2661 381 2701 aut
420 2653 558 2717 paria
597 2652 864 2703 dicuntur:
914 2655 966 2701 in
1007 2655 1183 2719 quibus
1224 2664 1511 2720 spectantur

176 2731 318 2789 haec,
357 2748 606 2790 numeruS‚
634 2734 843 2798 species,
877 2734 970 2793 vis,
1006 2734 1248 2798 quaedam
1274 2736 1423 2784 etiam
1447 2737 1512 2787 ad

176 2827 255 2863 res
288 2811 476 2877 aliquas
509 2811 721 2861 affectio.
793 2813 1016 2862 Numero
1051 2813 1122 2862 sic
1157 2816 1512 2880 comparabun-

180 2898 280 2952 tur,
332 2899 389 2942 ut
428 2891 569 2959 plura
608 2893 739 2942 bona
778 2893 1094 2960 paucioribus
1130 2894 1273 2945 bonis
1310 2903 1510 2962 antepo-
