2071 3508
722 419 937 460 TOPICA.
1442 425 1520 465 487

190 544 250 575 ex
274 545 476 593 genere,
512 527 606 576 alia
641 544 703 576 ex
738 526 914 586 forma,
951 526 1045 575 alia
1081 543 1142 574 ex
1179 527 1520 589 similitudine,

187 606 281 656 alia
305 624 367 655 ex
393 606 683 664 differentia,
721 606 814 652 alia
839 622 901 653 ex
927 607 1192 664 contrario,
1231 607 1325 654 alia
1349 624 1411 655 ex
1437 609 1520 656 ad-

178 684 384 749 junctis,
420 685 513 733 alia
550 701 613 733 ex
651 685 1081 745 antecedentibus,
1117 685 1212 734 alia
1252 702 1314 734 ex
1352 703 1523 735 conse-

183 756 463 827 (juentibus,
497 764 591 812 alia
615 781 677 813 ex
702 766 1112 830 repugnantibus,
1137 765 1231 813 alia
1255 783 1318 814 ex
1344 767 1522 825 causis,

182 841 278 888 alia
301 858 364 889 ex
406 841 612 902 effectis,
649 843 741 890 alia
768 860 831 892 ex
868 845 1235 908 comparatione
1261 843 1518 910 majorum,

183 928 269 968 aut
291 922 502 985 parium,
527 930 614 970 aut
628 922 890 971 minorum.
963 923 1242 988 Conjugata
1267 924 1523 986 dicuntur,

184 1015 310 1063 quae
335 1008 450 1049 sunt
474 1018 536 1049 ex
561 1002 722 1050 verbis
747 1003 943 1067 generis
968 1002 1205 1067 ejusdem.
1284 1003 1523 1068 Ejusdem

183 1085 350 1127 autem
373 1081 571 1144 generis
594 1082 745 1129 verba
769 1088 898 1138 sunt,
938 1098 1063 1145 quae
1088 1090 1196 1130 orta
1219 1084 1279 1131 ab
1317 1100 1417 1132 uno
1442 1102 1523 1132 va-

183 1156 254 1205 rie
281 1167 669 1220 commutantur,
704 1167 761 1208 ut
786 1160 999 1224 sapiens,
1035 1161 1298 1225 sapienter,
1335 1163 1524 1227 sapien-

185 1236 270 1284 tia.
344 1238 487 1286 Haec
524 1240 788 1290 verborum
828 1239 1112 1304 conjugatio
1136 1239 1296 1298 συζυγία
1321 1242 1523 1303 dicitur,

187 1333 249 1364 ex
275 1334 371 1381 qua
406 1317 749 1382 hujuscemodi
787 1326 862 1366 est
894 1327 1242 1382 argumentum
1262 1339 1276 1367 z
1317 1320 1366 1369 Si
1391 1337 1524 1369 com-

183 1412 397 1461 pascuus
421 1414 540 1463 ager
565 1406 652 1455 est,
689 1397 770 1462 jus
796 1405 871 1446 est
895 1413 1228 1463 compascere.
1300 1399 1350 1447 A
1373 1417 1526 1465 gene-

184 1493 237 1524 re
263 1477 333 1526 sic
359 1478 558 1527 ducitur
579 1497 591 1527 ε
638 1479 887 1536 Quoniam
923 1487 1186 1543 argentum
1212 1496 1358 1528 omne
1384 1480 1526 1528 muli-

187 1556 257 1605 eri
294 1556 515 1623 legatum
555 1566 648 1618 est,
674 1575 790 1633 'non
827 1566 994 1623 potest
1031 1576 1090 1607 ea
1125 1560 1357 1624 pecunia,
1400 1577 1525 1625 quae

185 1644 445 1684 numerata
469 1636 602 1684 domi
628 1636 801 1685 relicta
825 1644 914 1693 est,
941 1653 1041 1685 non
1068 1654 1173 1685 esse
1197 1637 1392 1702 legata:
1429 1637 1528 1686 for-

185 1730 267 1761 ma
291 1714 422 1762 enirn
455 1732 484 1762 a
520 1702 724 1780 genere,
761 1715 925 1780 quoad
949 1732 1091 1763 suum
1117 1733 1301 1765 nomen
1325 1718 1528 1778 retinet,

185 1808 439 1858 nunquam
479 1793 788 1858 sejungitur:
826 1802 1087 1842 numerata
1123 1803 1288 1843 autem
1313 1796 1530 1861 pecunia

185 1885 371 1918 nomen
412 1871 606 1935 argenti
654 1871 868 1924 retinet:
916 1870 1083 1935 legata
1122 1872 1276 1936 igitur
1312 1874 1526 1922 videtur.

189 1949 240 1997 A
262 1948 423 1997 forma
456 1949 687 2013 generis3
727 1965 875 2014 quam
909 1950 1181 2011 interdum,
1214 1969 1312 2017 quo
1335 1952 1530 2018 planius

189 2029 481 2094 accipiatur,
515 2036 708 2093 partem
747 2028 869 2077 licet
899 2029 1175 2090 nominare,
1210 2031 1307 2080 hoc
1343 2033 1527 2081 modo:

189 2107 240 2156 Si
265 2108 335 2156 ita
359 2108 538 2157 Fabiae
562 2108 776 2173 pecunia
799 2107 966 2173 legata
990 2116 1065 2158 est
1089 2127 1118 2158 a
1141 2110 1264 2171 viro,
1290 2112 1329 2159 si
1355 2112 1399 2159 ei
1424 2112 1530 2161 viro

189 2186 556 2235 materfamilias
599 2195 757 2246 esset3
797 2187 836 2234 si
879 2203 937 2235 ea
976 2188 1029 2235 in
1064 2205 1266 2237 manum
1302 2191 1392 2239 viri
1428 2208 1530 2240 non

187 2273 509 2325 convenerat,
568 2265 690 2314 nihil
738 2265 962 2316 debetur.
1057 2267 1232 2317 Genus
1274 2270 1407 2318 enim
1456 2279 1531 2320 est

190 2361 316 2393 uxor
343 2363 354 2392 z
415 2344 518 2410 ejus
572 2345 699 2394 duae
752 2344 976 2406 formae,
1035 2363 1135 2395 una
1175 2348 1530 2398 matrumfami-

190 2424 297 2484 lias,
334 2441 522 2484 earum,
547 2442 672 2490 quae
698 2425 749 2473 in
774 2443 976 2474 manum
1003 2436 1377 2490 convenerunt5
1412 2430 1531 2478 alte-

192 2519 245 2550 ra
269 2519 453 2559 earum,
498 2519 623 2567 quae
648 2504 995 2553 tantummodo
1036 2521 1215 2555 uxores
1252 2506 1528 2558 habentur:

192 2598 289 2646 qua
323 2581 373 2629 in
409 2589 549 2646 parte
575 2599 689 2634 cum
722 2581 876 2631 fuerit
899 2583 1064 2640 Fabia,
1101 2583 1322 2649 legatum
1349 2587 1393 2635 ei
1430 2604 1532 2637 non

191 2661 404 2709 videtur.
478 2661 528 2708 A
563 2660 902 2720 similitudine,
936 2661 1033 2710 hoc
1068 2664 1249 2713 modo:
1296 2665 1345 2714 Si
1384 2667 1532 2717 aedes

193 2756 282 2788 eae
310 2746 618 2796 corruerunt,
639 2739 877 2788 vitiumve
901 2738 1150 2801 fecerunt,
1166 2759 1371 2806 quarum
1396 2761 1532 2794 usus-

192 2818 385 2868 fructus
408 2819 601 2884 legatus
639 2827 729 2880 est,
765 2820 908 2868 heres
942 2821 1202 2870 restituere
1238 2839 1338 2872 non
1364 2825 1530 2884 debet,

195 2914 290 2951 nec
330 2898 552 2959 reficere,
588 2915 689 2949 non
730 2899 906 2965 magis,
942 2916 1090 2966 quam
1115 2917 1311 2951 servum
1335 2903 1530 2954 restitu>⁸

1050 2979 1196 3029 nh4
