2071 3508
680 458 848 496 LIBER
878 456 1187 497 SECUNDUS.
1548 460 1624 498 195

285 588 419 632 rem;
463 569 528 619 ibi
566 583 856 623 commorer,
894 565 962 614 ibi
988 564 1226 624 habitem,
1263 563 1330 613 ibi
1354 563 1620 613 haeream:

285 669 313 699 a
336 649 463 698 malo
487 655 653 696 autem
693 645 914 710 vitioque
941 662 1117 693 causae
1142 645 1212 692 ita
1236 643 1483 700 recedam,
1523 660 1622 692 non

284 738 339 777 ut
362 729 413 776 id
437 745 515 775 me
553 725 794 791 defugere
819 733 1072 790 appareat,
1109 724 1197 773 sed
1221 732 1277 772 ut
1302 732 1464 772 totum
1488 724 1622 771 bono

280 807 364 855 illo
388 806 610 855 ornando
637 810 687 854 et
724 804 955 870 augendo
981 803 1342 853 dissimulatum
1368 803 1621 851 obruatur.

281 885 364 945 Et,
401 886 439 933 si
466 902 613 934 causa
637 892 713 935 est
735 885 787 932 in
812 885 1136 949 argumentis,
1177 883 1452 930 firmissima
1478 898 1625 946 quae-

280 981 376 1030 que
402 965 617 1013 maxime
641 973 804 1023 tueor,
830 980 930 1012 sive
955 963 1096 1028 plura
1121 971 1254 1021 sunt,
1297 962 1398 1009 sive
1424 961 1627 1025 aIIquod

279 1060 452 1092 unum.
525 1044 609 1091 Sin
641 1051 807 1092 autem
848 1042 899 1089 in
925 1041 1294 1100 conciliatione,
1332 1049 1417 1088 aut
1442 1040 1492 1087 in
1517 1057 1627 1104 per-

279 1124 500 1172 motione
527 1137 675 1171 causa
699 1129 774 1170 est
795 1141 809 1181 3
855 1121 919 1168 ad
944 1136 1052 1168 eam
1077 1137 1156 1168 me
1181 1120 1493 1184 potissimum
1517 1137 1625 1183 par-

279 1209 402 1262 tem,
456 1218 582 1266 quae
622 1201 838 1248 maxime
882 1215 1196 1247 commovere
1238 1198 1427 1246 animos
1469 1198 1624 1246 homi-

281 1299 402 1329 num
440 1289 624 1346 potest,
664 1279 883 1329 confero.
980 1278 1182 1326 Summa
1223 1278 1438 1342 denique
1479 1277 1623 1342 hujus

280 1361 477 1425 generis
501 1360 625 1408 haec
652 1367 744 1418 est,
780 1366 855 1418 ut,
889 1358 926 1406 si
951 1358 1003 1404 in
1028 1357 1302 1405 refellendo
1328 1358 1626 1419 adversario,

281 1440 465 1488 firmior
506 1457 610 1488 esse
653 1438 830 1497 oratio,
883 1454 1029 1502 quam
1054 1437 1105 1483 in
1144 1436 1492 1484 confirmandis
1517 1453 1628 1485 nos-

281 1519 367 1566 tris
393 1520 553 1574 rebus,
591 1526 773 1583 potest,
812 1516 979 1564 omnia
1018 1516 1070 1562 in
1095 1515 1234 1563 illum
1278 1513 1530 1563 conferam
1555 1525 1628 1565 te-

278 1596 358 1645 la:
401 1599 475 1645 sin
500 1604 667 1646 nostra
704 1596 898 1644 facilius
922 1595 1135 1660 probari,
1175 1612 1322 1659 quam
1355 1595 1439 1642 illa
1462 1596 1627 1644 redar-

278 1677 366 1742 gui
406 1684 645 1742 possunt3
702 1675 952 1724 abducere
996 1675 1185 1723 animos
1210 1692 1238 1722 a
1271 1675 1519 1723 contraria
1544 1676 1628 1724 de-

278 1755 523 1815 fensione,
560 1764 611 1804 et
636 1755 699 1804 ad
723 1764 942 1804 nostram
980 1771 1134 1803 conor
1157 1755 1436 1804 traducere.
1508 1756 1627 1805 Duo

281 1835 497 1901 denique
539 1835 636 1893 illa,
681 1853 808 1900 quae
846 1835 1083 1884 facillima
1107 1835 1342 1883 videntur
1368 1835 1627 1900 (quoniam

281 1933 406 1980 quae
456 1915 730 1963 difficiliora
773 1923 906 1973 sunt,
960 1931 1060 1962 non
1106 1914 1333 1979 possum)
1376 1915 1496 1962 mihi
1537 1933 1628 1980 pro

281 2011 393 2042 meo
410 1993 524 2059 jure
551 2011 691 2042 sumo
714 2012 725 2041 :
787 1994 978 2052 Unum,
1015 2002 1072 2041 ut
1096 1993 1306 2041 molesto
1330 2001 1417 2041 aut
1442 1994 1627 2043 difficili

282 2081 577 2139 argumento
603 2081 689 2121 aut
712 2072 841 2129 loco,
880 2088 1238 2136 nonnunquam
1276 2073 1480 2121 omnino
1505 2075 1627 2122 nihil

282 2152 607 2217 respondeam
630 2173 642 2212 ;
673 2152 807 2217 quod
830 2151 1036 2199 forsitan
1062 2151 1235 2215 aliquis
1251 2151 1365 2216 jure
1391 2152 1624 2202 irriserit:

281 2234 390 2296 quis
416 2231 548 2280 enim
588 2238 677 2288 est,
716 2231 800 2295 qui
824 2231 877 2278 id
900 2229 1067 2278 facere
1093 2247 1193 2279 non
1217 2232 1407 2295 possit?
1443 2233 1531 2280 sed
1556 2242 1626 2282 ta-

280 2328 396 2360 men
435 2328 530 2376 ego
557 2310 618 2359 de
644 2327 756 2358 mea
779 2327 931 2367 nunc,
971 2327 1071 2358 non
1098 2311 1159 2358 de
1185 2310 1392 2360 aliorum
1417 2312 1625 2362 faculta-

279 2399 330 2439 te
374 2391 591 2456 disput0‚
628 2381 967 2455 confiteorque
992 2407 1090 2449 me,
1117 2391 1155 2438 si
1181 2408 1306 2455 quae
1330 2402 1524 2456 premat
1549 2410 1626 2442 rcs

281 2470 645 2529 vehementius,
681 2470 752 2518 ita
790 2469 970 2519 cedere
1013 2469 1186 2526 solere,
1241 2479 1298 2518 ut
1340 2488 1439 2519 non
1477 2473 1626 2521 modo

282 2565 384 2597 non
425 2548 641 2614 abjecto,
684 2549 772 2598 sed
809 2565 872 2598 ne
898 2548 1085 2613 rejecto
1126 2549 1327 2613 quidem
1354 2559 1515 2610 scuto,
1549 2551 1626 2598 fu-

280 2646 400 2694 gere
426 2629 626 2688 videar3
667 2629 753 2677 sed
779 2629 1014 2678 adhibere
1057 2631 1305 2693 quandam
1331 2631 1379 2677 in
1408 2631 1624 2679 dicendo

283 2712 500 2778 speciem
538 2720 687 2776 atque
723 2729 975 2777 pompam,
1013 2721 1061 2761 et
1092 2730 1290 2777 pugnae
1316 2712 1525 2762 similem
1550 2711 1624 2759 fu·

282 2809 396 2857 gam
419 2810 431 2839 :
472 2791 742 2839 consistere
782 2808 900 2839 vcro
941 2791 992 2838 in
1034 2808 1147 2839 meo
1171 2792 1416 2856 praesidio
1441 2793 1527 2850 sic,
1569 2800 1625 2842 ut

281 2888 384 2920 non
407 2869 635 2936 fugiendi
659 2869 831 2930 hostis,
861 2871 948 2919 sed
973 2870 1203 2936 capiendi
1227 2871 1323 2920 loci
1351 2889 1497 2922 causa
1522 2891 1624 2923 ces-

1657 1291 1685 1329 [Ο

1691 1288 1718 1329 Ὦ

1726 1291 1752 1330 ἰῶ

283 2950 400 3000 sisse
424 2950 608 2999 videar.
683 2950 914 3000 Alterum
952 2960 1026 3000 est
1062 2950 1203 3011 illud,
1239 2952 1374 3016 quod
1399 2970 1494 3019 ego
1518 2963 1621 3003 ora-
1654 2958 1767 3001 295.

1188 3039 1289 3079 ΝΩ
