2071 3508
298 1249 399 1311 17.

440 448 518 486 328
981 451 1057 488 DE
1080 451 1278 489 CLARIS

436 558 569 605 omni
593 558 737 607 laude
761 558 966 607 felicior.
1041 559 1209 607 Habet
1234 560 1364 608 enim
1386 569 1546 610 certos
1566 563 1639 610 sui
1659 564 1763 612 ‘stu-

437 635 616 695 diosos,
663 638 746 700 qui
788 654 887 684 non
924 646 1026 685 tam
1064 638 1259 686 habitus
1299 641 1513 703 corporis
1555 642 1763 705 opimos,

437 731 583 777 quam
608 717 908 779 gracilitates
936 725 1318 776 consectentur3
1360 736 1498 782 quos,
1534 720 1766 768 valetudo

436 794 586 841 modo
623 796 755 842 bona
795 796 870 852 sit,
909 795 1125 843 tenuitas
1166 796 1270 859 ipsa
1295 796 1526 845 delectet.
1599 799 1767 854 Quan-

437 886 583 934 quam
608 874 658 920 in
684 874 832 938 Lysia
857 882 970 921 sunt
1013 890 1157 936 saepe
1198 874 1345 921 etiam
1386 874 1574 932 lacerti,
1616 876 1685 924 sic
1710 885 1767 926 ut

437 967 495 998 eo
520 951 623 998 fieri
647 952 767 998 nihil
808 953 961 1016 possit
1002 952 1278 999 valentius:
1315 970 1486 1000 verum
1524 962 1657 1002 certe
1682 971 1766 1018 ge-

435 1045 551 1077 nere
577 1038 684 1077 toto
709 1031 960 1093 strigosior
982 1046 993 1074 :
1032 1031 1119 1077 sed
1153 1029 1303 1077 habet
1327 1042 1494 1079 tamen
1531 1049 1642 1080 suos
1664 1032 1767 1080 lau-

435 1107 649 1165 datores,
686 1107 769 1171 qui
794 1107 887 1154 hac
928 1107 1033 1169 ipsa
1076 1106 1178 1168 ejus
1205 1107 1473 1157 subtilitate
1498 1109 1764 1158 admodum

435 1186 700 1250 gaudeant.
969 1191 972 1194 ⁴

505 1277 745 1324 Catonem
771 1292 887 1324 vero
929 1275 1035 1339 quis
1075 1281 1353 1322 nostrorum
1379 1282 1646 1332 oratorum,
1682 1270 1766 1336 qui

438 1355 637 1418 quidem
663 1369 797 1400 nunc
815 1360 945 1410 sunt,
962 1351 1109 1415 legit?
1135 1359 1220 1398 aut
1245 1353 1350 1415 quis
1375 1352 1513 1398 novit
1537 1350 1765 1398 omnino?

436 1441 487 1481 at
512 1449 657 1496 quem
698 1431 856 1478 virum
878 1431 894 1478 ?
931 1430 998 1476 dii
1022 1429 1164 1477 boni!
1200 1430 1344 1477 mitto
1370 1431 1546 1487 civem,
1584 1436 1670 1476 aut
1694 1444 1765 1475 se-

435 1519 674 1565 natorem,
714 1517 798 1556 aut
822 1509 1197 1572 imperatorem:
1237 1516 1478 1555 oratorem
1513 1507 1643 1554 enim
1667 1505 1764 1554 hoc

433 1589 545 1637 loco
571 1587 862 1652 quaerimus.
935 1586 1058 1642 Quis
1082 1585 1166 1633 illo
1189 1586 1384 1649 gravior
1406 1585 1456 1631 in
1481 1583 1764 1632 laudando?

435 1667 658 1715 acerbior
682 1667 731 1712 in
768 1665 1093 1729 vituperando
1114 1665 1130 1711 ?
1156 1665 1205 1711 in
1232 1664 1486 1712 sententiis
1511 1662 1764 1727 argutior?

435 1745 487 1791 in
527 1744 753 1792 docendo
791 1743 1202 1806 edisserendoque
1245 1741 1499 1790 subtilior?
1551 1741 1762 1789 refertae

435 1831 550 1871 sunt
600 1821 844 1869 orationes
891 1819 1097 1883 amplius
1151 1828 1351 1866 centum
1405 1819 1763 1882 quinquaginta

435 1905 580 1965 (quas
606 1900 804 1964 quidem
842 1898 1004 1946 adhuc
1046 1898 1318 1947 invenerim
1357 1904 1408 1944 et
1444 1896 1673 1960 legerim)
1711 1905 1762 1945 et

431 1980 592 2028 verbis
634 1987 684 2027 et
730 1980 874 2026 rebus
922 1977 1205 2024 illustribus.
1277 1976 1424 2024 Licet
1462 1992 1524 2023 ex
1560 1975 1634 2023 his
1677 1976 1761 2024 eli-

430 2067 553 2123 gant
593 2076 664 2114 ea,
704 2074 828 2121 quae
863 2057 1118 2104 notatione
1162 2063 1212 2103 et
1248 2055 1394 2102 laude
1434 2055 1584 2119 digna
1619 2056 1757 2115 sint3

430 2154 600 2185 omnes
625 2137 863 2185 oratoriae
887 2137 1095 2183 virtutes
1114 2135 1163 2181 in
1191 2135 1259 2182 eis
1276 2135 1597 2198 reperientur.
1645 2135 1758 2184 Jam

429 2232 547 2262 vcro
572 2215 803 2277 Origines
829 2214 931 2277 ejus
952 2230 1094 2277 quem
1122 2213 1306 2268 florem,
1329 2221 1413 2259 aut
1439 2213 1571 2276 quod
1588 2212 1758 2261 lumen

430 2292 740 2355 eloquentiae
765 2309 864 2339 uon
889 2292 1098 2339 habent?
1137 2291 1398 2338 Amatores
1418 2291 1532 2338 huic
1559 2291 1755 2350 desunt,

430 2371 575 2417 sicuti
601 2371 764 2417 multis
792 2370 895 2432 jam
921 2377 1034 2416 ante
1074 2368 1249 2416 seculis
1286 2376 1336 2416 et
1375 2368 1578 2416 Philisto
1617 2370 1755 2433 Syra-

430 2448 581 2503 cusio,
621 2455 672 2495 et
711 2448 802 2510 ipsi
833 2446 1134 2511 Thucydidi.
1207 2446 1336 2493 Nam
1361 2454 1417 2493 ut
1440 2447 1614 2493 horum
1640 2464 1755 2494 con-

429 2526 540 2573 cisis
580 2525 852 2580 sententiis,
890 2525 1137 2572 interdum
1180 2524 1325 2571 etiam
1351 2541 1451 2571 non
1481 2526 1594 2572 satis
1619 2542 1755 2589 aper-

428 2605 509 2662 tis,
553 2620 665 2651 cum
705 2604 966 2660 brevitate,
1001 2614 1106 2650 tum
1143 2602 1294 2649 nimio
1319 2603 1565 2662 acumine,
1603 2604 1753 2653 officit

429 2682 782 2746 Theopompus
824 2681 1033 2728 elatione
1064 2689 1211 2744 atque
1236 2680 1496 2728 altitudine
1521 2682 1751 2730 orationis

428 2777 574 2819 suae3
615 2759 747 2823 quod
770 2759 901 2807 idem
927 2758 1103 2822 Lysiae
1128 2758 1490 2817 Demosthenes
1512 2777 1522 2806 ε
1568 2760 1636 2807 sic
1662 2760 1752 2807 Ca-

427 2838 556 2885 tonis
580 2837 845 2884 luminibus
870 2837 1114 2885 obstruxit
1137 2836 1259 2883 haec
1274 2836 1596 2899 posteriorum
1614 2836 1749 2899 quasi

427 2920 725 2978 exaggerata
750 2914 892 2963 altius
917 2915 1084 2964 oratio.
1157 2914 1255 2963 Sed
1277 2914 1328 2962 in
1357 2914 1532 2963 nostris
1555 2912 1748 2961 inscitia
