2071 3508
701 399 869 438 LIBER
900 399 1206 438 SECUNDUS.
1547 404 1630 442 215

298 510 579 559 neminem:
633 507 729 555 1100
775 507 972 555 interim
1016 508 1173 572 spatio
1212 506 1448 555 conclave
1488 509 1631 569 illud,

298 589 380 638 ubi
406 586 686 651 epularetur
723 585 924 651 Scopas,
962 586 1238 636 concidisse
1263 604 1274 633 :
1314 603 1372 634 ea
1395 587 1536 634 ruina
1559 589 1630 652 ip-

295 683 401 715 sum
440 681 726 729 oppressum
770 682 883 713 cum
921 666 1018 713 suis
1054 665 1327 712 interiisse:
1367 681 1490 729 quos
1517 682 1630 713 cum

292 745 495 791 humare
520 744 707 793 vellent
731 745 824 804 sui,
843 762 1004 809 neque
1023 752 1225 809 possent
1249 745 1456 793 obtritos
1481 746 1630 793 inter-

291 838 496 870 noscere
544 822 645 870 ullo
692 824 857 880 modo,
909 823 1186 871 Simonides
1234 823 1417 871 dicitur
1463 841 1527 872 ex
1569 842 1629 873 eo

292 901 427 965 quod
451 902 774 962 meminisset,
811 920 922 967 quo,
953 919 1123 950 eorum
1160 902 1270 950 loco
1307 903 1514 967 quisque
1546 920 1630 952 cu-

287 980 490 1038 buisset,
533 982 896 1031 demonstrator
931 981 1319 1046 uniuscujusque
1356 983 1629 1048 sepeliendi

287 1057 454 1108 fuisse.
528 1061 642 1109 Hac
666 1069 773 1109 tum
799 1079 851 1109 re
877 1062 1158 1110 admonitus
1182 1062 1427 1111 invenisse
1452 1063 1657 1123 fertur,-

288 1138 514 1188 ordinem
540 1157 644 1188 esse
670 1141 903 1199 maxime,
942 1141 1027 1204 qui
1052 1141 1318 1188 memoriae
1352 1141 1523 1190 lumen
1559 1142 1628 1190 af-

287 1216 455 1266 ferret.
527 1218 704 1282 Itaque
729 1220 805 1279 iis,
843 1222 926 1284 qui
961 1221 1089 1267 hanc
1113 1228 1307 1284 partem
1331 1221 1519 1285 ingenii
1544 1239 1627 1271 ex·
1660 1232 1771 1273 354.

288 1305 533 1356 emerent,
574 1297 709 1346 10005
735 1315 840 1345 0550
866 1298 1148 1362 capiendos,
1190 1307 1241 1346 et
1265 1315 1342 1357 ea,
1378 1316 1503 1364 quae
1528 1317 1628 1349 me-

288 1377 444 1424 moria
468 1384 638 1425 tenere
664 1376 867 1435 vellent,
894 1376 1173 1440 effingenda
1192 1379 1375 1436 animo,
1401 1387 1550 1441 atque
1575 1380 1627 1428 in

287 1454 363 1502 his
386 1455 506 1503 locis
533 1455 822 1503 collocanda
843 1473 854 1503 :
895 1455 963 1503 sic
982 1454 1106 1514 fore,
1131 1464 1187 1503 ut
1211 1456 1436 1504 ordinem
1460 1474 1627 1506 rerum

287 1533 511 1582 locorum
553 1535 676 1582 ordo
719 1543 1033 1583 conservaret
1055 1556 1066 1594 3
1107 1552 1183 1583 res
1208 1543 1374 1583 autem
1398 1536 1527 1599 ipsas
1552 1555 1625 1586 re-

286 1629 396 1660 rum
422 1612 606 1678 effigies
631 1622 856 1674 notaret3
897 1623 1044 1679 atque
1071 1623 1125 1662 ut
1149 1614 1270 1663 locis
1294 1632 1383 1679 pro
1409 1631 1540 1675 cera,
1566 1618 1625 1665 si-

286 1692 516 1741 mulacris
540 1710 629 1758 pro
653 1693 807 1742 literis
832 1702 1102 1744 uteremur.

370 1771 472 1829 Qui
531 1772 594 1819 sit
639 1780 807 1821 autem
860 1774 1042 1822 oratori
1090 1776 1354 1824 memoriae
1413 1775 1621 1835 fructus,
1660 1754 1765 1816 87·

285 1858 471 1915 quanta
493 1851 698 1911 utilitas,
737 1860 921 1916 quanta
958 1853 1047 1911 vis,
1091 1853 1209 1917 quid
1246 1871 1324 1902 me
1349 1856 1530 1904 attinet
1554 1856 1624 1904 di·
1658 1854 1770 1894 355·

286 1929 433 1977 cere?
459 1937 630 1979 tenere
647 1948 772 1995 quae
799 1932 1030 1980 didiceris
1054 1933 1104 1978 in
1131 1933 1423 1996 accipienda
1449 1937 1623 1984 causa?

285 2024 411 2073 quae
436 2010 540 2072 ipse
567 2011 835 2074 cogitaris?
871 2026 1041 2058 omnes
1073 2010 1193 2058 fixas
1231 2028 1335 2059 esse
1371 2013 1422 2059 in
1458 2014 1624 2063 animo

285 2088 593 2136 sententias?
630 2106 827 2138 omnem
859 2090 1162 2154 descriptum
1188 2093 1449 2139 verborum
1476 2110 1623 2158 appa-

284 2169 484 2215 ratum?
532 2169 601 2216 ita
639 2169 808 2217 audire
850 2169 928 2217 vel
967 2186 1099 2228 eum,
1142 2170 1275 2218 unde
1324 2170 1500 2231 discas,
1543 2173 1623 2221 vel

285 2263 419 2306 eum,
462 2248 543 2294 cui
585 2248 986 2312 respondendum
1027 2249 1103 2305 sit,
1147 2258 1201 2297 ut
1237 2249 1307 2296 illi
1332 2267 1433 2298 non
1457 2251 1622 2300 infun-

283 2325 400 2373 dere
425 2326 475 2373 in
501 2343 642 2375 aures
666 2335 775 2375 tuas
800 2328 1088 2384 orationem,
1117 2328 1204 2376 sed
1228 2329 1278 2375 in
1299 2329 1463 2378 animo
1487 2331 1622 2381 vide-

283 2413 429 2452 antur
453 2404 758 2454 inscribere?
798 2406 973 2470 Itaque
1011 2406 1120 2465 soli,
1159 2409 1243 2471 qui
1281 2409 1518 2463 memoria
1552 2410 1622 2458 vi-

282 2491 424 2545 gent,
472 2485 654 2543 sciunt,
702 2485 840 2548 quid,
880 2494 930 2533 et
978 2494 1239 2548 quatenus,
1279 2495 1327 2534 et
1369 2489 1619 2551 quomodo

284 2561 467 2610 dicturi
504 2563 619 2621 sint,
663 2564 782 2627 quid
819 2564 1182 2628 responderint,
1220 2566 1338 2628 quid
1375 2567 1617 2630 supersit:

283 2641 533 2708 iidemque
576 2641 732 2689 multa
770 2659 830 2690 ex
871 2643 975 2690 aliis
1012 2643 1169 2690 causis
1206 2643 1470 2707 aliquando
1506 2662 1534 2693 a
1570 2662 1621 2695 se

283 2728 409 2776 acta,
437 2719 594 2767 multa
617 2720 677 2767 ab
703 2719 808 2767 aliis
832 2720 1002 2768 audita
1032 2721 1378 2770 meminerunt.
1453 2724 1620 2781 Quare
1654 2722 1766 2763 3515.

286 2798 526 2848 confiteor
575 2798 822 2862 equidem,
868 2798 1011 2863 hujus
1058 2799 1194 2858 boni,
1242 2808 1468 2851 naturam
1517 2820 1620 2854 0550

284 2879 583 2945 principem,
619 2877 749 2927 sicut
782 2894 951 2927 earum
986 2894 1169 2942 serum,
1212 2877 1273 2926 de
1308 2881 1483 2944 quibus
1509 2892 1622 2932 31110

1206 2974 1236 3006 O
1261 2967 1293 3006 4·
