2071 3508
420 392 501 431 232
912 389 989 428 DE
1018 389 1286 429 ORATORE

424 495 567 544 randi
607 496 722 555 sint,
758 497 845 546 sed
867 505 924 545 ut
958 498 1010 557 ii,
1047 515 1167 563 quos
1203 505 1397 547 constet
1421 512 1524 545 esse
1548 496 1753 545 laudan&

316 580 395 627 27.
428 576 535 635 dos,
564 576 615 623 in
640 575 819 641 dispari
844 585 1009 625 tamen
1033 595 1215 642 genere
1233 577 1510 625 laudentur.
1583 576 1761 640 Atque·

427 655 480 704 id
503 655 716 720 primum
739 656 788 703 in
814 658 972 720 poetis
997 657 1132 705 cerni
1154 656 1290 715 licet,
1316 657 1490 720 quibus
1515 663 1589 703 est
1610 670 1756 720 prox-

430 734 530 782 ima
548 735 780 798 cognatio
801 752 913 782 cum
934 736 1224 794 oratoribus,
1249 752 1394 799 quam
1414 735 1511 782 sint
1533 735 1662 782 inter
1686 750 1758 780 se-

433 829 483 861 se
503 813 708 869 Ennius‚
728 814 988 872 Pacuvius,
1007 814 1290 877 Acciusque
1308 813 1586 861 dissimiles:
1615 827 1761 876 quam

433 892 567 956 apud
591 892 812 940 Graecos
833 891 1130 956 Aeschylus,
1157 891 1441 954 Sophocles,
1466 891 1759 954 Euripides3

436 987 718 1035 quanquam
760 970 985 1017 omnibus
1026 986 1113 1033 par
1153 985 1282 1032 pene
1322 968 1426 1015 laus
1467 969 1518 1014 in
1544 967 1765 1015 dissimili

327 1061 407 1100 28.
440 1048 686 1096 scribendi
710 1064 892 1110 genere
911 1048 1170 1095 tribuatur.
1243 1047 1502 1110 Adspicite
1527 1062 1661 1092 nunc
1685 1060 1772 1092 eos

439 1126 663 1174 homines
699 1133 846 1188 atque
882 1125 1159 1181 intuemini,
1203 1142 1410 1189 quorum
1448 1124 1509 1172 de
1533 1122 1774 1171 facultate

441 1204 738 1269 quaerimus,
776 1203 894 1267 quid
934 1204 1128 1251 intersit
1166 1204 1296 1252 inter
1337 1212 1584 1251 oratorum
1610 1200 1772 1249 studia

442 1290 590 1347 atque
615 1290 829 1330 naturas.
902 1282 1202 1330 Suavitatem
1241 1283 1503 1339 Isocrates,
1538 1279 1774 1328 subtilita-

442 1369 546 1410 tem
583 1361 773 1425 LysiaS,
810 1377 1019 1408 acumen
1060 1361 1357 1425 Hyperides,
1396 1360 1610 1408 sonitum
1653 1357 1776 1405 Aes-

448 1440 636 1498 chines,
687 1440 787 1486 vim
830 1439 1195 1487 Demosthenes
1237 1440 1436 1488 habuit:
1475 1438 1582 1503 quis
1607 1452 1777 1486 eorum

447 1536 549 1567 non
588 1518 849 1582 egregius?
902 1526 1069 1566 tamen
1107 1519 1214 1582 quis
1253 1518 1539 1583 cujusquam
1576 1517 1670 1564 nisi
1704 1515 1778 1563 sui

450 1597 656 1647 similis?
726 1596 1034 1644 Gravitatem
1062 1596 1345 1653 Africanus,
1376 1597 1631 1645 lenitatem
1656 1594 1779 1642 Lae-

449 1677 564 1735 lius,
616 1675 928 1740 asperitatem
955 1675 1133 1734 Galba,
1170 1676 1416 1740 profluens
1442 1675 1675 1740 quiddam
1698 1673 1781 1720 ha-

452 1756 564 1805 buit
604 1755 766 1803 Carbo
808 1762 858 1802 et
894 1771 1160 1802 canorum:
1201 1755 1306 1819 quis
1332 1754 1505 1802 horum
1530 1770 1629 1802 non
1652 1752 1783 1818 prin-

458 1851 577 1898 ceps
599 1833 902 1898 temporibus
926 1833 1019 1880 illis
1043 1832 1139 1881 fuit
1159 1834 1176 1881 ?
1213 1842 1263 1881 et
1278 1850 1365 1882 suo
1389 1842 1555 1882 tamen
1580 1833 1784 1897 quisque

459 1915 511 1962 in
535 1930 719 1978 genere
743 1913 989 1977 princeps.

365 1993 425 2053 8,
529 1992 627 2040 Sed
651 1991 770 2056 quid
795 2008 888 2055 ego
912 2000 1081 2040 vetera
1106 1994 1412 2057 conquiram,
1454 2009 1567 2041 cum
1591 1993 1711 2041 mihi
1732 1995 1791 2044 li-

352 2083 432 2125 29.
465 2079 576 2120 ceat
590 2071 663 2118 uti
678 2071 1017 2134 praesentibus
1034 2072 1270 2136 exemplis
1287 2081 1434 2137 atque
1457 2072 1607 2120 vivis?
1656 2072 1794 2129 Quid

456 2149 730 2214 jucundius
766 2150 962 2197 auribus
1002 2151 1179 2198 nostris
1203 2168 1420 2215 unquam
1445 2150 1628 2199 accidit
1650 2151 1796 2216 hujus

466 2228 688 2276 oratione
732 2227 929 2275 Catuli?
980 2245 1104 2291 quae
1147 2237 1220 2277 est
1255 2247 1378 2293 pura
1407 2230 1495 2288 sic,
1536 2237 1593 2277 ut
1616 2230 1796 2279 Latine

468 2305 604 2370 loqui
627 2322 755 2370 pene
781 2305 909 2352 solus
933 2306 1159 2354 videatur
1182 2327 1196 2366 ;
1237 2308 1308 2354 sic
1331 2315 1497 2354 autem
1521 2308 1699 2371 gravis,
1741 2318 1798 2355 ut

468 2385 522 2432 in
546 2383 780 2448 singulari
804 2384 1045 2448 dignitate
1061 2386 1218 2432 omnis
1242 2393 1408 2433 tamen
1428 2386 1555 2433 adsit
1577 2386 1798 2434 humani-

470 2471 546 2512 tas
571 2479 627 2511 ac
645 2462 797 2527 lepos.
870 2462 1007 2518 Quid
1029 2463 1217 2512 multa?
1253 2464 1400 2512 istum
1425 2464 1628 2511 audiens
1664 2465 1798 2529 equi-

472 2541 587 2590 dem
612 2541 680 2589 sic
709 2540 936 2604 judicare
978 2541 1127 2597 soleo,
1165 2543 1401 2605 quicquid
1425 2550 1510 2589 aut
1534 2542 1799 2602 addideris,

475 2628 562 2668 aut
585 2619 867 2678 mutaveris,
903 2627 989 2667 aut
1013 2610 1298 2677 detraxeris,
1337 2620 1557 2668 vitiosius
1593 2628 1644 2669 et
1668 2621 1802 2669 dete-

370 2713 448 2754 30.
475 2700 574 2746 rius
597 2697 838 2746 futurum.
909 2697 1046 2754 Quid
1085 2706 1251 2746 noster
1274 2698 1356 2746 hic
1381 2699 1596 2747 Caesar?
1637 2715 1801 2747 nonne

479 2793 656 2824 novam
697 2775 944 2840 quandam
980 2776 1221 2825 rationem
1263 2777 1429 2825 attulit
1463 2776 1712 2834 orationis,
1753 2783 1803 2824 et

481 2854 680 2903 dicendi
719 2871 878 2920 genus
912 2855 1111 2905 induxit
1133 2873 1289 2922 prope
1329 2856 1610 2921 singulare?
1680 2854 1803 2913 Quis
