2071 3508
728 405 895 444 LIBER
926 403 1233 443 SECUNDUS.
1566 410 1639 445 201

382 517 448 566 Et
482 515 712 581 quoniam
750 513 910 579 (quod
947 528 1091 577 saepe
1107 511 1212 577 jam
1239 511 1367 573 dixi)
1393 512 1548 561 tribus
1573 532 1646 563 re·
1680 499 1786 559 77.

314 597 406 645 bus
430 610 601 644 omnes
627 593 691 641 ad
726 601 946 640 nostram
983 591 1282 640 sententiam
1310 591 1649 656 perducimus,
1680 592 1791 631 1310.

314 683 400 724 aut
424 673 673 732 docendo,
699 680 786 720 aut
811 671 1144 730 conciliando,
1165 679 1251 719 aut
1273 671 1613 735 permovendo
1635 693 1647 732 3

315 769 413 801 una
437 769 499 800 ex
524 752 681 800 tribus
705 751 780 799 his
805 752 952 799 rebus
978 768 1053 799 res
1076 767 1193 815 prae
1228 750 1368 798 nobis
1395 757 1469 797 est
1491 748 1653 797 feren-

297 831 396 891 .da,
432 839 490 879 ut
513 831 636 878 nihil
673 830 826 889 aliud,
862 830 956 877 nisi
993 830 1174 891 docere
1200 825 1337 877 velle
1365 829 1651 876 videamur:

313 910 531 975 reliquae
557 910 704 970 duae,
742 910 888 958 sicuti
925 909 1124 974 sanguis
1160 910 1211 956 in
1238 908 1542 973 corporibus,
1583 907 1654 956 sic

313 989 426 1038 illae
442 990 493 1037 in
511 989 765 1055 perpetuis
782 988 1086 1037 orationibus
1105 987 1242 1036 fusae
1260 1004 1364 1036 esse
1382 987 1654 1036 debebunt.

314 1068 446 1117 Nam
483 1079 534 1117 et
555 1069 817 1134 principia,
855 1076 906 1117 et
943 1076 1167 1117 caeterae
1203 1075 1367 1133 partes
1403 1067 1657 1126 orationis,

317 1147 380 1197 de
416 1149 594 1213 quibus
635 1148 784 1213 paulo
824 1156 938 1212 post
977 1165 1137 1212 pauca
1178 1147 1421 1206 dicemus,
1474 1147 1656 1195 habere

316 1227 447 1276 hanc
471 1228 571 1276 vim
598 1244 898 1292 magnopere
926 1228 1130 1286 debent,
1156 1235 1212 1275 ut
1237 1227 1300 1274 ad
1325 1243 1495 1274 eorum
1521 1243 1657 1274 men-

318 1315 411 1367 tes,
448 1309 582 1373 apud
618 1325 739 1372 quos
775 1316 967 1372 agetur,
1025 1307 1313 1366 movendas,
1365 1322 1656 1371 permanare

318 1387 524 1451 possint.
613 1387 710 1435 Sed
746 1387 820 1435 his
856 1387 1077 1451 partibus
1114 1386 1362 1442 orationis,
1402 1402 1527 1449 quae
1565 1385 1657 1433 etsi
1690 1392 1801 1431 311.

319 1466 442 1514 nihil
467 1467 651 1515 docent
670 1466 1086 1531 argumentandO,
1110 1465 1456 1530 persuadendo
1473 1474 1658 1523 tamen,

319 1553 372 1594 et
396 1545 757 1594 commovendo
781 1545 1048 1610 proficiunt
1072 1545 1356 1610 plurimum,
1376 1561 1657 1609 quanquam

319 1625 535 1673 maxime
569 1625 796 1689 proprius
822 1632 896 1673 est
931 1624 1070 1673 locus
1095 1634 1146 1673 et
1170 1625 1221 1672 in
1247 1625 1572 1684 exordiendo,
1610 1633 1661 1673 et

318 1704 371 1752 in
395 1705 707 1770 perorando3
748 1705 942 1769 digredi
976 1713 1145 1753 tamen
1171 1706 1231 1753 ab
1269 1722 1346 1764 eo,
1383 1705 1518 1770 quod
1551 1721 1661 1769 pro-

318 1785 540 1849 posueris
565 1792 714 1849 atque
735 1801 871 1848 agas,
906 1784 1357 1848 permovendorum
1383 1784 1659 1832 animorum

322 1880 489 1923 causa,
525 1881 671 1929 saepe
707 1863 830 1911 utile
868 1871 957 1912 est.
1052 1863 1228 1928 Itaque
1265 1863 1344 1912 vel
1379 1863 1660 1911 narratione
1694 1870 1804 1908 312.

323 1943 549 2007 exposita
585 1960 730 2007 saepe
769 1942 914 1990 datur
951 1943 1014 1990 ad
1050 1942 1436 1991 commovendos
1473 1942 1661 1990 animos

327 2022 641 2087 digrediendi
677 2022 849 2070 locus:
888 2021 966 2070 vel
992 2024 1297 2087 argumentis
1333 2023 1511 2070 nostris
1548 2039 1664 2070 con-

326 2102 547 2161 firmatiS,
566 2102 644 2150 vel
662 2102 918 2150 contrariis
938 2101 1181 2161 refutatis,
1206 2102 1285 2150 vel
1307 2110 1515 2167 utroque
1534 2101 1662 2159 loce,

326 2180 405 2229 vel
423 2181 664 2238 omnibus,
690 2180 729 2228 si
743 2180 894 2228 habet
913 2197 1020 2228 eam
1039 2197 1186 2229 causa
1201 2182 1495 2246 dignitatem
1516 2190 1664 2246 atque

327 2261 537 2326 copiam,
566 2267 701 2308 recte
727 2260 779 2308 id
799 2259 902 2308 fieri
920 2268 1116 2324 potest:
1145 2277 1330 2325 eaeque
1356 2278 1531 2309 causae
1552 2271 1667 2309 sunt

326 2341 390 2389 ad
414 2341 664 2405 agendum
691 2349 741 2389 et
766 2340 830 2389 ad
865 2340 1141 2388 ornandum
1176 2341 1492 2405 gravissimae
1518 2350 1667 2406 atque

327 2419 660 2485 plenissimae,
697 2436 823 2484 quae
858 2419 1095 2484 plurimos
1121 2421 1284 2468 exitus
1309 2420 1431 2468 dant
1455 2420 1519 2468 ad
1544 2419 1667 2484 ejus-

329 2499 465 2547 modi
492 2500 866 2565 digressionem,
891 2508 947 2548 ut
968 2500 1042 2549 his
1068 2500 1188 2548 locis
1208 2500 1281 2548 uti
1297 2500 1465 2558 liceat,
1491 2499 1667 2563 quibus

332 2579 608 2627 animorum
644 2580 860 2644 impetus
897 2596 1067 2627 eorum
1094 2580 1177 2643 qui
1204 2580 1432 2637 audiunt,
1469 2586 1554 2626 aut
1579 2579 1666 2626 im-

330 2657 594 2723 pellantur,
622 2666 708 2706 aut
732 2659 1068 2706 reflectantur.
1143 2659 1313 2723 Atque
1334 2658 1482 2706 etiam
1508 2658 1559 2704 in
1583 2657 1667 2706 illo
1699 2672 1812 2711 313,

331 2736 644 2802 reprehendo
669 2753 770 2794 eos,
796 2737 898 2800 qui,
925 2753 1049 2800 quae
1070 2737 1272 2787 minime
1288 2736 1427 2784 firma
1452 2745 1585 2796 sunt,
1611 2754 1669 2786 ea

331 2817 491 2883 prima
516 2815 779 2864 collocant.
853 2815 912 2862 In
939 2832 1036 2879 quo
1062 2814 1168 2863 illos
1189 2832 1384 2880 quoque
1411 2832 1571 2864 errare
1597 2833 1668 2864 ar-

334 2898 509 2957 bitror,
545 2895 647 2961 qui,
683 2895 722 2944 si
759 2895 957 2961 quando
994 2895 1070 2960 (id
1096 2895 1230 2961 quod
1266 2895 1385 2945 mihi
1415 2912 1665 2962 nunquam
