2071 3508
466 376 686 418 LIBRUM
717 378 1031 419 SECUNDUM
1059 378 1136 417 DE
1167 378 1448 417 ORATORE.
1559 381 1638 418 533

304 488 348 520 ta
362 495 453 534 pars
473 484 735 522 aedificiorum
756 484 795 520 in
814 483 921 521 foro:
949 483 1188 520 vocabantur
1220 496 1312 520 vero
1341 483 1414 522 hae
1436 483 1637 523 Tabernae

307 548 454 596 Novae,
477 552 566 602 quia
587 551 681 589 aliae
702 556 811 588 erant
830 549 1082 587 vetustiores:
1111 548 1202 586 hinc
1222 549 1317 588 illud
1336 550 1464 597 Plinii,
1489 551 1557 589 sub
1576 565 1636 590 ve-

301 617 457 663 teribus,
478 631 532 656 sc.
552 616 731 655 tabernis.
789 615 1021 653 Pmacms.

359 683 452 734 Pag.
482 686 570 722 189.
597 682 663 719 lin.
684 685 722 721 5.
769 695 846 734 per
875 680 1209 720 dissimulationem
1242 695 1316 719 non
1356 681 1628 733 intelligendi]

301 748 381 786 Hic
401 749 508 787 locus
527 748 751 786 manifestus
772 756 831 786 est
849 747 952 786 vitii:
982 748 1051 787 sed
1080 748 1145 786 ubi
1174 749 1223 786 sit
1252 748 1400 794 vitium,
1434 761 1504 800 pro
1525 756 1633 786 certo

298 814 375 853 dici
408 829 486 854 non
517 823 657 867 potest.
717 815 899 854 Pearcius
919 816 1078 868 corrigit
1105 814 1378 854 simulationem
1400 830 1472 854 non
1493 814 1633 853 intelli-

290 882 421 934 gendi.
480 882 566 934 Ego
587 881 794 921 deleverim
815 897 903 921 nou.
933 883 1021 921 MS.
1052 882 1133 921 Erl.
1162 883 1280 921 habet
1298 879 1632 921 dissimulationem

295 963 369 987 mm
403 949 579 1001 intelligi.
637 951 701 987 An
722 957 848 988 totum
868 950 944 988 hoc
972 964 1045 989 non
1068 949 1305 1003 intelligendi
1332 957 1392 988 est
1421 949 1583 987 fortasse
1609 961 1633 987 a

293 1015 534 1067 glossatore?
567 1016 666 1054 Nam
687 1016 837 1068 species
863 1030 941 1054 non
962 1017 1247 1055 intellectorum
1267 1018 1472 1055 verborum
1501 1016 1628 1068 sequi-

293 1088 368 1128 tur,
390 1090 430 1120 et
449 1095 572 1134 genus
592 1082 690 1121 illius
710 1083 1021 1121 dissimulationis
1041 1084 1195 1122 dicitur.
1253 1084 1491 1122 ERNESTUS.
1525 1132 1530 1135 ἱ

349 1149 442 1200 Pag.
467 1153 558 1189 191.
587 1149 652 1187 lin.
677 1154 737 1188 14.
792 1163 873 1188 cum
905 1153 984 1202 (jus
1004 1149 1179 1200 tabulis]
1242 1151 1322 1189 Hic
1341 1150 1450 1189 locus
1480 1157 1541 1188 est
1568 1150 1624 1187 vi-

292 1215 434 1254 tiosus:
465 1229 538 1254 nec
567 1224 736 1263 sanatur,
757 1217 787 1254 si
807 1217 976 1255 maxime
996 1217 1042 1255 ab
1060 1217 1214 1256 Albutio
1234 1218 1354 1270 legas,
1385 1225 1428 1256 ut
1447 1218 1626 1269 placebat

289 1283 482 1322 Lambino
502 1292 541 1322 et
563 1284 668 1329 aliis;
697 1292 737 1322 et
757 1298 874 1337 neque
893 1285 1060 1336 accipias
1079 1298 1149 1336 pro
1175 1291 1209 1323 et
1230 1300 1318 1332 non,
1340 1299 1427 1324 cum
1450 1286 1624 1324 Pearcio.

290 1350 460 1388 Omnino
480 1364 558 1388 non
574 1351 773 1403 intelligo:
802 1359 918 1403 atque
939 1351 1020 1390 sine
1040 1352 1158 1390 dubio
1179 1359 1237 1390 est
1256 1352 1396 1390 lacuna
1417 1360 1505 1405 post
1510 1353 1624 1406 judi-

287 1422 428 1455 catum.
485 1419 638 1469 Nempe
661 1418 771 1456 deest
799 1418 948 1456 dictum
980 1418 1150 1457 facetum
1172 1419 1293 1465 Albii,
1324 1419 1427 1470 quod
1457 1418 1488 1457 si
1513 1427 1623 1458 exta-

285 1491 359 1530 ret,
387 1483 516 1535 priora
535 1485 651 1522 etiam
680 1483 853 1522 faciliora
885 1484 1160 1535 judicaremus.
1217 1485 1263 1523 Id
1282 1499 1359 1524 non
1379 1485 1621 1524 animadver-

283 1562 369 1588 sum
388 1563 412 1588 a
430 1550 518 1588 viris
537 1550 662 1588 doctis
682 1550 814 1588 inanes
835 1552 1078 1601 conjecturas
1103 1552 1266 1602 peperit.
1323 1552 1450 1590 IDEM.

339 1616 433 1668 Pag.
466 1621 555 1657 199.
597 1617 662 1655 lin.
695 1618 756 1658 17.
812 1617 851 1655 in
883 1617 1114 1655 adversariis
1146 1617 1445 1670 exprobranda]
1508 1618 1549 1657 Si
1578 1619 1619 1657 in

280 1683 493 1734 genuinum
513 1690 585 1730 est,
618 1683 790 1724 notanda
818 1690 877 1727 est
910 1683 1037 1725 forma
1063 1684 1264 1735 loquendi,
1295 1685 1334 1722 in
1365 1684 1494 1737 aliquo
1523 1686 1616 1737 quid

278 1750 539 1802 exprobrare;
567 1763 682 1802 quam
708 1750 884 1802 nuspiam
910 1751 1055 1798 notavi,
1085 1758 1153 1789 aut
1172 1759 1344 1790 notatam
1370 1753 1518 1804 reperi:
1547 1753 1618 1792 sed

278 1829 354 1868 ego
387 1817 428 1855 id
461 1817 670 1856 delendum
701 1824 808 1868 puto.
865 1817 1019 1855 Vicinia
1052 1818 1347 1869 praepositionis
1379 1819 1494 1871 hujus
1524 1828 1615 1859 ante

277 1890 319 1922 et
354 1891 456 1935 post,
494 1883 534 1921 in
570 1883 747 1922 fraudem
780 1882 935 1921 induxit
963 1882 1152 1932 libratim,
1188 1892 1256 1923 aut
1289 1897 1427 1937 operas
1459 1887 1615 1940 primas.

276 1949 404 1988 IDEM.

331 2016 427 2069 Pag.
449 2019 540 2056 204.
568 2017 634 2055 lin.
655 2020 692 2057 5.
751 2023 864 2070 atque
884 2008 1186 2071 irfiequeyaetibus
1205 2019 1364 2071 causis]
1426 2020 1504 2060 Per
1522 2035 1611 2060 cau-

273 2098 335 2123 sas
361 2085 620 2137 irffrequentes
639 2084 811 2136 intellige
833 2097 966 2124 causas
985 2098 1120 2137 parum
1140 2085 1418 2138 frequentataS,
1438 2088 1518 2128 sive
1532 2101 1610 2136 eas,

274 2164 374 2204 quae
394 2165 472 2190 non
497 2153 594 2191 tanti
614 2159 726 2191 erant
744 2153 945 2200 momenti,
977 2160 1020 2192 ut
1036 2154 1306 2206 quamplurimi
1327 2154 1372 2193 iis
1387 2156 1609 2208 judicandis

273 2218 460 2257 interesse
479 2219 661 2258 solerent.
720 2219 951 2259 PEARcms.

327 2285 424 2338 Pag.
444 2288 535 2325 206.
563 2286 630 2324 lin.
650 2289 687 2325 4.
746 2286 824 2324 His
825 2288 922 2339 sere
937 2287 1059 2326 decem
1080 2288 1238 2340 verbis]
1302 2290 1503 2330 Edidimus
1522 2305 1607 2330 ver-

270 2351 325 2391 bis
357 2365 429 2404 pro
459 2353 617 2404 vulgato
647 2351 839 2391 versiculis
869 2360 910 2391 et
939 2353 997 2392 his
1038 2367 1089 2392 ex
1131 2355 1364 2395 editionibus
1401 2358 1605 2409 prioribus,

269 2431 369 2471 quae
388 2419 533 2457 habent
552 2419 591 2457 in
611 2419 670 2458 his
690 2420 825 2458 decem.
891 2419 1019 2458 Verbis
1038 2433 1061 2458 a
1081 2421 1271 2461 Cicerone
1297 2424 1484 2476 scriptum
1506 2438 1604 2472 esse,

266 2498 347 2524 non
367 2485 572 2533 versiculis,
602 2486 747 2524 clarum
767 2494 838 2525 est.
895 2486 995 2525 Nam
1016 2488 1182 2527 refertur
1201 2502 1278 2528 non
1299 2490 1347 2529 ad
1376 2499 1498 2530 totam
1518 2505 1604 2531 nar-

266 2551 457 2591 rationem
491 2552 678 2599 Terentii,
721 2553 790 2591 sed
821 2552 871 2591 ad
904 2555 1177 2605 compendium
1215 2557 1457 2605 narrationis,
1496 2560 1601 2611 quod

264 2619 477 2671 praecedit.
534 2619 581 2658 Id
601 2627 753 2658 constat
773 2633 926 2667 novem,
955 2622 979 2659 i.
999 2635 1033 2660 e.
1062 2622 1184 2661 decem
1194 2625 1293 2675 fere
1312 2624 1433 2664 verbis
1448 2642 1461 2664 .·
1493 2627 1599 2678 quod

263 2685 409 2725 librarii
441 2700 471 2726 s.
503 2694 743 2726 correctores
772 2701 849 2726 non
880 2688 1249 2737 animadverterunt,
1277 2691 1347 2730 sed
1380 2693 1597 2733 retulerunt

262 2752 316 2792 ad
336 2760 461 2792 totum
481 2754 576 2794 illud
597 2755 890 2804 Terentianum,
921 2763 962 2795 et
994 2769 1046 2796 ex
1074 2758 1200 2797 verbis
1230 2758 1360 2799 fecere
1388 2761 1597 2802 versiculis.

263 2819 502 2863 Emissa-us.

1117 2896 1147 2928 L
1173 2880 1188 2928 l
1228 2890 1256 2929 3
