2071 3508
321 1716 427 1778 67.

464 451 543 489 390
966 447 1043 486 DE
1074 447 1275 487 CLARIS

465 573 612 621 quam
650 564 701 605 et
741 572 803 605 ex
843 556 970 605 facie
1010 564 1060 604 et
1098 573 1160 604 ex
1197 555 1338 603 vultu
1366 554 1650 615 videbatur)
1693 570 1785 602 nec

466 636 720 684 abundans
743 636 918 692 verbis,
952 635 1042 683 etsi
1067 634 1269 683 fallebat
1291 634 1342 681 in
1368 650 1426 681 eo
1450 634 1586 697 ipso:
1625 633 1695 681 sic
1719 632 1789 680 in-

465 714 695 771 tervallis,
722 714 1179 773 exclamationibus,
1208 730 1331 761 voce
1357 712 1492 760 suavi
1517 719 1567 759 et
1592 727 1790 768 canora,

467 792 754 840 admirando
778 793 1031 851 irridebat,
1067 791 1260 840 calebat
1299 792 1351 839 in
1381 790 1593 855 agendo,
1634 797 1690 837 ut
1715 806 1790 847 ea,

466 887 591 934 quae
617 871 839 930 deerant,
863 887 963 918 non
989 870 1398 918 desiderarentur.
1454 869 1532 917 Ita
1555 876 1788 932 tanquam

467 948 619 997 Curio
644 950 786 1013 copia
810 948 1046 997 nonnulla
1063 950 1343 1007 verborum,
1367 947 1503 995 nullo
1527 946 1622 994 alio
1638 948 1789 1004 bono,

466 1028 628 1074 tenuit
668 1035 916 1075 oratorum
956 1027 1153 1086 locum;
1193 1027 1262 1074 sic
1294 1027 1387 1075 Cn.
1413 1025 1657 1074 Lentulus
1682 1041 1790 1073 cae-

467 1112 683 1153 terarum
703 1105 941 1153 virtutum
962 1105 1161 1153 dicendi
1180 1105 1574 1153 mediocritatem
1593 1104 1788 1152 actione

466 1184 754 1243 occultavit,
783 1184 835 1230 in
860 1200 956 1247 qua
980 1182 1227 1231 excellens
1251 1181 1361 1229 fuit.
1432 1183 1610 1245 Neque
1634 1181 1791 1230 multo

467 1279 608 1310 secus
650 1263 704 1310 P.
731 1261 993 1320 Lentulus,
1037 1261 1175 1325 cujus
1208 1268 1259 1309 et
1283 1260 1601 1324 excogitandi
1639 1267 1690 1307 et
1722 1259 1791 1308 lo-

465 1340 650 1404 quendi
673 1340 958 1388 tarditatem
982 1341 1185 1403 tegebat
1207 1337 1394 1387 formae
1420 1338 1649 1402 dignitas,
1687 1354 1793 1386 cor-

464 1420 595 1483 poris
620 1427 782 1467 motus
805 1419 980 1484 plenus
1005 1426 1055 1467 et
1079 1418 1193 1466 artis
1236 1425 1287 1466 et
1326 1417 1613 1474 venustatis,
1655 1417 1791 1466 vocis

466 1505 517 1546 et
541 1498 752 1548 suavitas
778 1505 829 1545 et
846 1497 1153 1561 magnitudo.
1220 1497 1299 1545 Sic
1324 1497 1375 1544 in
1399 1496 1494 1545 hoc
1513 1495 1636 1544 nihil
1651 1513 1790 1560 prae.-

463 1583 541 1624 ter
564 1576 811 1624 actionem
835 1574 962 1635 fuit3
1003 1583 1198 1624 caetera
1221 1575 1370 1624 etiam
1394 1575 1598 1632 minora,
1642 1591 1787 1639 quam

464 1653 516 1701 in
541 1654 805 1718 superiore.

533 1732 608 1779 M.
636 1732 749 1780 Piso
785 1732 1025 1796 quidquid
1059 1733 1250 1792 habuit,
1288 1733 1461 1780 habuit
1489 1749 1552 1780 ex
1576 1731 1788 1796 discipli-

464 1827 558 1871 na3
598 1811 908 1874 maximeque
934 1828 995 1859 ex
1021 1812 1264 1870 omnibus,
1307 1811 1388 1875 qui
1429 1819 1544 1860 ante
1566 1812 1788 1870 fuerunt,

465 1889 672 1942 Graecis
711 1889 947 1939 doctrinis
986 1888 1207 1936 eruditus
1244 1888 1354 1936 fuit.
1427 1889 1620 1937 Habuit
1653 1907 1682 1937 a
1705 1906 1789 1938 na-

460 1974 572 2019 tura
594 1985 752 2031 genus
777 1968 1024 2031 quoddam
1050 1967 1303 2023 acuminis,
1332 1968 1490 2031 (quod
1509 1969 1656 2016 etiam
1681 1976 1785 2017 arte

460 2045 739 2107 limaverat)
777 2047 910 2110 quod
952 2054 1056 2093 erat
1092 2046 1143 2092 in
1175 2046 1593 2110 reprehendendis
1623 2047 1783 2095 verbis

461 2131 714 2172 versutum
757 2132 807 2171 et
848 2124 1027 2183 solers3
1080 2124 1166 2172 sed
1208 2141 1353 2188 saepe
1401 2123 1780 2181 stomachosum,

460 2219 814 2266 nonnunquam
833 2201 1088 2266 frigidum,
1112 2203 1361 2251 interdum
1381 2203 1528 2251 etiam
1547 2201 1782 2251 facetum.

462 2281 511 2327 Is
535 2280 771 2339 laborem,
796 2281 931 2344 quasi
958 2297 1169 2336 cursum,
1203 2281 1450 2330 forensem
1475 2281 1658 2328 diutius
1682 2297 1781 2328 non

460 2357 589 2414 tulit,
628 2358 761 2422 quod
786 2366 836 2411 et
860 2375 1064 2422 corpore
1089 2367 1193 2406 erat
1215 2359 1424 2417 infirmo,
1455 2367 1506 2407 et
1528 2359 1783 2407 hominum

459 2437 670 2500 ineptias
715 2453 773 2486 ac
820 2436 1064 2493 stultitias,
1114 2454 1238 2500 quae
1286 2438 1596 2485 devorandae
1642 2438 1783 2487 nobis

459 2523 591 2574 sunt,
627 2532 727 2564 non
750 2514 955 2572 ferebat,
993 2515 1373 2580 iracundiusque
1408 2517 1688 2581 respuebat,
1723 2517 1783 2564 si-

456 2610 516 2640 ve
555 2610 764 2653 morose,
799 2601 856 2642 ut
890 2595 1174 2658 putabatur,
1211 2594 1311 2643 sive
1352 2594 1571 2658 ingenuo
1605 2594 1782 2643 libero-

457 2688 551 2734 que
576 2669 790 2719 fastidio.
861 2671 911 2718 Is
936 2688 1049 2719 cum
1075 2672 1190 2719 satis
1214 2671 1457 2719 floruisset
1474 2671 1779 2730 adolescens,

456 2749 614 2795 minor
653 2748 823 2797 haberi
864 2757 938 2797 est
979 2757 1183 2814 coeptus
1223 2757 1409 2814 postea.
1479 2750 1678 2798 Deinde
1715 2766 1778 2798 ex

454 2827 700 2890 virginum
732 2827 926 2891 judicio
961 2844 1190 2892 magnam
1224 2828 1422 2877 laudem
1452 2836 1527 2876 est
1550 2829 1776 2893 adeptus,

455 2912 505 2951 et
529 2920 592 2958 ex
615 2920 676 2957 eo
699 2912 922 2969 tempore
948 2905 1084 2969 quasi
1108 2913 1367 2954 revocatus
1389 2905 1442 2955 in
1465 2921 1680 2966 cursum,
1703 2912 1774 2953 te-
