2071 3508
274 1324 374 1385 14.

302 1831 382 1871 52.

404 436 486 474 240
882 433 959 473 DE
989 433 1258 474 ORATORE

406 542 531 601 nius,
558 559 704 608 agere
730 543 913 608 coepit,
950 560 1050 591 non
1075 561 1250 608 aeque,
1288 542 1408 607 quid
1433 543 1620 604 dicant,
1642 544 1735 593 nisi

406 623 674 672 admodum
698 623 908 682 attendi,
931 623 1185 688 intelligo:
1213 623 1282 671 ita
1307 622 1512 671 confusa
1536 631 1610 671 est
1633 640 1738 671 ora-

405 701 492 758 tio,
518 702 588 750 ita
609 703 909 767 perturbata,
942 701 1063 749 nihil
1087 710 1144 749 ut
1168 702 1231 750 sit
1254 702 1487 766 primum,
1519 702 1641 749 nihil
1682 709 1740 750 ut

406 782 716 841 secundum3
754 789 990 845 tantaque
1014 780 1276 829 insolentia
1312 799 1369 829 ac
1400 782 1546 830 turba
1568 783 1740 830 verbo-

406 878 536 920 rum,
570 869 628 909 ut
662 861 833 917 oratio,
878 878 1002 925 quae
1034 860 1203 908 lumen
1228 860 1462 909 adhibere
1486 862 1632 909 rebus
1657 861 1740 908 de-

406 941 507 997 bet,
536 957 594 988 ea
612 941 963 990 obscuritatem
989 948 1040 988 et
1057 940 1285 988 tenebras
1311 939 1499 999 afferat,
1518 948 1667 1004 atque
1685 948 1743 988 ut

408 1019 774 1082 quodammodo
798 1019 890 1083 ipsi
926 1019 1016 1068 sibi
1050 1019 1102 1066 in
1128 1018 1341 1066 dicendo
1366 1020 1650 1082 obstrepere
1673 1021 1742 1066 vi*

366 1139 377 1150 .
411 1098 635 1147 deantur.
707 1098 916 1156 Verum,
941 1098 980 1145 si
1003 1098 1187 1162 placet,
1221 1098 1453 1161 quoniam
1477 1098 1602 1146 haec
1627 1097 1744 1145 satis

411 1193 571 1240 spero,
595 1176 734 1224 vobis
768 1176 968 1240 quidem
994 1183 1128 1224 certe
1155 1174 1438 1239 majoribUS,
1462 1175 1668 1224 molesta
1693 1184 1746 1226 et
1805 1221 1808 1224 .

408 1255 585 1319 putida
606 1255 781 1313 videri,
807 1255 870 1302 ad
893 1254 1081 1319 reliqua
1099 1254 1352 1318 aliquanto
1371 1255 1614 1303 odiosiora
1635 1272 1744 1320 per-

408 1351 598 1399 gamus.
654 1334 813 1398 Atqui
837 1333 993 1393 vides,
1011 1333 1172 1398 inquit
1193 1333 1463 1393 Antonius,
1489 1350 1603 1382 cum
1628 1333 1746 1383 alias

410 1430 487 1462 res
512 1430 733 1478 agamus,
758 1430 905 1477 quam
929 1422 979 1461 te
1004 1413 1145 1461 inviti
1161 1413 1436 1472 audiamus,
1461 1413 1545 1478 qui
1564 1412 1746 1461 adduci

410 1509 670 1557 possumus
713 1493 800 1557 (de
842 1509 921 1540 me
961 1493 1092 1540 enim
1119 1492 1357 1556 conjicio)
1383 1492 1569 1541 relictis
1592 1500 1650 1540 ut
1672 1509 1746 1540 re-

411 1571 502 1619 bus
527 1572 754 1620 omnibus
778 1579 828 1619 te
855 1579 1116 1628 sectemur,
1159 1579 1211 1620 te
1249 1572 1534 1620 audiamus:
1572 1571 1643 1620 ita
1683 1570 1747 1620 de

411 1648 621 1697 horridis
659 1653 804 1700 rebus
842 1651 1017 1710 nitida,
1043 1651 1105 1699 de
1133 1650 1317 1715 jejunis
1351 1650 1516 1715 plena,
1552 1650 1615 1699 de
1638 1667 1747 1714 per-

411 1728 625 1793 vulgatis
649 1746 777 1778 nova
801 1730 1042 1794 quaedam
1067 1739 1142 1778 est
1165 1731 1321 1778 oratio
1345 1738 1447 1778 tua.

481 1808 670 1857 Faciles
712 1809 862 1869 enim,
898 1810 1076 1874 inquit,
1108 1809 1315 1865 Antoni,
1342 1817 1505 1874 partes
1531 1826 1616 1858 eae
1641 1808 1747 1858 fue-

414 1895 530 1935 runt
568 1888 713 1945 duae,
764 1905 882 1953 quas
924 1889 1072 1936 modo
1119 1888 1425 1952 percucurri,
1464 1887 1544 1935 vel
1583 1888 1748 1952 potius

412 1983 541 2030 pene
559 1967 807 2031 praeterii,
835 1967 1014 2014 Latine
1038 1967 1292 2030 loquendi,
1311 1966 1555 2031 planeque
1581 1966 1748 2015 dicen-

416 2045 499 2092 di:
551 2046 768 2110 reliquae
804 2054 919 2093 sunt
958 2062 1187 2110 magnae,
1228 2046 1524 2110 implicatae,
1567 2045 1745 2102 variae,

413 2141 604 2188 graves,
649 2125 825 2190 quibus
866 2126 1024 2174 omnis
1065 2125 1324 2174 admiratio
1359 2125 1566 2189 ingenii,
1590 2124 1749 2174 omnis

415 2202 523 2250 laus
562 2204 873 2269 eloquentiae
917 2205 1214 2252 continetur.
1288 2205 1451 2252 Nemo
1492 2203 1625 2252 enim
1659 2220 1750 2252 un-

419 2298 567 2345 quam
593 2290 667 2330 est
690 2291 950 2339 oratorem,
979 2283 1112 2347 quod
1136 2283 1315 2331 Latine
1339 2283 1643 2346 loqueretur,
1666 2283 1749 2330 ad-

419 2362 621 2409 miratus
645 2380 656 2409 :
697 2363 735 2409 si
760 2369 835 2409 est
858 2362 1017 2420 aliter,
1042 2361 1281 2420 irrident,
1321 2378 1483 2425 neque
1508 2378 1622 2409 eum
1646 2378 1750 2409 ora-

419 2449 579 2489 torem
602 2441 963 2498 tantummodo,
1008 2442 1095 2489 sed
1131 2441 1382 2489 hominem
1418 2457 1518 2488 non
1553 2448 1747 2505 putant.

419 2521 584 2570 Nemo
625 2521 805 2569 extulit
839 2537 958 2575 ,eum
999 2521 1178 2579 verbis,
1218 2520 1301 2584 qui
1324 2520 1394 2568 ita
1417 2520 1640 2580 dixisset,
1674 2527 1750 2580 ut,

421 2601 505 2664 qui
547 2601 795 2660 adessent,
835 2600 1171 2665 intelligerent
1217 2599 1337 2664 quid
1383 2599 1606 2659 diceret3
1662 2599 1751 2648 sed

419 2681 685 2729 contemsit
722 2697 854 2739 eum,
891 2681 974 2745 qui
1008 2680 1169 2727 minus
1206 2679 1259 2727 id
1292 2678 1457 2727 facere
1491 2679 1747 2743 potuisset.

309 2770 388 2810 53.
422 2758 483 2806 In
508 2777 604 2823 quo
628 2761 780 2825 igitur
802 2759 1026 2808 homines
1051 2759 1442 2808 exhorrescunt?
1479 2774 1626 2822 quem
1650 2764 1749 2805 stu.-

422 2838 608 2903 pefacti
633 2840 883 2888 dicentem
907 2839 1201 2887 intuentur?
1237 2839 1287 2886 in
1313 2855 1410 2903 quo
1435 2836 1748 2886 exclamant?

427 2933 576 2981 quem
601 2918 767 2978 deum,
791 2928 850 2968 ut
872 2919 942 2969 ita
956 2919 1138 2979 dicam,
1155 2918 1284 2968 inter
1303 2917 1527 2967 homines
1543 2916 1749 2982 putant?
