2071 3508
653 372 821 412 LIBER
842 372 1151 412 SECUNDUS.
1511 381 1583 418 131

250 500 312 534 ne
335 483 521 533 factum
540 480 620 540 sit,
661 489 822 529 totum
848 481 899 528 in
924 497 984 529 eo
1009 489 1101 539 est,
1138 480 1291 545 quod,
1328 482 1472 546 quale
1503 486 1585 546 sit,

247 564 539 627 quaerimus.
633 560 732 608 Sed
767 558 874 624 jam
922 560 985 608 ad
1024 559 1310 609 institutum
1363 570 1584 610 revertar

249 657 430 689 meum.

313 718 440 767 Cum
463 718 634 784 igitur,
669 726 879 784 accepto
915 735 1092 768 causae
1127 736 1311 784 genere
1337 728 1389 768 et
1413 720 1584 785 cogni·
1620 704 1728 767 ⁶27.

243 805 314 856 to,
367 813 470 846 rem
509 805 721 847 tractare
764 798 926 863 coepi,
974 798 1096 846 nihil
1136 799 1272 864 prius
1314 800 1583 860 constituo,
1622 804 1730 844 114.

242 892 408 940 quam,
441 876 561 941 quid
585 878 648 926 sit
671 877 812 937 illud,
838 894 936 942 quo
960 878 1081 926 mihi
1105 877 1368 927 referenda
1392 879 1455 927 sit
1479 896 1583 928 om-

242 955 318 1002 nis
355 954 438 1003 illa
474 956 649 1015 oratio,
704 973 829 1021 quae
871 956 934 1005 sit
967 957 1165 1022 propria
1200 958 1502 1021 quaestionis
1535 966 1586 1007 et

233 1032 428 1098 judicii.
500 1035 700 1083 Deinde
725 1035 808 1083 illa
833 1035 933 1083 duo
959 1035 1335 1101 diligentissime
1362 1038 1586 1087 conside-

242 1130 312 1171 ro,
377 1130 586 1179 quorum
634 1114 844 1163 alterum
893 1116 1379 1165 commendationem
1433 1117 1586 1167 habet

244 1200 479 1254 nostram,
505 1201 592 1242 aut
616 1210 805 1253 eorum,
835 1210 957 1258 quos
983 1193 1298 1242 defendimus
1320 1215 1333 1255 3
1373 1195 1583 1245 alterum

244 1281 319 1321 est
343 1273 773 1322 accommodatum
791 1273 854 1321 ad
874 1289 1044 1321 eorum
1071 1273 1277 1332 animos,
1304 1274 1437 1339 apud
1463 1293 1585 1339 quos

244 1351 470 1410 dicimus,
510 1353 573 1402 ad
613 1353 678 1410 id,
719 1354 852 1417 quod
891 1354 1132 1409 volumus,
1179 1356 1583 1404 commovendos.

244 1430 324 1479 Ita
348 1433 472 1481 ratio
497 1434 655 1481 omnis
681 1433 880 1481 dicendi
905 1433 1061 1481 tribus
1087 1433 1149 1480 ad
1183 1433 1584 1497 persuadendum
1624 1443 1733 1486 115.

243 1511 389 1559 rebus
414 1520 490 1560 est
514 1512 630 1559 nixa
651 1530 662 1559 ε
702 1519 758 1559 ut
781 1513 1046 1576 probemus
1070 1528 1187 1560 vera
1212 1529 1317 1562 esse
1343 1529 1419 1573 ea,
1459 1530 1585 1579 quae

243 1588 591 1638 defendimus:
647 1598 704 1638 ut
742 1590 1064 1639 conciliemus
1089 1591 1230 1640 nobis
1256 1608 1358 1651 eos,
1395 1593 1479 1657 qui
1504 1611 1587 1643 au-

241 1667 415 1717 diunt:
454 1677 511 1718 ut
551 1669 741 1718 animos
779 1687 970 1730 eorum,
1007 1670 1071 1718 ad
1095 1687 1445 1737 quemcunque
1471 1690 1585 1723 cau·

240 1764 293 1795 sa
310 1748 580 1813 postulabit
604 1757 814 1808 motum,
832 1765 1087 1799 vocemus.
1160 1750 1247 1799 Ad
1269 1752 1583 1816 probandum
1621 1760 1728 1801 116.

240 1837 408 1877 autem
435 1829 620 1894 duplex
646 1837 721 1878 est
745 1830 927 1878 oratori
966 1829 1189 1895 subjecta
1212 1832 1476 1882 materies:
1515 1833 1584 1883 U-

239 1922 319 1964 na,
337 1924 502 1956 rerum
528 1925 717 1969 earum,
735 1926 861 1974 quae
887 1926 988 1957 non
1014 1910 1367 1975 excogitantur
1391 1913 1452 1960 ab
1477 1928 1584 1962 ora-

241 1994 368 2046 tore,
394 1988 482 2036 sed
506 1989 557 2035 in
582 2006 635 2037 re
660 1990 850 2054 positae
876 1990 1068 2038 ratione
1092 1997 1371 2038 tractantur
1391 2011 1404 2050 ;
1433 1999 1490 2040 ut
1513 2000 1584 2041 ta-

239 2066 404 2126 bulae,
430 2067 731 2127 testimonia,
755 2076 922 2133 pacta,
948 2075 1213 2127 conventa,
1250 2070 1583 2134 quaestiones,

239 2145 394 2211 leges,
437 2148 883 2207 senatusconsulta,
924 2165 1002 2197 res
1033 2148 1310 2212 judicatae,
1360 2151 1582 2211 decreta,

239 2242 486 2291 responsa,
515 2235 566 2276 et
590 2228 796 2293 reliqua,
838 2228 877 2287 si
903 2245 1029 2293 quae
1054 2236 1187 2288 sunt,
1223 2246 1349 2295 quae
1374 2246 1475 2278 non
1497 2247 1582 2295 pa-

237 2305 433 2355 riuntur
456 2308 517 2356 ab
542 2315 756 2368 oratore,
793 2308 880 2356 sed
904 2308 968 2356 ad
992 2318 1237 2357 oratorem
1262 2327 1292 2358 a
1316 2327 1478 2368 causa,
1509 2318 1581 2360 at-

238 2401 335 2449 que
378 2402 407 2434 a
448 2403 501 2434 re
527 2385 854 2436 deferuntur:
896 2387 1087 2445 Altera,
1125 2405 1251 2453 quae
1276 2397 1383 2438 tota
1407 2388 1458 2438 in
1483 2390 1580 2439 dis·

235 2465 495 2528 putatione
538 2473 589 2514 et
626 2467 1060 2531 argumentatione
1099 2468 1304 2516 oratoris
1334 2468 1578 2519 collocata

237 2552 327 2593 est.
401 2544 480 2593 Ita
502 2546 554 2593 in
580 2547 830 2610 superiore
850 2563 1035 2611 genere
1061 2548 1123 2596 de
1142 2548 1415 2596 tractandis
1433 2565 1576 2614 argu·
1613 2567 1722 2615 117,

237 2623 436 2683 mentis,
475 2624 527 2671 in
564 2624 661 2673 hoc
702 2634 869 2674 autem
895 2626 1044 2674 etiam
1071 2626 1134 2675 de
1157 2627 1469 2676 inveniendis
1494 2645 1575 2677 co-

236 2703 498 2769 gitandum
524 2711 614 2752 est.
703 2704 875 2769 Atque
899 2705 980 2753 isti
1005 2705 1224 2770 quidem,
1261 2707 1345 2771 qui
1370 2706 1575 2769 docent,

237 2799 352 2832 cum
395 2800 566 2832 causas
589 2784 641 2832 in
664 2783 806 2849 plura
839 2801 1024 2850 genera
1048 2793 1335 2846 secuerunt,
1369 2786 1576 2852 singulis

235 2864 503 2928 generibus
560 2872 967 2930 argumentorum
1026 2865 1221 2933 copiam
1280 2875 1570 2933 suggerunt.

1151 2961 1168 2994 1
1197 2953 1227 2993 2
