2071 3508
767 329 1140 394 ORATORIBUS.
1535 362 1616 400 349

275 457 455 521 risque.
529 459 825 523 Quanquam
862 462 1009 510 video
1050 462 1170 509 mihi
1209 462 1365 511 multa
1400 465 1615 531 legenda

266 535 371 601 jam
397 547 447 587 te
473 549 693 597 auctore,
710 556 836 603 quae
853 549 999 588 antea
1016 544 1416 591 contemnebam.
1453 547 1612 613 Atqui

274 616 417 677 haec,
443 619 658 681 inquam,
693 618 755 666 de
782 619 977 667 incestu
1001 619 1204 669 laudata
1228 622 1386 670 oratio
1409 627 1613 689 puerilis

273 706 347 746 est
371 697 491 745 locis
518 697 714 746 multis:
755 699 817 747 de
843 717 1028 760 amore,
1055 700 1117 748 de
1143 703 1421 762 tormentis,
1448 705 1510 754 de
1535 724 1613 755 ru-

270 793 426 835 more,
468 776 565 825 loci
609 794 724 826 sane
761 778 966 828 inanes:
1006 789 1351 830 verumtamen
1387 786 1612 834 nondum

269 855 396 904 tritis
422 866 699 905 nostrorum
729 858 987 908 hominum
1029 861 1246 921 auribus,
1285 878 1379 911 nec
1417 865 1614 914 erudita

269 935 492 996 civitate,
534 936 833 986 tolerabiles.
907 939 1113 1005 Scripsit
1150 941 1301 990 etiam
1349 942 1444 991 alia
1489 961 1612 992 non-

266 1013 420 1076 nulla,
457 1024 508 1065 et
542 1016 701 1066 multa
726 1018 871 1078 dixit,
909 1027 960 1068 et
984 1019 1210 1080 illustria,
1249 1021 1376 1070 etin
1401 1039 1611 1073 numero

265 1102 591 1159 patronorum
631 1096 760 1146 fuit:
799 1107 857 1147 ut
898 1116 1011 1148 eum
1054 1100 1221 1160 mirer,
1264 1118 1380 1149 cum
1423 1111 1473 1151 et
1508 1104 1611 1152 vita

265 1176 700 1241 suppeditavisset,
744 1185 795 1226 et
836 1178 1070 1244 splendor
1117 1180 1162 1228 ei
1210 1196 1311 1228 non
1351 1180 1609 1244 defuisset,

266 1256 523 1304 consulem
548 1273 650 1305 non
668 1256 835 1307 fuisse.

333 1335 433 1384 Sed
475 1353 596 1385 ecce
637 1337 690 1384 in
731 1337 959 1386 manibus
982 1337 1072 1395 vir,
1112 1345 1162 1386 et
1185 1341 1609 1402 praestantissimo

263 1415 488 1480 ingenio,
530 1423 582 1464 et
618 1415 848 1481 flagranti
873 1418 1058 1477 studio,
1098 1426 1149 1465 et
1174 1417 1354 1466 doctus
1379 1436 1409 1467 a
1432 1436 1608 1484 puero,

265 1495 324 1544 C.
369 1494 649 1544 Gracchus.
721 1495 840 1544 Noli
887 1496 1019 1545 enim
1066 1504 1262 1561 putare,
1305 1514 1609 1564 quenquam,

263 1575 440 1634 Brute,
485 1575 762 1640 pleniorem
811 1584 861 1624 et
907 1576 1188 1626 uberiorem
1236 1577 1301 1625 ad
1336 1578 1608 1630 dicendum

1644 1328 1749 1389 33.

261 1654 430 1703 fuisse.
489 1654 570 1722 ,Et
601 1654 704 1714 ille,
748 1655 829 1704 Sic
867 1672 1085 1720 prorsus,
1123 1656 1304 1721 inquit,
1342 1658 1606 1723 existim03
1643 1706 1649 1708 ,

261 1742 413 1800 atque
437 1735 589 1784 istum
615 1735 678 1784 de
715 1736 1068 1801 superioribus,
1106 1754 1236 1802 pene
1273 1737 1433 1786 solum
1473 1738 1605 1805 lego.

261 1814 426 1863 Immo
477 1815 644 1880 plane,
703 1815 924 1879 inquam,
985 1816 1159 1875 Brute,
1217 1815 1355 1882 legas
1405 1835 1603 1869 censeo.

261 1893 520 1943 Damnum
546 1896 678 1943 enim
715 1894 845 1943 iHius
875 1895 1141 1944 immaturo
1165 1896 1374 1945 interitu
1398 1914 1476 1946 res
1503 1899 1604 1948 Ro-

260 1991 457 2034 manae,
494 1974 805 2040 Latinaeque
851 1974 1025 2024 literae
1072 1976 1320 2024 fecerunt.
1393 1976 1603 2027 Utinam

238 2044 363 2102 'non
387 2062 490 2103 tam
515 2054 654 2104 fratri
678 2055 937 2120 pietatem,
958 2072 1105 2121 quam
1128 2056 1336 2121 patriae,
1352 2065 1604 2122 praestare

259 2134 527 2185 voluisset!
565 2153 712 2201 quam
738 2135 820 2184 ille
845 2135 992 2185 facile
1028 2136 1115 2185 tali
1150 2136 1374 2202 ingenio,
1417 2137 1604 2187 diutius

261 2216 301 2267 si
325 2216 547 2276 vixisset,
589 2216 668 2264 vel
704 2224 962 2281 paternam
988 2225 1117 2266 esset
1141 2216 1219 2265 vel
1245 2217 1429 2265 avitam
1454 2217 1603 2282 glori-

259 2314 340 2345 am
380 2296 1040 2362 consecutus!eloquentia
1078 2297 1281 2362 quidem
1322 2297 1496 2345 nescio
1539 2314 1602 2346 an

258 2377 512 2426 habuisset
534 2394 703 2441 parem
735 2377 1004 2426 neminem.
1076 2377 1295 2426 Grandis
1321 2385 1397 2426 est
1419 2377 1601 2437 verbis,

260 2456 454 2521 sapiens
491 2456 764 2514 sententiis,
806 2474 992 2522 genere
1034 2464 1142 2506 toto
1179 2457 1373 2522 gravis:
1427 2472 1602 2504 manus

260 2544 486 2585 extrema
519 2553 621 2584 non
658 2538 869 2586 accessit
903 2537 1134 2602 operibus
1176 2536 1311 2601 ejus:
1350 2535 1602 2600 praeclare

258 2615 495 2665 inchoata
517 2614 688 2673 multa,
715 2616 939 2681 perfecta
964 2633 1063 2664 non
1087 2616 1250 2680 plane.
1312 2614 1602 2679 Legendus,

259 2695 483 2762 inquam,
508 2704 584 2745 est
608 2696 689 2744 hic
714 2704 896 2755 orator,
923 2697 1096 2755 Brute,
1116 2696 1154 2744 si
1175 2695 1433 2760 quisquam
1460 2693 1601 2754 alius,

253 2776 529 2843 juventuti.
601 2775 719 2824 Non
761 2776 893 2824 enim
930 2775 1089 2825 solum
1115 2791 1313 2834 acuere,
1339 2774 1428 2823 sed
1452 2773 1601 2823 etiam

261 2857 395 2908 alere
436 2856 696 2924 ingenium
732 2863 915 2922 potest.
988 2855 1126 2905 Huic
1168 2855 1410 2906 successit
1451 2852 1601 2904 aetati
