2071 3508
536 463 590 502 62
1010 461 1086 500 DE
1115 458 1384 500 ORATORE

535 584 654 617 num
677 584 860 633 genera
897 570 1135 634 quaedam
1171 568 1408 634 majorum
1447 564 1855 615 consuetudinem

533 648 781 711 vitamque
808 647 1088 695 declarant:
1127 648 1227 694 sive
1252 646 1359 710 quis
1383 644 1576 693 civilem
1602 644 1858 692 scientiam

534 725 914 789 contempletur,
951 727 1121 788 (quam
1147 722 1380 771 Scaevola
1402 739 1501 770 non
1524 729 1667 786 putat
1701 728 1859 769 orato-

532 800 596 852 ris
622 820 726 851 esse
749 803 1013 867 propriam,
1037 802 1125 850 sed
1150 799 1402 865 cujusdam
1439 816 1501 848 ex
1541 799 1636 848 alio
1675 816 1859 864 genere

530 881 848 948 prudentiae)
875 888 1028 928 totam
1052 880 1179 927 hanc
1206 878 1462 942 descriptis
1493 879 1719 926 omnibus
1743 878 1861 928 civi-

531 960 646 1009 tatis
680 959 972 1008 utilitatibus
1008 973 1064 1005 ac
1104 957 1342 1021 partibus,
1380 955 1501 1002 XII.
1527 955 1705 1003 tabulis
1747 971 1863 1004 con-

532 1038 678 1085 tineri
702 1036 890 1084 videbit
910 1053 921 1083 :
961 1035 1060 1082 sive
1081 1050 1226 1098 quem
1250 1033 1343 1081 ista
1364 1040 1659 1098 praepotens
1683 1041 1734 1082 et
1757 1032 1862 1098 glo-

532 1115 659 1162 riosa
703 1113 1011 1178 philosophia
1058 1112 1293 1170 delectat,
1347 1112 1533 1176 (dicam
1581 1110 1862 1173 audacius),

531 1191 681 1239 hosce
706 1193 908 1240 habebit
930 1192 1093 1240 fontes
1129 1191 1348 1240 omnium
1374 1190 1760 1254 disputationum
1784 1207 1862 1239 su-

393 1275 498 1319 194.
533 1287 688 1327 arum,
714 1270 796 1332 qui
812 1269 924 1332 jure
952 1269 1078 1318 civili
1107 1278 1157 1317 et
1179 1269 1371 1331 legibus
1396 1268 1729 1316 continentur.
1782 1268 1861 1316 Ex

530 1348 605 1396 his
631 1347 762 1395 enim
788 1354 838 1394 et
863 1345 1157 1409 dignitatem
1191 1345 1404 1392 maxime
1440 1345 1769 1409 expetendam
1792 1346 1862 1394 vi-

532 1425 724 1484 demus,
749 1442 862 1472 cum
886 1441 1049 1482 verus,
1064 1422 1247 1487 justus,
1276 1431 1424 1487 atque
1448 1423 1683 1472 honestus
1705 1423 1862 1484 labor,
1884 1481 1886 1483 ¹

530 1503 815 1561 honoribus,
838 1502 1084 1566 praemiis,
1121 1500 1379 1565 splendore
1410 1502 1672 1550 decoratur
1690 1523 1705 1564 ;
1741 1503 1863 1552 vitia

531 1591 698 1630 autem
737 1580 1012 1638 hominum,
1054 1587 1201 1644 atque
1225 1579 1441 1639 fraudes,
1478 1580 1687 1640 damnis,
1721 1581 1862 1645 igno.

530 1661 711 1718 miniis,
735 1658 962 1717 vinculis,
988 1657 1290 1716 verberibus,
1324 1657 1523 1716 exsiliis,
1554 1665 1712 1706 morte
1736 1659 1860 1707 mul·

530 1746 731 1787 tantur:
784 1744 834 1784 et
876 1736 1111 1784 docemur
1151 1750 1252 1782 non
1292 1734 1493 1782 infinitis
1534 1737 1861 1786 concertatio-

529 1833 746 1880 numque
784 1814 941 1879 plenis
975 1813 1404 1878 disputationibus,
1443 1813 1527 1861 sed
1565 1815 1861 1866 auctoritate

528 1908 751 1962 nutuque
776 1896 962 1961 legum,
1002 1896 1210 1943 domitas
1234 1895 1415 1943 habere
1439 1896 1686 1955 libidines,
1726 1901 1860 1946 coer-

528 1994 641 2026 cere
680 1992 849 2023 omnes
889 1974 1202 2038 cupiditates,
1237 1982 1403 2022 nostra
1425 1974 1572 2034 tueri,
1602 1976 1663 2024 ab
1688 1975 1858 2025 alienis

527 2064 736 2113 mentes,
763 2052 948 2110 OCUJOS,
974 2068 1145 2098 manus
1170 2052 1428 2100 abstinere.

383 2129 489 2190 4⁴4⁴,
596 2133 827 2179 Fremant
852 2147 1020 2177 omnes
1044 2130 1180 2188 licet,
1212 2130 1373 2177 dicam
1398 2129 1532 2194 quod
1557 2131 1750 2193 sentio;
1786 2133 1859 2182 bi-

389 2222 496 2264 195.
528 2209 799 2258 bliothecas
845 2207 1126 2255 mehercule
1184 2209 1402 2256 omnium
1453 2208 1857 2273 philosophorum

528 2304 656 2334 unus
698 2286 815 2333 mihi
852 2286 1048 2332 videtur
1087 2285 1210 2333 XII.
1253 2285 1530 2333 tabularum
1566 2286 1779 2347 libellus,
1816 2288 1856 2337 si

528 2365 636 2427 quis
660 2363 826 2427 legum
849 2363 1011 2411 fontes
1054 2371 1104 2411 et
1142 2364 1303 2428 capita
1338 2363 1535 2423 viderit,
1572 2372 1622 2412 et
1646 2366 1858 2414 auctori-

387 2445 493 2488 196.
527 2443 639 2490 tatis
664 2441 900 2506 pondere,
921 2451 971 2488 et
994 2441 1217 2489 utilitatis
1236 2443 1459 2490 ubertate
1476 2459 1718 2506 superare.
1773 2442 1855 2492 Ac

526 2521 564 2569 si
589 2537 676 2568 nos
702 2520 778 2584 (id
803 2520 934 2582 quod
958 2519 1168 2567 maxime
1195 2519 1367 2579 debet)
1392 2529 1558 2568 nostra
1578 2521 1737 2585 patria
1772 2521 1856 2570 de-

523 2599 695 2656 lectat,
721 2597 860 2661 eujus
884 2598 953 2644 rei
978 2606 1116 2644 tanta
1152 2605 1226 2645 est
1261 2598 1352 2656 vis,
1387 2614 1444 2645 ac
1482 2606 1621 2646 tanta
1658 2607 1852 2662 natura,

524 2686 579 2724 ut
607 2677 829 2723 Ithacam
854 2675 986 2722 illam
1021 2675 1071 2721 in
1097 2675 1369 2739 asperrimis
1395 2676 1591 2735 saxulis,
1615 2684 1850 2741 tanquam

526 2755 767 2812 nidulum,
810 2753 1019 2812 affixam,
1056 2744 1449 2818 sapientissimus
1471 2755 1545 2801 vir
1567 2754 1851 2803 immortali-

523 2832 614 2878 tati
640 2840 962 2896 anteponeret
982 2852 995 2891 ;
1035 2848 1132 2895 quo
1156 2848 1319 2880 amore
1339 2832 1537 2880 tandem
1561 2833 1849 2881 inflammati

527 2925 629 2957 esse
655 2910 889 2959 debemus
913 2909 964 2958 in
989 2908 1229 2974 ejusmodi
1250 2909 1476 2975 patriam,
1515 2927 1640 2975 quae
1662 2926 1762 2959 una
1793 2911 1847 2960 in
