2071 3508
758 380 926 420 LIBER
954 378 1179 417 PRIMUS.
1589 383 1640 418 89

311 494 491 543 moriae
531 490 782 557 proditum
825 488 923 550 est)
964 486 1202 552 conjectis
1243 485 1295 532 in
1331 501 1383 533 os
1421 485 1639 543 calculis,

310 589 499 620 summa
534 586 657 618 voce
692 563 860 616 versus
897 567 1079 615 multos
1104 583 1204 614 uno
1229 565 1402 630 spiritu
1426 581 1639 629 pronun-

308 651 429 698 tiare
455 650 811 698 consuescebat
832 668 845 708 3
885 663 1048 711 neque
1074 646 1113 694 is
1139 645 1412 694 consistens
1436 643 1487 690 in
1511 643 1638 699 loco,

307 728 395 776 sed
434 726 757 785 inambulans,
795 734 944 791 atque
981 725 1226 773 adscensu
1260 722 1546 788 ingrediens
1571 738 1643 769 ar-

308 806 422 855 duo.
502 807 658 860 Hisce
704 823 800 871 ego
849 804 1292 862 cohortationibus,
1341 802 1533 861 Crasse,
1581 801 1644 849 ad
1659 806 1770 848 262.

307 886 526 934 studium
552 894 603 935 et
626 886 691 934 ad
713 886 932 936 laborem
956 883 1236 933 incitandos
1252 882 1463 947 juvenes
1497 882 1644 930 vehe-

307 974 501 1014 menter
541 967 779 1015 assentior
801 985 812 1014 ε
870 972 1085 1025 caetera,
1128 980 1253 1028 quae
1297 961 1540 1026 collegisti
1583 978 1644 1008 ex

307 1046 451 1093 variis
477 1054 527 1094 et
552 1047 754 1095 diversis
780 1045 954 1094 studiis
992 1052 1043 1093 et
1079 1043 1284 1102 artibus,
1320 1041 1519 1089 tametsi
1543 1041 1647 1105 ipse

309 1141 360 1172 es
384 1124 549 1172 omnia
574 1133 890 1183 consecutus,
927 1133 1096 1173 tamen
1133 1124 1192 1170 ab
1220 1121 1425 1183 oratoris
1450 1119 1648 1183 proprio

311 1203 472 1252 officio
497 1210 645 1268 atque
670 1220 875 1251 munere
902 1202 1129 1266 sejuncta
1153 1216 1257 1248 esse
1283 1198 1507 1246 arbitror.

380 1283 524 1331 Haec
565 1299 679 1330 cum
721 1282 972 1330 Antonius
1012 1279 1234 1338 dixisset,
1272 1294 1387 1325 sane
1425 1277 1649 1324 dubitare
1665 1273 1772 1334 62,

312 1362 444 1410 visus
470 1369 544 1410 est
570 1362 833 1426 Sulpicius,
860 1370 910 1409 et
935 1361 1098 1416 Cotta,
1126 1358 1283 1406 utrius
1309 1356 1465 1404 oratio
1488 1355 1650 1420 propi-

319 1458 376 1488 us
402 1441 466 1489 ad
489 1442 749 1489 veritatem
767 1440 1020 1488 videretur
1045 1437 1302 1486 accedere.
1351 1435 1484 1482 Tum
1511 1434 1650 1482 Cras-
1668 1448 1781 1490 263,

317 1536 429 1568 sus:
472 1520 768 1584 Operarium
794 1519 934 1568 nobis
960 1517 1227 1583 quendam,
1254 1514 1466 1573 Antoni,
1496 1520 1653 1561 orato-

315 1615 420 1646 rem
446 1599 568 1647 facis
590 1620 603 1659 3
643 1607 792 1663 atque
818 1598 953 1646 haud
977 1597 1080 1646 scio
1106 1613 1168 1645 an
1193 1595 1335 1643 aliter
1361 1593 1561 1652 sentias,
1604 1602 1654 1642 et

312 1684 454 1726 utare
479 1686 565 1726 tua
588 1677 672 1725 illa
695 1677 900 1726 mirifica
935 1676 998 1725 ad
1034 1675 1364 1724 refellendum
1390 1682 1653 1723 consuetu-

314 1755 446 1813 dine,
488 1773 585 1821 qua
624 1756 715 1804 tibi
756 1772 904 1803 nemo
944 1770 1163 1819 unquam
1197 1753 1473 1818 praestitit:
1514 1752 1653 1817 cujus

312 1835 514 1899 quidem
560 1835 711 1900 ipsius
757 1834 1010 1883 facultatis
1058 1833 1352 1882 exercitatio
1398 1840 1651 1880 oratorum

314 1915 511 1979 propria
536 1922 628 1974 est,
653 1915 742 1963 sed
755 1913 861 1979 jam
885 1915 937 1961 in
959 1913 1365 1979 philosophorum
1392 1920 1655 1960 consuetu·

318 1992 435 2041 dine
470 2002 706 2051 versatur,
744 1994 1057 2057 maximeque
1100 2009 1285 2049 eorum,
1326 1991 1409 2055 qui
1434 1991 1496 2039 de
1521 1991 1655 2038 omni

318 2088 372 2120 re
395 2074 647 2138 proposita
684 2073 736 2121 in
771 2081 1032 2137 utramque
1067 2079 1259 2136 partem
1297 2070 1458 2119 solent
1493 2070 1656 2135 copio-

322 2152 509 2201 sissime
535 2153 716 2201 dicere.
788 2152 979 2200 Verum
1013 2167 1108 2215 ego
1133 2166 1234 2198 non
1259 2149 1416 2198 solum
1453 2149 1654 2201 arbitra·
1673 2165 1784 2206 264,

321 2233 427 2291 bar,
452 2232 526 2280 his
549 2231 840 2298 praesertim
876 2230 1212 2288 audientibus,
1249 2246 1277 2286 a
1301 2245 1379 2276 me
1404 2227 1657 2276 informari

321 2319 569 2378 oportere,
608 2311 762 2377 qualis
801 2328 905 2359 esse
940 2317 1108 2375 posset
1131 2310 1186 2366 is,
1226 2308 1309 2373 qui
1333 2307 1580 2356 habitaret
1609 2308 1660 2355 in

323 2391 581 2449 subselliis,
630 2408 793 2455 neque
851 2389 1121 2455 quidquam
1180 2387 1389 2452 amplius
1447 2387 1661 2447 afferret,

324 2489 473 2537 quam
497 2471 631 2536 quod
657 2487 913 2520 causarum
939 2469 1207 2518 necessitas
1230 2466 1534 2532 postularet3
1575 2465 1661 2513 sed

325 2550 480 2615 majus
506 2550 741 2615 quiddam
766 2549 1014 2608 videbam,
1040 2565 1155 2603 cum
1193 2548 1469 2601 censebam,
1502 2552 1661 2592 orato-

326 2647 446 2687 rem,
473 2630 762 2695 praesertim
799 2629 850 2675 in
885 2636 1053 2676 nostra
1087 2626 1355 2692 republica,
1383 2624 1564 2671 nullius
1589 2641 1661 2671 or-

327 2710 550 2759 namenti
589 2715 845 2773 expertem
894 2724 998 2755 esse
1036 2714 1280 2771 oportere.
1353 2704 1434 2751 Tu
1476 2710 1662 2763 autem,

328 2790 561 2855 quoniam
587 2788 780 2853 exiguis
805 2785 1098 2851 quibusdam
1122 2784 1299 2832 finibus
1323 2790 1483 2831 totum
1505 2789 1663 2830 orato-

327 2870 392 2918 ris
417 2885 596 2918 munus
622 2866 1013 2925 circumdedisti,
1054 2865 1150 2914 hoc
1190 2863 1385 2913 facilius
1415 2862 1555 2912 nobis
1580 2878 1663 2911 ex-
