2071 3508
302 2005 405 2065 77.

425 409 504 447 402
928 403 1004 441 DE
1035 402 1235 442 CLARIS
1267 436 1273 440 .

428 530 619 563 summa
640 513 901 561 verborum
927 519 977 560 et
999 512 1231 576 gravitas,
1264 519 1314 560 et
1338 510 1598 576 elegantia.
1660 510 1754 559 At*

429 609 525 657 que
549 592 672 639 haec
698 591 862 639 omnia
886 591 1014 638 vitae
1047 590 1312 638 decorabat
1350 589 1564 654 dignitas
1598 598 1650 637 et
1682 589 1755 636 in„

429 670 651 735 tegritas.
698 669 785 717 Me
806 669 1005 733 quidem
1024 668 1291 717 admodum
1311 668 1590 717 delectabat
1607 667 1756 716 etiam

434 748 628 804 Triarii,
666 748 718 794 in
741 747 824 795 illa
847 755 1028 805 aetate,
1058 746 1205 811 plena
1240 745 1463 795 literatae
1488 745 1758 795 senectutis

435 827 606 876 oratio.
693 826 895 882 Quanta
935 826 1166 873 severitas
1207 826 1259 872 in
1299 825 1466 874 vultu!
1518 832 1759 889 quantum

436 905 629 971 pondus
653 905 704 951 in
727 905 915 953 verbis!
954 921 1099 968 quam
1123 904 1246 951 nihil
1269 921 1368 952 non
1394 904 1759 952 consideratum

438 984 604 1032 exibat
628 999 691 1031 ex
715 985 826 1031 ore!
853 983 985 1030 Tum
1011 984 1211 1042 Brutus,
1236 983 1476 1047 Torquati
1506 991 1557 1031 et
1581 981 1760 1030 Triarii

437 1061 689 1110 mentione
706 1069 998 1117 commotus,
1027 1065 1315 1125 (utrumque
1336 1063 1466 1109 enim
1483 1078 1653 1110 eorum
1677 1060 1759 1108 ad-

438 1141 641 1188 modum
667 1138 934 1201 dilexerat)
958 1140 1066 1187 Nae
1093 1156 1204 1203 ego,
1229 1140 1407 1203 inquit,
1432 1144 1513 1205 (ut
1536 1140 1761 1188 omittam

441 1227 654 1278 caetera,
680 1236 805 1283 quae
831 1226 946 1267 sunt
969 1218 1384 1279 innumerabilia),
1424 1219 1485 1266 de
1516 1219 1619 1266 istis
1644 1218 1762 1266 duo-

440 1299 531 1346 bus
573 1315 690 1346 cum
727 1299 912 1363 cogito,
951 1297 1112 1356 doleo,
1149 1297 1272 1345 nihil
1308 1305 1444 1345 tuam
1473 1305 1764 1362 perpetuam

442 1378 787 1426 auctoritatem
827 1378 888 1426 de
929 1394 1051 1443 pace
1080 1377 1321 1425 valuisse:
1359 1393 1473 1424 nam
1512 1393 1605 1425 nec
1646 1376 1765 1425 istos

443 1457 743 1506 excellentes
780 1457 927 1516 viros,
969 1474 1063 1505 nec
1105 1456 1284 1505 multos
1319 1455 1438 1504 alios
1462 1463 1766 1520 praestantes
1798 1497 1802 1501 .

444 1537 575 1585 cives
594 1536 870 1601 respublica
887 1536 1195 1600 perdidisset.
1267 1536 1520 1592 Sileamus,
1546 1536 1767 1599 inqu-am,

444 1616 617 1674 Brute,
666 1616 726 1663 de
769 1616 888 1672 istis,
932 1632 994 1663 ne
1035 1632 1301 1680 augeamus
1344 1615 1602 1663 dolorem:
1652 1631 1767 1663 nam

443 1703 494 1743 et
517 1695 891 1759 praeteritorum
919 1695 1195 1743 recordatio
1226 1703 1299 1742 est
1328 1696 1524 1753 acerba,
1561 1702 1612 1742 et
1634 1710 1768 1743 acer-

441 1776 549 1823 bior
574 1775 878 1838 exspectatio
903 1775 1216 1838 reliquorum.
1284 1775 1458 1838 Itaque
1484 1774 1767 1822 omittamus

442 1853 632 1918 lugere,
670 1861 720 1900 et
758 1862 973 1912 tantum,
1022 1853 1143 1916 quid
1185 1854 1388 1917 quisque
1432 1853 1644 1901 dicendo
1683 1870 1767 1918 po-

442 1933 594 1981 tuerit
620 1932 876 1997 (quoniam
901 1932 953 1979 id
978 1931 1300 1996 quaerimus‚)
1325 1931 1688 1996 praedicemus.-

510 2012 635 2059 Sunt
678 2012 825 2059 etiam
863 2028 924 2059 ex
958 2011 1034 2069 iis,
1071 2011 1154 2074 qui
1197 2010 1371 2059 eodem
1408 2010 1538 2059 bello
1574 2011 1769 2061 occide·

443 2099 577 2151 runt,
616 2091 690 2138 M.
720 2090 939 2146 Bibulus,
979 2090 1061 2154 qui
1105 2098 1155 2138 et
1190 2091 1485 2155 scriptitavit
1520 2100 1769 2150 accurate,

445 2188 559 2219 cum
594 2171 882 2234 praesertim
908 2187 1007 2218 non
1034 2178 1162 2217 esset
1186 2178 1366 2228 orator,
1403 2178 1453 2218 et
1489 2171 1592 2235 egit
1615 2171 1769 2220 multa

440 2257 761 2297 constanter:
802 2249 995 2314 Appius
1021 2249 1272 2305 Claudius,
1311 2258 1596 2306 socertuUS,
1624 2250 1769 2300 colle-

445 2345 510 2393 ga
535 2336 585 2376 et
607 2326 856 2375 familiaris
880 2345 1049 2386 meus;
1088 2328 1168 2375 hic
1201 2327 1306 2391 jam
1345 2336 1394 2376 et
1432 2329 1547 2376 satis
1588 2330 1770 2378 studio-

448 2425 543 2463 sus,
583 2414 633 2454 et
656 2406 798 2454 valde
830 2423 943 2453 cum
970 2406 1163 2465 doctus,
1199 2415 1304 2453 tum
1343 2407 1492 2455 etiam
1533 2409 1772 2458 exercita-

448 2492 528 2533 tus
567 2492 747 2543 orator,
784 2493 972 2533 etcum
1009 2484 1272 2549 auguralis,
1307 2494 1414 2533 tum
1456 2487 1612 2534 omnis
1649 2489 1771 2552 pub-

449 2563 532 2611 lici
574 2562 700 2627 juris
742 2563 1145 2626 antiquitatisque
1185 2570 1379 2611 nostrae
1418 2565 1544 2612 bene
1584 2567 1770 2629 peritus

449 2641 559 2689 fuit.
631 2641 690 2688 L.
718 2641 968 2689 Domitius
1007 2641 1140 2689 nulla
1176 2642 1257 2690 ille
1296 2642 1496 2706 quidem
1526 2651 1649 2702 arte,
1685 2644 1771 2693 sed

450 2720 631 2768 Latine
656 2728 842 2778 tamen,
879 2728 929 2768 et
953 2721 1109 2768 multa
1150 2737 1262 2769 cum
1304 2721 1531 2769 libertate
1556 2722 1770 2772 dicebat.

451 2800 570 2847 Duo
593 2807 848 2864 praeterea
867 2799 1070 2848 Lentuli
1096 2800 1393 2859 consulares,
1418 2817 1626 2865 quorum
1644 2801 1771 2849 Pub-

449 2877 545 2927 lius
569 2878 670 2939 ille,
705 2887 980 2928 nostrarum
1012 2879 1298 2944 injuriarum
1322 2879 1472 2939 ultor,
1506 2887 1678 2929 auctor
1700 2896 1772 2928 sa-
