2071 3508
328 2720 433 2781 68.

450 411 524 448 188
927 408 1002 446 DE
1033 407 1301 447 ORATORE

448 518 726 567 Publicium
753 517 950 566 solitum
987 518 1168 574 dicere,
1209 518 1264 565 P.
1292 514 1593 564 Mummium
1618 513 1776 562 cuivis

446 597 657 661 tempori
683 597 932 645 hominem
969 612 1090 644 esse.
1163 595 1243 643 Sic
1267 593 1492 659 profecto
1517 610 1592 641 res
1618 609 1669 640 se
1691 591 1776 639 ha-

445 677 547 732 bet,
586 675 776 723 nullum
801 682 858 722 ut
882 676 945 723 sit
968 675 1097 723 vitae
1122 682 1337 738 tempus,
1370 674 1422 720 in
1447 689 1544 737 quo
1568 687 1669 719 non
1694 670 1778 718 de-

449 762 560 803 ceat
582 755 800 819 leporem
824 754 1282 817 humanitatemque
1316 752 1514 800 versari.
1585 750 1683 799 Sed
1705 766 1780 797 re-

407 877 417 887 .
451 834 545 882 deo
571 834 633 881 ad
658 841 869 882 caetera.
939 834 1029 881 Est
1058 833 1175 880 huic
1210 831 1473 880 finitimum
1509 829 1779 878 dissimula-

450 913 593 972 tioni,
630 929 743 960 cum
767 912 975 960 honesto
999 913 1150 959 verbo
1173 911 1349 959 vitiosa
1371 926 1448 958 res
1467 908 1742 973 appellatur
1762 928 1777 968 ;

450 999 507 1040 ut
549 1008 663 1040 cum
703 990 971 1038 Africanus
1013 1006 1187 1037 censor
1231 989 1365 1037 tribu
1399 988 1631 1036 movebat
1665 1003 1780 1035 eum

452 1069 813 1127 centurionem,
854 1068 938 1131 qui
978 1068 1030 1114 in
1056 1067 1194 1115 Pauli
1218 1084 1387 1132 pugna
1421 1083 1522 1115 non
1557 1065 1782 1125 affuerat,

454 1165 569 1196 cum
592 1148 675 1195 ille
700 1164 751 1195 se
776 1147 1031 1195 custodiae
1053 1163 1200 1194 causa
1224 1147 1414 1195 diceret
1436 1146 1488 1193 in
1514 1145 1684 1194 castris
1708 1162 1782 1193 re·
1812 1200 1816 1201 ⁷

454 1225 708 1284 mansisse,
766 1232 1124 1288 quaereretque
1161 1241 1250 1272 cur
1290 1226 1350 1272 ab
1398 1241 1457 1272 eo
1491 1230 1747 1272 notaretur
1767 1242 1781 1271 :

411 1354 422 1366 ‚
457 1304 573 1352 Non
599 1321 729 1363 amo,
752 1303 932 1367 inquit,
974 1303 1181 1351 nimium
1206 1303 1485 1367 diligentes.
1558 1302 1784 1351 Acutum

457 1385 605 1432 etiam
630 1383 752 1431 illud
790 1390 882 1442 est,
921 1399 1034 1431 cum
1072 1399 1134 1431 ex
1170 1382 1369 1431 alterius
1405 1382 1626 1430 oratione
1651 1381 1786 1430 aliud

458 1461 690 1526 excipias,
730 1468 878 1524 atque
919 1459 1001 1507 ille
1036 1460 1174 1520 vnlt;
1230 1468 1287 1508 ut
1323 1459 1582 1508 Salinatori
1624 1458 1788 1508 Maxi-

458 1557 585 1598 mus,
622 1556 756 1598 cum,
793 1539 1014 1587 Tarento
1040 1539 1230 1595 amisso,
1274 1555 1438 1587 arcem
1462 1547 1630 1587 tamen
1655 1537 1788 1587 Livi-

458 1635 515 1666 us
538 1618 839 1676 retinuisset,
874 1616 1126 1681 multaque
1164 1633 1226 1665 ex
1251 1634 1309 1665 ea
1331 1617 1515 1681 praelia
1536 1616 1789 1682 praeclara

458 1697 676 1755 fecisset,
702 1713 816 1744 cum
836 1696 1023 1759 aliquot
1046 1704 1157 1760 post
1181 1712 1335 1744 annos
1353 1696 1605 1744 Maximus
1628 1696 1682 1744 id
1704 1713 1789 1761 op-

459 1776 630 1839 pidum
656 1775 939 1838 recepisset,
976 1782 1271 1837 rogaretque
1298 1791 1411 1822 eum
1437 1775 1696 1834 Salinator,
1732 1783 1790 1824 ut

461 1852 782 1910 meminisset,
824 1869 972 1916 opera
1009 1869 1095 1899 sua
1130 1869 1179 1900 se
1216 1853 1490 1900 Tarentum
1526 1853 1789 1917 recepisse,

466 1931 674 1989 Quidni,
700 1931 879 1995 inquit,
905 1932 1246 1979 meminerim?
1283 1948 1535 1996 nunquam
1560 1933 1692 1980 enim
1716 1949 1790 1981 re-

419 2067 429 2078 .
466 2010 723 2074 cepissem,
761 2010 854 2057 nisi
891 2018 946 2057 tu
981 2010 1293 2074 perdidisses.
1365 2012 1491 2058 Sunt
1526 2012 1674 2060 etiam
1708 2006 1791 2060 illa

466 2089 785 2148 subabsurda,
824 2090 911 2138 sed
947 2107 1006 2138 eo
1030 2091 1135 2154 ipso
1161 2090 1360 2138 nomine
1397 2107 1542 2155 saepe
1567 2091 1788 2149 ridicula,

465 2185 567 2215 non
591 2167 748 2215 solum
773 2168 933 2215 mimis
968 2170 1298 2233 perapposita,
1333 2169 1420 2218 sed
1455 2170 1604 2219 etiam
1639 2171 1791 2235 quod-

469 2246 733 2294 dammodo
757 2246 897 2293 nobis
918 2264 929 2293 :

796 2349 1087 2400 Homofatzczcs,

575 2417 783 2467 Postquam
801 2428 875 2453 rem
892 2415 1029 2454 habere
1047 2416 1180 2469 coepit,
1197 2423 1250 2455 est
1270 2423 1453 2456 mortuus.

816 2482 918 2526 Quid
935 2488 989 2520 est
1008 2482 1077 2521 tibi

577 2548 659 2586 Ista
676 2547 848 2586 mulier?
886 2549 1002 2587 Uxor.
1064 2547 1204 2586 Similis
1219 2550 1360 2588 medius
1365 2551 1502 2601 fidius.
1530 2551 1597 2598 Et,

582 2615 769 2659 Quamdiu
783 2615 836 2653 ad
853 2629 971 2668 aquas
968 2615 1074 2668 ficit,
1100 2630 1300 2668 numquam
1317 2624 1371 2655 est
1387 2624 1566 2657 mortuus.

472 2708 646 2755 Genus
681 2708 777 2756 hoc
812 2708 988 2767 levius,
1030 2717 1098 2768 et,
1134 2716 1191 2758 ut
1226 2710 1348 2769 dixi,
1383 2711 1667 2760 mimicum:
1706 2713 1794 2762 sed

470 2785 619 2834 habet
643 2803 999 2852 nonnunquam
1034 2788 1219 2853 aliquid
1243 2790 1390 2839 etiam
1414 2791 1547 2856 apud
1569 2807 1658 2840 nos
1678 2789 1797 2851 loci,

472 2872 530 2912 ut
552 2865 630 2913 vel
653 2882 754 2914 non
779 2866 956 2916 stultus
989 2868 1124 2932 quasi
1160 2868 1308 2918 stulte
1333 2886 1447 2918 cum
1469 2870 1570 2920 sale
1594 2870 1728 2920 dicat
1750 2889 1801 2920 a..
