<?xml version="1.0" encoding="UTF-8"?>
<!DOCTYPE html PUBLIC "-//W3C//DTD XHTML 1.0 Transitional//EN"
    "http://www.w3.org/TR/xhtml1/DTD/xhtml1-transitional.dtd">
<html xmlns="http://www.w3.org/1999/xhtml" xml:lang="en" lang="en">
 <head>
  <title>
</title>
<meta http-equiv="Content-Type" content="text/html;charset=utf-8" />
  <meta name='ocr-system' content='tesseract 3.04.00' />
  <meta name='ocr-capabilities' content='ocr_page ocr_carea ocr_par ocr_line ocrx_word'/>
</head>
<body>
  <div class='ocr_page' id='page_1' title='image "./deoratorelibrit00ciceuoft_0239.png"; bbox 0 0 2071 3508; ppageno 0'>
   <div class='ocr_carea' id='block_1_1' title="bbox 650 382 1543 424">
    <p class='ocr_par' dir='ltr' id='par_1_1' title="bbox 650 382 1543 424">
     <span class='ocr_line' id='line_1_1' title="bbox 650 382 1543 424; baseline 0.001 -2"><span class='ocrx_word' id='word_1_1' title='bbox 650 382 817 422; x_wconf 88' lang='lat' dir='ltr'>LIBER</span> <span class='ocrx_word' id='word_1_2' title='bbox 847 382 1098 422; x_wconf 87' lang='lat' dir='ltr'>TERTIUS.</span> <span class='ocrx_word' id='word_1_3' title='bbox 1467 388 1543 424; x_wconf 76' lang='lat'>231</span> 
     </span>
    </p>
   </div>
   <div class='ocr_carea' id='block_1_2' title="bbox 207 489 1547 1186">
    <p class='ocr_par' dir='ltr' id='par_1_2' title="bbox 207 489 1547 1186">
     <span class='ocr_line' id='line_1_2' title="bbox 209 489 1546 558; baseline -0.003 -14"><span class='ocrx_word' id='word_1_4' title='bbox 209 497 275 554; x_wconf 80' lang='lat' dir='ltr'>vi,</span> <span class='ocrx_word' id='word_1_5' title='bbox 311 509 472 558; x_wconf 90' lang='lat' dir='ltr'>neque</span> <span class='ocrx_word' id='word_1_6' title='bbox 495 492 755 539; x_wconf 86' lang='lat' dir='ltr'>verborum</span> <span class='ocrx_word' id='word_1_7' title='bbox 776 496 1002 537; x_wconf 88' lang='lat' dir='ltr'>ornatum</span> <span class='ocrx_word' id='word_1_8' title='bbox 1028 489 1235 536; x_wconf 88' lang='lat' dir='ltr'>inveniri</span> <span class='ocrx_word' id='word_1_9' title='bbox 1261 507 1421 553; x_wconf 78' lang='lat' dir='ltr'>posse,</span> <span class='ocrx_word' id='word_1_10' title='bbox 1446 509 1546 540; x_wconf 85' lang='lat' dir='ltr'>non</span> 
     </span>
     <span class='ocr_line' id='line_1_3' title="bbox 210 568 1545 638; baseline -0.004 -16"><span class='ocrx_word' id='word_1_11' title='bbox 210 574 399 638; x_wconf 84' lang='lat' dir='ltr'>partitis</span> <span class='ocrx_word' id='word_1_12' title='bbox 437 569 774 634; x_wconf 82' lang='lat' dir='ltr'>expressisque</span> <span class='ocrx_word' id='word_1_13' title='bbox 816 568 1090 623; x_wconf 81' lang='lat' dir='ltr'>sententiis,</span> <span class='ocrx_word' id='word_1_14' title='bbox 1131 584 1292 631; x_wconf 88' lang='lat' dir='ltr'>neque</span> <span class='ocrx_word' id='word_1_15' title='bbox 1333 586 1437 616; x_wconf 87' lang='lat' dir='ltr'>esse</span> <span class='ocrx_word' id='word_1_16' title='bbox 1475 571 1545 616; x_wconf 88' lang='lat' dir='ltr'>ul-</span> 
     </span>
     <span class='ocr_line' id='line_1_4' title="bbox 210 646 1462 700; baseline -0.005 0"><span class='ocrx_word' id='word_1_17' title='bbox 210 652 305 700; x_wconf 85' lang='lat' dir='ltr'>lam</span> <span class='ocrx_word' id='word_1_18' title='bbox 331 648 625 699; x_wconf 83' lang='lat' dir='ltr'>sententiam</span> <span class='ocrx_word' id='word_1_19' title='bbox 652 647 891 695; x_wconf 84' lang='lat' dir='ltr'>illustrem</span> <span class='ocrx_word' id='word_1_20' title='bbox 918 647 1021 695; x_wconf 88' lang='lat' dir='ltr'>sine</span> <span class='ocrx_word' id='word_1_21' title='bbox 1047 646 1158 695; x_wconf 87' lang='lat' dir='ltr'>luce</span> <span class='ocrx_word' id='word_1_22' title='bbox 1185 648 1462 695; x_wconf 83' lang='lat' dir='ltr'>verborum.</span> 
     </span>
     <span class='ocr_line' id='line_1_5' title="bbox 277 726 1543 793; baseline -0.002 -16"><span class='ocrx_word' id='word_1_23' title='bbox 277 729 374 777; x_wconf 87' lang='lat' dir='ltr'>Sed</span> <span class='ocrx_word' id='word_1_24' title='bbox 414 728 548 793; x_wconf 88' lang='lat' dir='ltr'>prius</span> <span class='ocrx_word' id='word_1_25' title='bbox 590 744 737 791; x_wconf 87' lang='lat' dir='ltr'>quam</span> <span class='ocrx_word' id='word_1_26' title='bbox 780 726 863 774; x_wconf 88' lang='lat' dir='ltr'>illa</span> <span class='ocrx_word' id='word_1_27' title='bbox 887 743 1040 775; x_wconf 90' lang='grc'>001101</span> <span class='ocrx_word' id='word_1_28' title='bbox 1065 726 1330 790; x_wconf 86' lang='lat' dir='ltr'>attingere,</span> <span class='ocrx_word' id='word_1_29' title='bbox 1367 727 1543 790; x_wconf 87' lang='lat' dir='ltr'>quibus</span> 
     </span>
     <span class='ocr_line' id='line_1_6' title="bbox 208 805 1546 870; baseline -0.001 -15"><span class='ocrx_word' id='word_1_30' title='bbox 208 807 482 856; x_wconf 85' lang='lat' dir='ltr'>orationem</span> <span class='ocrx_word' id='word_1_31' title='bbox 520 807 681 854; x_wconf 87' lang='lat' dir='ltr'>ornari</span> <span class='ocrx_word' id='word_1_32' title='bbox 719 814 867 869; x_wconf 88' lang='lat' dir='ltr'>atque</span> <span class='ocrx_word' id='word_1_33' title='bbox 909 805 1173 852; x_wconf 88' lang='lat' dir='ltr'>illuminari</span> <span class='ocrx_word' id='word_1_34' title='bbox 1197 814 1389 869; x_wconf 85' lang='lat' dir='ltr'>putem,</span> <span class='ocrx_word' id='word_1_35' title='bbox 1436 823 1546 870; x_wconf 87' lang='lat' dir='ltr'>pro-</span> 
     </span>
     <span class='ocr_line' id='line_1_7' title="bbox 207 884 1526 950; baseline 0 -17"><span class='ocrx_word' id='word_1_36' title='bbox 207 901 389 950; x_wconf 87' lang='lat' dir='ltr'>ponam</span> <span class='ocrx_word' id='word_1_37' title='bbox 413 886 647 943; x_wconf 86' lang='lat' dir='ltr'>breviter,</span> <span class='ocrx_word' id='word_1_38' title='bbox 684 885 804 948; x_wconf 86' lang='lat' dir='ltr'>quid</span> <span class='ocrx_word' id='word_1_39' title='bbox 829 885 1036 932; x_wconf 83' lang='lat' dir='ltr'>sentiam</span> <span class='ocrx_word' id='word_1_40' title='bbox 1058 884 1119 932; x_wconf 87' lang='lat' dir='ltr'>de</span> <span class='ocrx_word' id='word_1_41' title='bbox 1144 884 1372 932; x_wconf 85' lang='lat' dir='ltr'>universo</span> <span class='ocrx_word' id='word_1_42' title='bbox 1396 901 1526 948; x_wconf 87' lang='lat' dir='ltr'>gene</span> 
     </span>
     <span class='ocr_line' id='line_1_8' title="bbox 209 964 1545 1028; baseline -0.001 -16"><span class='ocrx_word' id='word_1_43' title='bbox 209 981 261 1013; x_wconf 91' lang='lat' dir='ltr'>re</span> <span class='ocrx_word' id='word_1_44' title='bbox 287 964 502 1013; x_wconf 86' lang='lat' dir='ltr'>dicendi.</span> <span class='ocrx_word' id='word_1_45' title='bbox 576 965 768 1012; x_wconf 89' lang='lat' dir='ltr'>Natura</span> <span class='ocrx_word' id='word_1_46' title='bbox 800 964 934 1011; x_wconf 88' lang='lat' dir='ltr'>nulla</span> <span class='ocrx_word' id='word_1_47' title='bbox 959 972 1038 1012; x_wconf 77' lang='lat' dir='ltr'>est¹</span> <span class='ocrx_word' id='word_1_48' title='bbox 1074 967 1155 1028; x_wconf 87' lang='lat' dir='ltr'>(ut</span> <span class='ocrx_word' id='word_1_49' title='bbox 1179 965 1299 1011; x_wconf 90' lang='lat' dir='ltr'>mihi</span> <span class='ocrx_word' id='word_1_50' title='bbox 1323 964 1545 1026; x_wconf 86' lang='lat' dir='ltr'>videtur)</span> 
     </span>
     <span class='ocr_line' id='line_1_9' title="bbox 209 1042 1547 1108; baseline 0.001 -17"><span class='ocrx_word' id='word_1_51' title='bbox 209 1061 335 1108; x_wconf 89' lang='lat' dir='ltr'>quae</span> <span class='ocrx_word' id='word_1_52' title='bbox 376 1060 476 1091; x_wconf 91' lang='lat' dir='ltr'>non</span> <span class='ocrx_word' id='word_1_53' title='bbox 500 1043 679 1092; x_wconf 85' lang='lat' dir='ltr'>habeat</span> <span class='ocrx_word' id='word_1_54' title='bbox 721 1044 771 1090; x_wconf 90' lang='lat' dir='ltr'>in</span> <span class='ocrx_word' id='word_1_55' title='bbox 814 1060 902 1090; x_wconf 89' lang='lat' dir='ltr'>suo</span> <span class='ocrx_word' id='word_1_56' title='bbox 943 1059 1127 1107; x_wconf 85' lang='lat' dir='ltr'>genere</span> <span class='ocrx_word' id='word_1_57' title='bbox 1154 1059 1229 1091; x_wconf 87' lang='lat' dir='ltr'>res</span> <span class='ocrx_word' id='word_1_58' title='bbox 1268 1042 1547 1107; x_wconf 85' lang='lat' dir='ltr'>complures</span> 
     </span>
     <span class='ocr_line' id='line_1_10' title="bbox 210 1121 1546 1186; baseline 0 -16"><span class='ocrx_word' id='word_1_59' title='bbox 210 1122 467 1170; x_wconf 90' lang='lat' dir='ltr'>dissimiles</span> <span class='ocrx_word' id='word_1_60' title='bbox 492 1123 621 1171; x_wconf 86' lang='lat' dir='ltr'>inter</span> <span class='ocrx_word' id='word_1_61' title='bbox 662 1140 729 1178; x_wconf 88' lang='lat' dir='ltr'>se,</span> <span class='ocrx_word' id='word_1_62' title='bbox 775 1138 899 1186; x_wconf 90' lang='lat' dir='ltr'>quae</span> <span class='ocrx_word' id='word_1_63' title='bbox 938 1129 1106 1169; x_wconf 89' lang='lat' dir='ltr'>tamen</span> <span class='ocrx_word' id='word_1_64' title='bbox 1133 1121 1374 1169; x_wconf 86' lang='lat' dir='ltr'>consimili</span> <span class='ocrx_word' id='word_1_65' title='bbox 1400 1121 1546 1170; x_wconf 88' lang='lat' dir='ltr'>laude</span> 
     </span>
    </p>
   </div>
   <div class='ocr_carea' id='block_1_3' title="bbox 209 1199 1564 1266">
    <p class='ocr_par' dir='ltr' id='par_1_3' title="bbox 209 1199 1564 1266">
     <span class='ocr_line' id='line_1_11' title="bbox 209 1199 1564 1266; baseline -0.001 -16"><span class='ocrx_word' id='word_1_66' title='bbox 209 1201 494 1266; x_wconf 84' lang='lat' dir='ltr'>dignentur.</span> <span class='ocrx_word' id='word_1_67' title='bbox 582 1202 711 1249; x_wconf 89' lang='lat' dir='ltr'>Nam</span> <span class='ocrx_word' id='word_1_68' title='bbox 752 1209 802 1248; x_wconf 87' lang='lat' dir='ltr'>et</span> <span class='ocrx_word' id='word_1_69' title='bbox 827 1201 1024 1248; x_wconf 90' lang='lat' dir='ltr'>auribus</span> <span class='ocrx_word' id='word_1_70' title='bbox 1050 1199 1205 1248; x_wconf 88' lang='lat' dir='ltr'>multa</span> <span class='ocrx_word' id='word_1_71' title='bbox 1227 1201 1564 1265; x_wconf 87' lang='lat' dir='ltr'>percipimus,.</span> 
     </span>
    </p>
   </div>
   <div class='ocr_carea' id='block_1_4' title="bbox 210 1279 1553 2987">
    <p class='ocr_par' dir='ltr' id='par_1_4' title="bbox 210 1279 1553 2987">
     <span class='ocr_line' id='line_1_12' title="bbox 211 1279 1546 1345; baseline -0.002 -15"><span class='ocrx_word' id='word_1_72' title='bbox 211 1298 336 1345; x_wconf 91' lang='lat' dir='ltr'>quae</span> <span class='ocrx_word' id='word_1_73' title='bbox 362 1281 452 1329; x_wconf 91' lang='lat' dir='ltr'>etsi</span> <span class='ocrx_word' id='word_1_74' title='bbox 479 1297 567 1328; x_wconf 86' lang='lat' dir='ltr'>nos</span> <span class='ocrx_word' id='word_1_75' title='bbox 592 1280 797 1328; x_wconf 88' lang='lat' dir='ltr'>vocibus</span> <span class='ocrx_word' id='word_1_76' title='bbox 823 1279 1094 1338; x_wconf 87' lang='lat' dir='ltr'>delectant,</span> <span class='ocrx_word' id='word_1_77' title='bbox 1146 1286 1314 1327; x_wconf 86' lang='lat' dir='ltr'>tamen</span> <span class='ocrx_word' id='word_1_78' title='bbox 1339 1280 1408 1327; x_wconf 88' lang='lat' dir='ltr'>ita</span> <span class='ocrx_word' id='word_1_79' title='bbox 1433 1291 1546 1327; x_wconf 87' lang='lat' dir='ltr'>sunt</span> 
     </span>
     <span class='ocr_line' id='line_1_13' title="bbox 210 1357 1547 1423; baseline -0.001 -16"><span class='ocrx_word' id='word_1_80' title='bbox 210 1361 342 1408; x_wconf 85' lang='lat' dir='ltr'>varia</span> <span class='ocrx_word' id='word_1_81' title='bbox 380 1376 539 1423; x_wconf 83' lang='lat' dir='ltr'>saepe,</span> <span class='ocrx_word' id='word_1_82' title='bbox 578 1367 634 1406; x_wconf 91' lang='lat' dir='ltr'>ut</span> <span class='ocrx_word' id='word_1_83' title='bbox 676 1359 741 1414; x_wconf 91' lang='lat' dir='ltr'>id,</span> <span class='ocrx_word' id='word_1_84' title='bbox 782 1358 915 1422; x_wconf 89' lang='lat' dir='ltr'>quod</span> <span class='ocrx_word' id='word_1_85' title='bbox 939 1358 1219 1422; x_wconf 82' lang='lat' dir='ltr'>proximum</span> <span class='ocrx_word' id='word_1_86' title='bbox 1254 1357 1442 1416; x_wconf 83' lang='lat' dir='ltr'>audias,</span> <span class='ocrx_word' id='word_1_87' title='bbox 1469 1358 1547 1421; x_wconf 83' lang='lat' dir='ltr'>ju-</span> 
     </span>
     <span class='ocr_line' id='line_1_14' title="bbox 212 1436 1549 1501; baseline -0.003 -14"><span class='ocrx_word' id='word_1_88' title='bbox 212 1439 567 1488; x_wconf 87' lang='lat' dir='ltr'>cundissimum</span> <span class='ocrx_word' id='word_1_89' title='bbox 606 1454 710 1485; x_wconf 89' lang='lat' dir='ltr'>esse</span> <span class='ocrx_word' id='word_1_90' title='bbox 752 1437 1008 1484; x_wconf 83' lang='lat' dir='ltr'>videatur:</span> <span class='ocrx_word' id='word_1_91' title='bbox 1053 1444 1104 1484; x_wconf 92' lang='lat' dir='ltr'>et</span> <span class='ocrx_word' id='word_1_92' title='bbox 1129 1436 1284 1484; x_wconf 89' lang='grc'>0011115</span> <span class='ocrx_word' id='word_1_93' title='bbox 1310 1436 1549 1501; x_wconf 82' lang='lat' dir='ltr'>colligun-</span> 
     </span>
     <span class='ocr_line' id='line_1_15' title="bbox 210 1515 1549 1583; baseline -0.002 -16"><span class='ocrx_word' id='word_1_94' title='bbox 210 1528 291 1567; x_wconf 89' lang='lat' dir='ltr'>tur</span> <span class='ocrx_word' id='word_1_95' title='bbox 314 1535 442 1583; x_wconf 90' lang='lat' dir='ltr'>pene</span> <span class='ocrx_word' id='word_1_96' title='bbox 468 1515 851 1564; x_wconf 87' lang='lat' dir='ltr'>innumerabiles</span> <span class='ocrx_word' id='word_1_97' title='bbox 875 1516 1174 1579; x_wconf 85' lang='lat' dir='ltr'>voluptates,</span> <span class='ocrx_word' id='word_1_98' title='bbox 1217 1532 1342 1580; x_wconf 92' lang='lat' dir='ltr'>quae</span> <span class='ocrx_word' id='word_1_99' title='bbox 1368 1532 1456 1564; x_wconf 94' lang='lat' dir='ltr'>nos</span> <span class='ocrx_word' id='word_1_100' title='bbox 1482 1518 1549 1564; x_wconf 80' lang='lat' dir='ltr'>ita</span> 
     </span>
     <span class='ocr_line' id='line_1_16' title="bbox 211 1593 1551 1663; baseline -0.002 -17"><span class='ocrx_word' id='word_1_101' title='bbox 211 1598 432 1663; x_wconf 88' lang='lat' dir='ltr'>capiunt,</span> <span class='ocrx_word' id='word_1_102' title='bbox 468 1604 525 1643; x_wconf 91' lang='lat' dir='ltr'>ut</span> <span class='ocrx_word' id='word_1_103' title='bbox 560 1612 712 1643; x_wconf 88' lang='lat' dir='ltr'>unum</span> <span class='ocrx_word' id='word_1_104' title='bbox 752 1611 948 1642; x_wconf 90' lang='lat' dir='ltr'>sensum</span> <span class='ocrx_word' id='word_1_105' title='bbox 986 1593 1207 1642; x_wconf 88' lang='lat' dir='ltr'>dissimili</span> <span class='ocrx_word' id='word_1_106' title='bbox 1242 1611 1428 1659; x_wconf 79' lang='lat' dir='ltr'>genere</span> <span class='ocrx_word' id='word_1_107' title='bbox 1467 1595 1551 1643; x_wconf 89' lang='lat' dir='ltr'>de-</span> 
     </span>
     <span class='ocr_line' id='line_1_17' title="bbox 211 1673 1549 1739; baseline -0.002 -14"><span class='ocrx_word' id='word_1_108' title='bbox 211 1678 429 1736; x_wconf 82' lang='lat' dir='ltr'>lectent3</span> <span class='ocrx_word' id='word_1_109' title='bbox 470 1684 520 1724; x_wconf 92' lang='lat' dir='ltr'>et</span> <span class='ocrx_word' id='word_1_110' title='bbox 544 1675 757 1739; x_wconf 89' lang='lat' dir='ltr'>reliquos</span> <span class='ocrx_word' id='word_1_111' title='bbox 796 1691 966 1722; x_wconf 88' lang='lat' dir='ltr'>sensus</span> <span class='ocrx_word' id='word_1_112' title='bbox 990 1673 1269 1738; x_wconf 84' lang='lat' dir='ltr'>voluptates</span> <span class='ocrx_word' id='word_1_113' title='bbox 1294 1674 1549 1723; x_wconf 84' lang='lat' dir='ltr'>oblectant</span> 
     </span>
     <span class='ocr_line' id='line_1_18' title="bbox 212 1752 1548 1821; baseline -0.001 -18"><span class='ocrx_word' id='word_1_114' title='bbox 212 1756 446 1821; x_wconf 81' lang='lat' dir='ltr'>dispareS,</span> <span class='ocrx_word' id='word_1_115' title='bbox 516 1763 572 1803; x_wconf 89' lang='lat' dir='ltr'>ut</span> <span class='ocrx_word' id='word_1_116' title='bbox 614 1754 676 1802; x_wconf 90' lang='lat' dir='ltr'>sit</span> <span class='ocrx_word' id='word_1_117' title='bbox 723 1753 921 1801; x_wconf 88' lang='lat' dir='ltr'>difficile</span> <span class='ocrx_word' id='word_1_118' title='bbox 960 1752 1208 1817; x_wconf 81' lang='lat' dir='ltr'>judicium</span> <span class='ocrx_word' id='word_1_119' title='bbox 1257 1754 1548 1802; x_wconf 80' lang='lat' dir='ltr'>excellentis</span> 
     </span>
     <span class='ocr_line' id='line_1_19' title="bbox 211 1832 1549 1897; baseline -0.002 -14"><span class='ocrx_word' id='word_1_120' title='bbox 211 1836 426 1884; x_wconf 83' lang='lat' dir='ltr'>maxime</span> <span class='ocrx_word' id='word_1_121' title='bbox 469 1834 739 1883; x_wconf 68' lang='lat' dir='ltr'>suavitatis</span> <span class='ocrx_word' id='word_1_122' title='bbox 814 1832 886 1880; x_wconf 92' lang='lat' dir='ltr'>At</span> <span class='ocrx_word' id='word_1_123' title='bbox 921 1832 1015 1880; x_wconf 92' lang='grc'>1100</span> <span class='ocrx_word' id='word_1_124' title='bbox 1052 1832 1203 1891; x_wconf 86' lang='lat' dir='ltr'>idem,</span> <span class='ocrx_word' id='word_1_125' title='bbox 1240 1834 1375 1897; x_wconf 90' lang='lat' dir='ltr'>quod</span> <span class='ocrx_word' id='word_1_126' title='bbox 1399 1842 1473 1881; x_wconf 89' lang='lat' dir='ltr'>est</span> <span class='ocrx_word' id='word_1_127' title='bbox 1498 1834 1549 1880; x_wconf 88' lang='lat' dir='ltr'>in</span> 
     </span>
     <span class='ocr_line' id='line_1_20' title="bbox 212 1912 1547 1976; baseline -0.001 -14"><span class='ocrx_word' id='word_1_128' title='bbox 212 1915 398 1962; x_wconf 86' lang='lat' dir='ltr'>naturis</span> <span class='ocrx_word' id='word_1_129' title='bbox 435 1930 617 1971; x_wconf 88' lang='lat' dir='ltr'>rerum,</span> <span class='ocrx_word' id='word_1_130' title='bbox 659 1912 911 1960; x_wconf 83' lang='lat' dir='ltr'>transferri</span> <span class='ocrx_word' id='word_1_131' title='bbox 935 1919 1100 1976; x_wconf 88' lang='lat' dir='ltr'>potest</span> <span class='ocrx_word' id='word_1_132' title='bbox 1141 1912 1290 1959; x_wconf 85' lang='lat' dir='ltr'>etiam</span> <span class='ocrx_word' id='word_1_133' title='bbox 1316 1912 1379 1959; x_wconf 91' lang='lat' dir='ltr'>ad</span> <span class='ocrx_word' id='word_1_134' title='bbox 1403 1921 1547 1960; x_wconf 86' lang='lat' dir='ltr'>artes.</span> 
     </span>
     <span class='ocr_line' id='line_1_21' title="bbox 213 1990 1552 2056; baseline -0.002 -16"><span class='ocrx_word' id='word_1_135' title='bbox 213 1993 329 2041; x_wconf 89' lang='lat' dir='ltr'>Una</span> <span class='ocrx_word' id='word_1_136' title='bbox 351 1992 570 2056; x_wconf 86' lang='lat' dir='ltr'>fingendi</span> <span class='ocrx_word' id='word_1_137' title='bbox 597 1999 671 2039; x_wconf 92' lang='lat' dir='ltr'>est</span> <span class='ocrx_word' id='word_1_138' title='bbox 695 2007 790 2049; x_wconf 87' lang='lat' dir='ltr'>ars,</span> <span class='ocrx_word' id='word_1_139' title='bbox 823 1991 872 2037; x_wconf 93' lang='lat' dir='ltr'>in</span> <span class='ocrx_word' id='word_1_140' title='bbox 898 2008 994 2054; x_wconf 90' lang='lat' dir='ltr'>qua</span> <span class='ocrx_word' id='word_1_141' title='bbox 1018 1997 1324 2054; x_wconf 79' lang='lat' dir='ltr'>praestantes</span> <span class='ocrx_word' id='word_1_142' title='bbox 1348 1990 1552 2038; x_wconf 85' lang='lat' dir='ltr'>fuerunt</span> 
     </span>
     <span class='ocr_line' id='line_1_22' title="bbox 216 2069 1552 2135; baseline -0.001 -17"><span class='ocrx_word' id='word_1_143' title='bbox 216 2070 384 2135; x_wconf 86' lang='lat' dir='ltr'>Myro,</span> <span class='ocrx_word' id='word_1_144' title='bbox 430 2069 730 2134; x_wconf 85' lang='lat' dir='ltr'>Polycletus,</span> <span class='ocrx_word' id='word_1_145' title='bbox 770 2069 1051 2135; x_wconf 87' lang='lat' dir='ltr'>Lysippus;</span> <span class='ocrx_word' id='word_1_146' title='bbox 1092 2070 1175 2132; x_wconf 88' lang='lat' dir='ltr'>qui</span> <span class='ocrx_word' id='word_1_147' title='bbox 1217 2085 1387 2116; x_wconf 87' lang='lat' dir='ltr'>omnes</span> <span class='ocrx_word' id='word_1_148' title='bbox 1421 2069 1552 2117; x_wconf 89' lang='lat' dir='ltr'>inter</span> 
     </span>
     <span class='ocr_line' id='line_1_23' title="bbox 214 2147 1551 2206; baseline -0.001 -10"><span class='ocrx_word' id='word_1_149' title='bbox 214 2166 265 2197; x_wconf 90' lang='lat' dir='ltr'>se</span> <span class='ocrx_word' id='word_1_150' title='bbox 307 2147 565 2196; x_wconf 88' lang='lat' dir='ltr'>dissimiles</span> <span class='ocrx_word' id='word_1_151' title='bbox 606 2147 824 2204; x_wconf 90' lang='lat' dir='ltr'>fuerunt,</span> <span class='ocrx_word' id='word_1_152' title='bbox 864 2149 951 2196; x_wconf 91' lang='lat' dir='ltr'>sed</span> <span class='ocrx_word' id='word_1_153' title='bbox 988 2149 1058 2196; x_wconf 82' lang='lat' dir='ltr'>ita</span> <span class='ocrx_word' id='word_1_154' title='bbox 1095 2156 1282 2206; x_wconf 88' lang='lat' dir='ltr'>tamen,</span> <span class='ocrx_word' id='word_1_155' title='bbox 1318 2156 1374 2195; x_wconf 91' lang='lat' dir='ltr'>ut</span> <span class='ocrx_word' id='word_1_156' title='bbox 1398 2148 1551 2195; x_wconf 89' lang='lat' dir='ltr'>nemi-</span> 
     </span>
     <span class='ocr_line' id='line_1_24' title="bbox 213 2226 1552 2275; baseline -0.001 0"><span class='ocrx_word' id='word_1_157' title='bbox 213 2244 328 2275; x_wconf 88' lang='lat' dir='ltr'>nem</span> <span class='ocrx_word' id='word_1_158' title='bbox 367 2227 440 2274; x_wconf 90' lang='lat' dir='ltr'>sui</span> <span class='ocrx_word' id='word_1_159' title='bbox 479 2226 598 2274; x_wconf 91' lang='lat' dir='ltr'>velis</span> <span class='ocrx_word' id='word_1_160' title='bbox 641 2243 745 2275; x_wconf 89' lang='lat' dir='ltr'>esse</span> <span class='ocrx_word' id='word_1_161' title='bbox 772 2227 1070 2274; x_wconf 87' lang='lat' dir='ltr'>dissimilem.</span> <span class='ocrx_word' id='word_1_162' title='bbox 1143 2226 1257 2274; x_wconf 87' lang='lat' dir='ltr'>Una</span> <span class='ocrx_word' id='word_1_163' title='bbox 1281 2235 1356 2274; x_wconf 93' lang='lat' dir='ltr'>est</span> <span class='ocrx_word' id='word_1_164' title='bbox 1379 2243 1455 2274; x_wconf 89' lang='lat' dir='ltr'>ars</span> <span class='ocrx_word' id='word_1_165' title='bbox 1480 2243 1552 2273; x_wconf 87' lang='lat' dir='ltr'>ra-</span> 
     </span>
     <span class='ocr_line' id='line_1_25' title="bbox 213 2304 1551 2369; baseline 0 -16"><span class='ocrx_word' id='word_1_166' title='bbox 213 2305 382 2369; x_wconf 91' lang='lat' dir='ltr'>tioque</span> <span class='ocrx_word' id='word_1_167' title='bbox 418 2305 661 2369; x_wconf 85' lang='lat' dir='ltr'>picturae,</span> <span class='ocrx_word' id='word_1_168' title='bbox 698 2304 1106 2368; x_wconf 86' lang='lat' dir='ltr'>dissimillimique</span> <span class='ocrx_word' id='word_1_169' title='bbox 1142 2312 1309 2352; x_wconf 90' lang='lat' dir='ltr'>tamen</span> <span class='ocrx_word' id='word_1_170' title='bbox 1346 2305 1476 2353; x_wconf 88' lang='lat' dir='ltr'>inter</span> <span class='ocrx_word' id='word_1_171' title='bbox 1501 2321 1551 2353; x_wconf 91' lang='lat' dir='ltr'>se</span> 
     </span>
     <span class='ocr_line' id='line_1_26' title="bbox 215 2382 1552 2448; baseline 0 -16"><span class='ocrx_word' id='word_1_172' title='bbox 215 2383 415 2442; x_wconf 83' lang='lat' dir='ltr'>Zeuxis,</span> <span class='ocrx_word' id='word_1_173' title='bbox 444 2382 764 2448; x_wconf 88' lang='lat' dir='ltr'>Aglaophon,</span> <span class='ocrx_word' id='word_1_174' title='bbox 792 2382 1020 2447; x_wconf 79' lang='lat' dir='ltr'>Apelles3</span> <span class='ocrx_word' id='word_1_175' title='bbox 1041 2400 1202 2446; x_wconf 88' lang='lat' dir='ltr'>neque</span> <span class='ocrx_word' id='word_1_176' title='bbox 1228 2400 1398 2431; x_wconf 89' lang='lat' dir='ltr'>eorum</span> <span class='ocrx_word' id='word_1_177' title='bbox 1424 2385 1552 2448; x_wconf 87' lang='lat' dir='ltr'>quis-</span> 
     </span>
     <span class='ocr_line' id='line_1_27' title="bbox 214 2460 1551 2526; baseline 0.001 -17"><span class='ocrx_word' id='word_1_178' title='bbox 214 2479 360 2526; x_wconf 88' lang='lat' dir='ltr'>quam</span> <span class='ocrx_word' id='word_1_179' title='bbox 387 2469 480 2520; x_wconf 91' lang='lat' dir='ltr'>est,</span> <span class='ocrx_word' id='word_1_180' title='bbox 505 2462 586 2509; x_wconf 88' lang='lat' dir='ltr'>cui</span> <span class='ocrx_word' id='word_1_181' title='bbox 611 2460 878 2525; x_wconf 90' lang='lat' dir='ltr'>quidquam</span> <span class='ocrx_word' id='word_1_182' title='bbox 905 2461 955 2507; x_wconf 90' lang='lat' dir='ltr'>in</span> <span class='ocrx_word' id='word_1_183' title='bbox 981 2469 1085 2509; x_wconf 86' lang='lat' dir='ltr'>arte</span> <span class='ocrx_word' id='word_1_184' title='bbox 1111 2478 1197 2509; x_wconf 88' lang='lat' dir='ltr'>sua</span> <span class='ocrx_word' id='word_1_185' title='bbox 1222 2461 1392 2510; x_wconf 91' lang='lat' dir='ltr'>deesse</span> <span class='ocrx_word' id='word_1_186' title='bbox 1416 2462 1551 2510; x_wconf 87' lang='lat' dir='ltr'>vide-</span> 
     </span>
     <span class='ocr_line' id='line_1_28' title="bbox 213 2539 1551 2602; baseline 0 -14"><span class='ocrx_word' id='word_1_187' title='bbox 213 2550 340 2589; x_wconf 87' lang='lat' dir='ltr'>atur.</span> <span class='ocrx_word' id='word_1_188' title='bbox 412 2540 496 2598; x_wconf 88' lang='lat' dir='ltr'>Et,</span> <span class='ocrx_word' id='word_1_189' title='bbox 531 2540 571 2587; x_wconf 90' lang='lat' dir='ltr'>si</span> <span class='ocrx_word' id='word_1_190' title='bbox 612 2540 707 2586; x_wconf 90' lang='lat' dir='ltr'>hoc</span> <span class='ocrx_word' id='word_1_191' title='bbox 745 2540 795 2586; x_wconf 81' lang='lat' dir='ltr'>in</span> <span class='ocrx_word' id='word_1_192' title='bbox 822 2539 895 2586; x_wconf 87' lang='lat' dir='ltr'>his</span> <span class='ocrx_word' id='word_1_193' title='bbox 921 2540 1056 2602; x_wconf 90' lang='lat' dir='ltr'>quasi</span> <span class='ocrx_word' id='word_1_194' title='bbox 1093 2541 1242 2588; x_wconf 90' lang='lat' dir='ltr'>mutis</span> <span class='ocrx_word' id='word_1_195' title='bbox 1267 2541 1452 2588; x_wconf 88' lang='lat' dir='ltr'>artibus</span> <span class='ocrx_word' id='word_1_196' title='bbox 1477 2548 1551 2588; x_wconf 87' lang='lat' dir='ltr'>est</span> 
     </span>
     <span class='ocr_line' id='line_1_29' title="bbox 215 2617 1551 2682; baseline 0 -16"><span class='ocrx_word' id='word_1_197' title='bbox 215 2617 510 2673; x_wconf 85' lang='lat' dir='ltr'>mirandum,</span> <span class='ocrx_word' id='word_1_198' title='bbox 550 2625 601 2665; x_wconf 89' lang='lat' dir='ltr'>et</span> <span class='ocrx_word' id='word_1_199' title='bbox 638 2625 803 2665; x_wconf 86' lang='lat' dir='ltr'>tamen</span> <span class='ocrx_word' id='word_1_200' title='bbox 832 2634 1037 2677; x_wconf 83' lang='lat' dir='ltr'>verum3</span> <span class='ocrx_word' id='word_1_201' title='bbox 1083 2627 1269 2682; x_wconf 86' lang='lat' dir='ltr'>quanto</span> <span class='ocrx_word' id='word_1_202' title='bbox 1293 2619 1551 2667; x_wconf 87' lang='lat' dir='ltr'>admirabi-</span> 
     </span>
     <span class='ocr_line' id='line_1_30' title="bbox 214 2696 1553 2762; baseline 0.001 -17"><span class='ocrx_word' id='word_1_203' title='bbox 214 2697 309 2745; x_wconf 93' lang='lat' dir='ltr'>lius</span> <span class='ocrx_word' id='word_1_204' title='bbox 349 2697 398 2743; x_wconf 88' lang='lat' dir='ltr'>in</span> <span class='ocrx_word' id='word_1_205' title='bbox 441 2696 681 2754; x_wconf 87' lang='lat' dir='ltr'>oratione,</span> <span class='ocrx_word' id='word_1_206' title='bbox 717 2705 865 2759; x_wconf 87' lang='lat' dir='ltr'>atque</span> <span class='ocrx_word' id='word_1_207' title='bbox 892 2697 941 2743; x_wconf 91' lang='lat' dir='ltr'>in</span> <span class='ocrx_word' id='word_1_208' title='bbox 967 2696 1172 2761; x_wconf 86' lang='lat' dir='ltr'>lingua?</span> <span class='ocrx_word' id='word_1_209' title='bbox 1209 2714 1334 2762; x_wconf 87' lang='lat' dir='ltr'>quae</span> <span class='ocrx_word' id='word_1_210' title='bbox 1361 2715 1474 2746; x_wconf 89' lang='lat' dir='ltr'>cum</span> <span class='ocrx_word' id='word_1_211' title='bbox 1501 2698 1553 2746; x_wconf 89' lang='lat' dir='ltr'>in</span> 
     </span>
     <span class='ocr_line' id='line_1_31' title="bbox 214 2775 1552 2840; baseline 0.003 -17"><span class='ocrx_word' id='word_1_212' title='bbox 214 2776 392 2824; x_wconf 87' lang='lat' dir='ltr'>iisdem</span> <span class='ocrx_word' id='word_1_213' title='bbox 431 2775 688 2824; x_wconf 89' lang='lat' dir='ltr'>sententiis</span> <span class='ocrx_word' id='word_1_214' title='bbox 735 2775 993 2840; x_wconf 86' lang='lat' dir='ltr'>verbisque</span> <span class='ocrx_word' id='word_1_215' title='bbox 1040 2785 1277 2833; x_wconf 83' lang='lat' dir='ltr'>versetur,</span> <span class='ocrx_word' id='word_1_216' title='bbox 1338 2793 1552 2828; x_wconf 86' lang='lat' dir='ltr'>summas</span> 
     </span>
     <span class='ocr_line' id='line_1_32' title="bbox 217 2854 1551 2924; baseline 0.004 -21"><span class='ocrx_word' id='word_1_217' title='bbox 217 2854 368 2905; x_wconf 87' lang='lat' dir='ltr'>habet</span> <span class='ocrx_word' id='word_1_218' title='bbox 406 2854 861 2918; x_wconf 79' lang='lat' dir='ltr'>dissimilitudines5</span> <span class='ocrx_word' id='word_1_219' title='bbox 916 2871 1016 2905; x_wconf 88' lang='lat' dir='ltr'>non</span> <span class='ocrx_word' id='word_1_220' title='bbox 1051 2855 1137 2913; x_wconf 90' lang='lat' dir='ltr'>sic,</span> <span class='ocrx_word' id='word_1_221' title='bbox 1176 2864 1233 2904; x_wconf 90' lang='lat' dir='ltr'>ut</span> <span class='ocrx_word' id='word_1_222' title='bbox 1257 2856 1338 2905; x_wconf 89' lang='lat' dir='ltr'>alii</span> <span class='ocrx_word' id='word_1_223' title='bbox 1361 2858 1551 2924; x_wconf 87' lang='lat' dir='ltr'>vitupe-</span> 
     </span>
     <span class='ocr_line' id='line_1_33' title="bbox 1133 2945 1219 2987; baseline -0.035 0"><span class='ocrx_word' id='word_1_224' title='bbox 1133 2952 1162 2987; x_wconf 81' lang='lat' dir='ltr'><strong>P</strong></span> <span class='ocrx_word' id='word_1_225' title='bbox 1187 2945 1219 2984; x_wconf 82' lang='lat'><em>4</em></span> 
     </span>
    </p>
   </div>
   <div class='ocr_carea' id='block_1_5' title="bbox 1583 1836 1660 1878">
    <p class='ocr_par' dir='ltr' id='par_1_5' title="bbox 1583 1836 1660 1878">
     <span class='ocr_line' id='line_1_34' title="bbox 1583 1836 1660 1878; baseline 0 -1"><span class='ocrx_word' id='word_1_226' title='bbox 1583 1836 1660 1878; x_wconf 78' lang='lat'>26.</span> 
     </span>
    </p>
   </div>
  </div>
 </body>
</html>
