2071 3508
515 493 593 531 486
1067 491 1138 530 TO
1145 490 1285 532 PICA.

520 597 790 647 Aristotele
816 606 929 647 sunt
963 600 1054 648 hae
1080 600 1216 665 quasi
1252 599 1411 658 sedes,
1450 616 1475 647 e
1502 598 1678 662 quibus
1703 613 1846 661 argu..

520 685 687 725 menta
710 687 1016 741 promuntur.
1089 679 1264 743 Itaque
1282 679 1401 727 licet
1417 677 1637 736 definire,
1654 676 1850 724 Locum

522 771 628 803 esse
670 758 947 819 argumenti
994 757 1191 806 sedem:
1253 757 1621 823 Argumentum
1664 761 1850 811 autem,

524 834 785 893 rationem,
815 852 939 898 quae
963 836 1035 883 rei
1059 836 1236 884 dubiae
1259 836 1411 884 faciat
1433 835 1596 883 fidem.
1649 831 1765 881 ‘Sed
1789 847 1853 879 ex

525 911 602 959 his
623 912 764 970 locis,
798 914 848 960 in
875 915 1050 977 quibus
1075 922 1365 978 argumenta
1389 914 1577 962 inclusa
1601 918 1732 970 sunt,
1771 908 1853 973 alii

527 989 579 1044 in
604 1005 662 1037 eo
698 989 821 1053 ipso,
858 991 920 1039 de
962 1008 1060 1054 quo
1101 991 1280 1055 agitur,
1314 991 1551 1049 haerent3
1606 989 1686 1037 alii
1723 1003 1854 1035 assu-

528 1075 732 1115 muntur
757 1069 1076 1117 extrinsecus.
1148 1069 1209 1117 In
1232 1070 1352 1133 ipso,
1380 1077 1486 1117 tum
1512 1085 1574 1116 ex
1597 1074 1722 1124 toto,
1746 1073 1855 1112 tum

530 1163 593 1195 ex
616 1146 835 1210 partibus
861 1145 978 1210 ejus,
1005 1153 1111 1194 tum
1137 1163 1200 1194 ex
1223 1154 1355 1204 nota,
1375 1154 1483 1194 tum
1508 1163 1570 1194 ex
1592 1144 1668 1192 his
1692 1143 1856 1201 rebUS,

531 1241 655 1288 quae
680 1224 893 1289 quodam
930 1225 1078 1273 modo
1114 1225 1318 1274 affectae
1344 1233 1458 1273 sunt
1481 1225 1544 1272 ad
1566 1223 1636 1282 id,
1673 1222 1734 1270 de
1759 1236 1860 1285 quo

531 1304 798 1367 quaeritur.
923 1303 1244 1352 Extrinsecus
1290 1312 1456 1353 autem
1503 1320 1560 1352 ea
1606 1302 1858 1358 dicuntur,

531 1399 656 1446 quae
681 1383 876 1440 absunt,
915 1382 1163 1446 longeque
1200 1382 1445 1447 disjuncta
1468 1388 1597 1429 sunt.
1673 1377 1772 1427 Sed
1794 1377 1858 1425 ad

528 1459 582 1508 id
606 1468 785 1521 totum,
823 1462 884 1510 de
910 1478 1007 1526 quo
1043 1463 1309 1520 disseritur,
1346 1472 1453 1510 tum
1479 1458 1698 1509 definitio
1722 1455 1859 1509 adhi-

528 1541 693 1600 betur,
729 1558 854 1605 quae
890 1542 1026 1606 quasi
1060 1542 1336 1590 involutum
1362 1541 1544 1590 evolvit
1566 1539 1638 1598 id,
1674 1538 1736 1586 de
1761 1552 1858 1600 quo

530 1620 795 1683 quaeritur.
866 1619 985 1684 Ejus
1027 1622 1305 1686 argumenti
1346 1621 1456 1669 talis
1498 1626 1572 1668 est
1611 1615 1822 1667 formula
1842 1633 1856 1663 :

528 1697 618 1747 Jus
637 1698 777 1745 civile
799 1706 873 1746 est
891 1699 1110 1761 aequitas
1136 1700 1405 1747 constituta
1427 1699 1504 1757 iis,
1529 1697 1612 1762 qui
1637 1694 1858 1760 ejusdem

531 1777 742 1824 civitatis
768 1784 900 1834 sunt,
936 1777 999 1823 ad
1023 1794 1098 1824 res
1124 1794 1233 1824 suas
1270 1777 1597 1826 obtinendas:
1641 1774 1744 1838 ejus
1776 1789 1858 1821 au-

529 1862 632 1903 tem
656 1854 915 1918 aequitatis
938 1852 1072 1901 utilis
1096 1861 1172 1900 est
1196 1854 1446 1918 cognitio:
1485 1853 1617 1901 utilis
1642 1860 1717 1901 est
1740 1868 1859 1916 ergo

521 1931 646 1996 juris
671 1931 827 1979 civilis
852 1931 1073 1979 scientia.
1145 1929 1277 1978 Tum
1295 1931 1508 1995 partium
1534 1930 1859 1989 enumeratio,

531 2028 657 2076 quae
681 2017 923 2059 tractatur
958 2010 1055 2058 hoc
1079 2010 1260 2058 modo:
1307 2010 1356 2058 Si
1381 2027 1542 2074 neque
1569 2026 1740 2069 censu,
1775 2026 1858 2058 ne-

531 2106 626 2154 que
666 2089 904 2148 vindicta,
940 2106 1034 2137 nec
1074 2096 1374 2138 testamento
1409 2088 1533 2137 liber
1566 2088 1728 2138 factus
1765 2097 1858 2149 est,

530 2185 631 2217 non
679 2177 752 2217 est
791 2168 914 2217 liber
935 2186 947 2216 :
998 2185 1159 2232 neque
1209 2177 1283 2217 est
1319 2168 1417 2216 ulla
1452 2186 1619 2228 earum
1658 2186 1822 2219 rerum
1843 2188 1855 2218 ε

531 2265 631 2296 non
674 2257 748 2296 est
781 2248 933 2312 igitur
954 2246 1094 2301 liber.
1165 2247 1297 2295 Tum
1322 2248 1530 2306 notatio,
1573 2265 1687 2296 cum
1713 2265 1775 2297 ex
1809 2249 1857 2297 vi

531 2327 668 2376 verbi
693 2317 1038 2390 argumentum
1074 2326 1274 2390 aliquod
1308 2325 1521 2385 elicitur,
1555 2325 1650 2392 hoc
1675 2327 1855 2375 modo:

534 2406 661 2454 Cum
685 2405 767 2452 lex
792 2404 985 2452 assiduo
1003 2404 1251 2452 vindicem
1272 2404 1520 2452 assiduum
1545 2421 1648 2455 esse
1664 2404 1858 2469 jubeat,

534 2485 831 2549 locupletem
865 2482 1011 2546 jubet
1050 2483 1316 2547 locupleti:
1366 2482 1586 2548 locuples
1623 2484 1755 2531 enim
1785 2494 1859 2533 est

536 2564 771 2620 assiduus,
811 2569 866 2610 ut
896 2562 964 2625 ait
990 2561 1182 2624 Aelius,
1218 2561 1489 2626 appellatus
1527 2563 1587 2611 ab
1613 2579 1716 2611 asse
1742 2563 1858 2614 dan-

536 2646 615 2693 do.

603 2726 871 2774 Ducuntur
896 2724 1043 2774 etiam
1067 2731 1358 2788 argumenta
1382 2740 1444 2771 ex
1466 2723 1524 2771 iis
1547 2724 1710 2782 rebus,
1735 2738 1860 2786 quae

538 2804 749 2868 quodam
775 2803 922 2851 modo
947 2802 1151 2851 affectae
1175 2810 1289 2850 sunt
1313 2801 1376 2849 ad
1398 2801 1464 2859 id,
1508 2801 1570 2850 de
1594 2818 1692 2866 quo
1715 2816 1860 2865 quae-

537 2884 674 2950 ritur.
746 2884 843 2932 Sed
876 2883 972 2932 hoc
994 2899 1153 2948 genus
1187 2882 1237 2930 in
1260 2881 1426 2947 plures
1446 2888 1610 2946 partes
1634 2879 1859 2929 distribu-

537 2971 643 3010 tum
668 2973 755 3011 est.
826 2963 957 3030 Nam
992 2962 1086 3011 alia
1121 2960 1386 3025 conjugata
1407 2959 1725 3026 appellamus,
1765 2955 1857 3010 alia
