2071 3508
710 391 880 431 LIBER
910 390 1220 431 SECUNDUS.
1568 398 1647 435 139

372 505 516 563 Quae
533 516 666 557 vero,
685 516 801 549 cum
821 501 883 550 de
908 501 1045 550 facto
1070 517 1171 549 non
1196 499 1478 565 ambigitur,
1501 518 1646 566 quae-

303 591 494 639 runtur,
520 579 684 646 qualia
708 580 824 640 sint,
864 597 923 629 ea
947 581 987 629 si
1012 598 1074 629 ex
1099 581 1194 629 reis
1219 596 1468 640 numeres,
1504 581 1644 630 innu-

303 659 556 711 merabilia
580 668 697 709 sunt
722 668 774 709 et
797 662 1008 710 obscura
1028 682 1042 721 3
1083 661 1122 709 si
1148 677 1211 709 ex
1235 662 1401 721 rebus,
1426 660 1571 710 valde
1597 670 1649 711 et

302 740 502 789 modica
526 747 578 789 et
601 739 824 788 illustria.
897 740 1029 788 Nam
1056 741 1095 788 si
1122 740 1351 789 Mancini
1371 757 1571 789 causam
1596 741 1646 789 in

299 835 402 868 uno
428 819 672 868 Mancino
696 820 946 884 ponimus,
983 820 1380 884 quotiescunque
1404 820 1464 879 is,
1500 837 1648 884 quem

299 906 667 966 paterpatratus
693 899 957 957 dediderit,
978 908 1212 966 receptus
1236 916 1337 948 non
1363 900 1476 960 erit,
1499 900 1649 948 toties

301 996 452 1029 causa
491 995 621 1028 nova
658 986 907 1027 nascetur.
979 979 1066 1028 Sin
1104 979 1157 1026 in
1191 979 1277 1027 illa
1312 980 1650 1029 controversia

302 1076 502 1109 causam
526 1058 664 1116 facit,
691 1058 986 1107 videaturne
1012 1059 1077 1118 ei,
1110 1075 1259 1124 quem
1283 1067 1651 1125 paterpatratus

302 1139 572 1199 dediderit,
615 1139 654 1187 si
688 1138 730 1187 is
765 1155 868 1187 non
904 1139 968 1187 sit
1002 1147 1254 1204 receptus,
1290 1141 1651 1206 postliminium

302 1236 409 1270 esse
431 1240 445 1280 3
484 1218 607 1267 nihil
631 1219 696 1267 ad
719 1226 877 1268 artem
903 1218 1120 1277 dicendi,
1147 1236 1243 1269 nec
1268 1221 1333 1268 ad
1356 1231 1653 1286 argumenta

304 1298 627 1357 defensionis,
665 1297 895 1346 Mancini
931 1314 1115 1347 nomen
1155 1300 1390 1364 pertinet.
1463 1300 1560 1357 Ac,
1611 1302 1650 1350 si

304 1378 426 1445 quid
451 1378 592 1426 affert
613 1384 872 1442 praeterea
889 1377 1103 1426 hominis
1122 1386 1208 1427 aut
1227 1379 1444 1444 dignitas
1468 1388 1556 1428 aut
1580 1381 1652 1428 in-

306 1458 538 1524 dignitas,
582 1464 725 1505 extra
766 1457 1108 1521 quaestionem
1151 1465 1257 1519 est3
1303 1467 1355 1508 et
1390 1476 1449 1508 ea
1482 1467 1653 1509 tamen

303 1538 411 1604 ipsa
435 1536 594 1586 oratio
618 1536 683 1585 ad
706 1536 922 1585 universi
941 1538 1140 1602 generis
1165 1539 1555 1604 disputationem
1580 1558 1653 1590 re-

304 1615 494 1666 feratur
517 1632 722 1666 necesse
747 1623 838 1664 est.
912 1616 1058 1666 Haec
1100 1634 1196 1683 ego
1233 1635 1335 1667 non
1361 1636 1421 1668 eo
1447 1620 1655 1670 consilio

306 1697 526 1763 disputo,
551 1704 610 1744 ut
632 1695 858 1745 homines
883 1696 1104 1746 eruditos
1128 1697 1425 1764 redarguam
1447 1720 1460 1761 ;
1501 1716 1653 1765 quan-

307 1793 457 1843 quam
481 1775 882 1842 reprehendendi
918 1785 1052 1837 sunt,
1089 1777 1173 1843 qui
1198 1778 1250 1826 in
1272 1796 1459 1844 genere
1485 1780 1655 1830 defini-

308 1857 441 1907 endo
478 1857 597 1906 istas
634 1873 805 1906 causas
842 1856 1133 1906 describunt
1169 1858 1221 1905 in
1256 1861 1481 1924 personis
1516 1869 1568 1910 et
1602 1862 1658 1910 in

310 1930 618 2003 temporibus
651 1937 842 2002 ‚positas
883 1954 1006 1985 esse.
1078 1938 1210 1986 Nam
1259 1940 1351 1987 etsi
1392 1940 1655 1993 incurrunt

309 2025 538 2082 tempora
574 2023 627 2066 et
660 2033 921 2081 personae,
956 2025 1127 2065 tamen
1150 2018 1535 2084 intelligendum
1562 2031 1652 2081 est,

311 2112 415 2146 non
445 2112 509 2145 ex
549 2095 627 2155 iis,
664 2095 752 2144 sed
788 2112 850 2144 ex
885 2112 1071 2161 genere
1109 2099 1410 2162 quaestionis
1434 2101 1656 2166 pendere

311 2191 501 2226 causas.
572 2175 671 2224 Sed
694 2175 791 2224 hoc
816 2175 940 2224 nihil
964 2176 1029 2224 ad
1053 2193 1132 2226 me
1153 2197 1167 2239 ;
1196 2178 1388 2227 nullum
1413 2181 1547 2229 enim
1572 2199 1658 2232 no-

311 2255 387 2305 bis
413 2262 669 2304 certamen
694 2272 808 2303 cum
833 2255 938 2305 istis
963 2273 1070 2305 esse
1096 2257 1248 2307 debet
1270 2266 1468 2308 tantum
1490 2279 1502 2310 :
1542 2263 1660 2312 satis

310 2344 389 2386 est
413 2334 643 2400 intelligi,
663 2351 727 2384 ne
745 2335 842 2385 hoc
863 2336 1065 2401 quidem
1085 2354 1169 2386 eos
1189 2348 1505 2401 consecutOS,
1524 2342 1661 2407 quod

312 2416 366 2465 in
401 2422 545 2464 tanto
583 2415 704 2476 otio,
738 2416 889 2465 etiam
925 2416 1031 2466 sine
1065 2417 1160 2467 hac
1198 2418 1384 2468 forensi
1419 2422 1661 2471 exercita-

315 2495 454 2544 tione
479 2494 674 2544 efficere
698 2503 991 2561 potuerunt,
1006 2504 1064 2545 ut
1078 2514 1265 2562 genera
1288 2516 1453 2548 rerum
1480 2500 1661 2550 discer-

315 2581 511 2631 nerent,
539 2591 696 2639 eaque
720 2574 869 2640 paulo
908 2575 1136 2625 subtilius
1166 2578 1491 2643 explicarent.
1563 2580 1662 2636 Ve.

315 2672 427 2705 rum
452 2654 564 2712 hoc,
592 2662 650 2704 ut
674 2655 794 2712 dixi,
831 2654 954 2702 nihil
973 2655 1043 2704 ad
1066 2672 1163 2705 me.
1234 2656 1368 2705 Illud
1392 2657 1455 2706 ad
1480 2674 1580 2719 me,
1604 2673 1663 2705 ac

320 2735 482 2785 multo
506 2734 657 2784 etiam
683 2734 840 2799 magis
864 2734 929 2783 ad
943 2750 1049 2795 vos,
1069 2735 1220 2785 Cotta
1243 2746 1412 2787 noster
1431 2746 1482 2788 et
1506 2739 1666 2806 Sulpi-

321 2817 384 2875 ci,
411 2815 665 2882 quomodo
689 2830 825 2863 nunc
851 2830 903 2864 se
927 2814 1137 2865 istorum
1161 2823 1290 2866 artes
1315 2817 1530 2869 habent:
1556 2838 1665 2888 per-

320 2895 634 2947 timescenda
673 2902 750 2946 est
789 2894 1061 2947 multitudo
1096 2914 1354 2948 causarum
1376 2918 1388 2949 ε
1427 2908 1503 2950 est
1532 2903 1667 2962 enim

1682 490 1787 552 3⁶2.

1682 585 1792 629 137.

1687 1312 1798 1353 138.

1692 1948 1801 1992 139.

1701 2832 1719 2872 1
1730 2832 1809 2874 400
