2071 3508
279 1632 307 1674 N>

313 1632 340 1672 10

288 2663 315 2702 10

322 2662 349 2701 10

410 416 463 457 7⁶2
886 414 964 454 DE
993 414 1262 454 ORATORE

413 523 548 588 quod
587 523 681 571 ista
713 522 898 582 dixisti,
934 524 1182 571 neminem
1223 539 1363 587 posse
1400 538 1568 570 eorum
1604 538 1741 569 men-

412 609 507 660 teS,
546 602 628 665 qui
653 602 899 660 audirent,
940 611 1025 649 aut
1060 602 1361 649 inflammare
1387 601 1619 660 dicendo,
1654 608 1743 648 aut

412 681 737 729 inflammatas
773 681 1097 744 restinguere,
1146 683 1284 743 (cum
1327 697 1385 728 eo
1421 681 1633 728 maxime
1668 679 1743 727 vis

413 760 636 818 oratoris,
662 759 1050 822 magnitudoque
1076 757 1329 818 cernatur)
1355 759 1447 805 nisi
1471 758 1555 822 qui
1578 775 1742 806 rerum

415 838 636 886 omnium
663 846 906 895 naturam,
944 854 1103 885 mores
1129 837 1400 895 hominum,
1426 846 1574 900 atque
1598 837 1743 884 ratio-

414 932 503 964 nes
528 918 725 982 penitus
748 916 1087 980 perspexerim
1126 915 1175 962 in
1216 932 1313 979 quo
1349 914 1658 979 philosophia
1682 915 1747 963 sit

417 996 598 1047 oratori
634 995 910 1043 necessario
946 993 1301 1058 percipienda3
1342 1011 1439 1057 quo
1474 994 1525 1041 in
1563 991 1747 1052 studio,

416 1075 673 1123 hominum
721 1090 917 1139 quoque
968 1072 1470 1136 ingeniosissimorum
1518 1071 1748 1120 otiosissi-

417 1170 709 1216 morumque
734 1160 861 1199 totas
886 1160 1071 1201 aetates
1094 1151 1319 1202 videmus
1344 1168 1448 1199 esse
1473 1151 1710 1198 contritas
1730 1170 1745 1209 3

417 1248 627 1296 quorum
669 1247 763 1293 ego
800 1230 992 1293 copiam
1022 1230 1513 1293 magnitudinemque
1540 1229 1748 1292 cogniti-

416 1310 525 1360 onis
550 1316 698 1372 atque
724 1307 859 1365 artis,
895 1323 995 1354 non
1028 1306 1176 1354 modo
1209 1323 1308 1354 non
1335 1315 1619 1366 contemno,
1661 1308 1751 1355 sed

418 1389 566 1437 etiam
592 1387 913 1435 vehementer
938 1385 1179 1433 admiror:
1218 1386 1357 1434 nobis
1381 1394 1568 1445 tamen,
1593 1385 1676 1449 qui
1699 1386 1753 1433 in

417 1467 515 1515 hoc
551 1465 734 1532 populo
775 1464 980 1527 foroque
1021 1481 1288 1523 versamur,
1328 1465 1442 1512 satis
1484 1473 1558 1513 est
1593 1481 1651 1513 ea
1688 1464 1752 1513 de

421 1533 638 1595 moribus
663 1544 918 1593 hominum
955 1552 1006 1591 et
1043 1544 1166 1591 scire
1204 1552 1254 1591 et
1290 1543 1475 1602 dicere,
1500 1560 1625 1608 quae
1650 1560 1751 1592 non

379 1658 390 1671 .
423 1625 689 1674 abhorrent
731 1624 790 1670 ab
834 1622 1088 1670 hominum
1127 1623 1357 1670 moribus.
1446 1621 1571 1679 Quis
1618 1622 1752 1670 enim

422 1720 640 1769 unquam
682 1710 845 1750 orator
886 1717 1093 1764 magnus
1134 1709 1185 1748 et
1218 1700 1397 1764 gravis,
1434 1716 1547 1748 cum
1572 1701 1752 1748 iratum

423 1782 701 1832 adversario
733 1780 956 1845 judicem
999 1778 1163 1827 facere
1197 1779 1366 1838 vellet,
1406 1779 1667 1826 haesitavit
1689 1780 1754 1827 ob

424 1879 534 1913 eain
571 1876 787 1917 causam,
824 1858 957 1922 quod
989 1858 1220 1915 nesciret,
1254 1857 1373 1921 quid
1409 1866 1538 1905 esset
1561 1858 1754 1905 iracun-

425 1941 524 1998 dia,
548 1941 777 1988 fervorne
803 1937 999 1995 mentis,
1038 1953 1100 1983 an
1138 1937 1382 2000 cupiditas
1405 1935 1644 2000 puniendi
1670 1936 1755 1985 do-

423 2019 573 2068 loris?
613 2017 755 2075 Quis,
792 2033 906 2064 cum
937 2023 1158 2067 caeteros
1184 2014 1458 2062 animorum
1483 2023 1646 2062 motus
1670 2024 1757 2066 aut

419 2097 673 2163 judicibus
715 2103 800 2144 aut
837 2094 1039 2167 populo,
1083 2093 1316 2153 dicendo,
1357 2094 1564 2142 miscere
1609 2102 1759 2159 atque

428 2179 615 2242 agitare
640 2174 808 2231 vellet,
847 2190 904 2222 ea
930 2173 1074 2231 dixit,
1113 2190 1237 2236 quae
1267 2190 1295 2220 a
1331 2171 1633 2237 philosophis
1658 2175 1759 2224 dici

429 2255 590 2305 solent
610 2254 625 2302 ἓ
662 2252 745 2315 qui
769 2251 946 2315 partim
972 2251 1172 2298 omnino
1191 2259 1352 2298 motus
1371 2259 1557 2314 negant
1581 2251 1630 2298 in
1657 2253 1758 2300 ani-

428 2332 520 2382 mis
556 2330 680 2379 ullos
719 2345 822 2376 esse
861 2328 1060 2385 debere,
1101 2328 1282 2392 quique
1320 2344 1403 2376 eos
1443 2329 1494 2374 in
1526 2328 1757 2391 judicum

429 2410 677 2459 mentibus
703 2407 974 2464 concitent,
999 2405 1158 2453 scelus
1183 2422 1266 2452 eos
1290 2405 1531 2453 nefarium
1555 2405 1720 2456 facere
1742 2428 1755 2457 ;

428 2489 627 2554 partim,
653 2486 735 2551 qui
759 2482 1112 2532 tolerabiliores
1136 2483 1310 2530 volunt
1334 2499 1456 2541 esse,
1474 2492 1524 2531 et
1549 2485 1610 2532 ad
1635 2487 1758 2534 veri-

429 2575 584 2615 tatem
608 2566 738 2614 vitae
776 2563 976 2629 propius
1013 2561 1270 2620 accedere,
1307 2562 1671 2625 permediocres
1701 2583 1758 2615 ac

387 2689 398 2700 ,
430 2645 594 2710 potius
617 2644 750 2693 leves
775 2651 937 2690 motus
963 2641 1142 2690 debere
1180 2657 1282 2688 esse
1314 2641 1504 2689 dicunt.
1576 2642 1759 2692 Orator

433 2732 598 2771 autem
623 2722 787 2770 omnia
811 2721 953 2778 haec,
978 2736 1102 2784 quae
1139 2728 1376 2784 putantur
1415 2720 1467 2767 in
1506 2723 1757 2771 communi

431 2803 562 2851 vitae
589 2800 966 2858 consuetudine,
991 2798 1136 2857 mala,
1161 2816 1217 2846 ac
1243 2798 1465 2858 molesta,
1491 2808 1542 2848 et
1563 2799 1757 2865 fugien-

434 2881 514 2940 da,
554 2879 711 2929 multo
762 2877 948 2942 majora
993 2885 1044 2927 et
1089 2877 1342 2926 acerbiora
1385 2879 1547 2928 verbis
1598 2877 1751 2942 facit3
