2071 3508
507 465 584 502 458
810 518 820 529 Ι
1063 458 1279 498 TOPICA.

508 587 609 629 ere,
645 568 683 617 si
720 570 779 629 is,
816 567 953 633 cujus
990 567 1298 616 ususfructus
1332 566 1524 631 legatus
1554 575 1646 627 est,
1682 567 1829 633 depe<-

506 650 663 697 risset.
736 648 786 696 A
809 647 1112 696 differentia:
1151 647 1288 706 Non,
1323 646 1362 694 si
1386 646 1528 694 uxori
1550 647 1624 694 vir
1646 646 1832 710 legavit

507 744 653 776 omne
700 733 980 790 argentum,
1037 724 1170 788 quod
1215 740 1357 780 suum
1405 731 1566 785 esset3
1626 724 1829 780 idcirco,

509 823 634 872 quae
666 806 716 852 in
750 804 1030 852 nominibus
1064 802 1283 861 fuerunt,
1318 802 1483 866 legata
1518 811 1659 851 sunt:
1708 801 1832 850 mul-

460 879 464 882 *
506 893 613 933 tum
654 884 784 931 enim
827 880 1005 944 differt,
1035 880 1087 928 in
1127 896 1303 928 arcane
1337 880 1552 944 positum
1577 881 1638 929 sit
1662 897 1834 944 argen-

507 971 635 1021 tum,
671 978 732 1008 an
756 961 807 1007 in
842 959 1020 1007 tabulis
1045 959 1298 1008 debeatur.
1368 958 1446 1007 Ex
1482 959 1726 1024 contrario
1751 975 1834 1006 au-

506 1049 630 1098 tem,
666 1039 768 1086 sic:
812 1036 930 1083 Non
971 1035 1122 1096 debet
1161 1052 1219 1083 ea
1253 1035 1446 1095 mulier,
1482 1037 1562 1084 cui
1585 1037 1659 1085 vir
1681 1038 1834 1086 bono-

507 1137 617 1169 rum
654 1134 852 1166 suorum
887 1115 1251 1164 usumfructum
1290 1115 1488 1180 legavit,
1527 1117 1662 1165 cellis
1701 1118 1835 1176 vina-3

506 1199 590 1246 riis
637 1205 689 1246 et
726 1195 917 1244 oleariis
955 1193 1115 1258 plenis
1150 1193 1352 1252 relictis,
1387 1202 1561 1258 putare
1600 1195 1653 1241 id
1687 1195 1750 1242 ad
1784 1211 1836 1243 se

507 1277 784 1342 pertineret
811 1290 927 1322 usus
961 1268 1114 1332 enim,
1155 1289 1256 1321 non
1281 1274 1476 1332 abusus,
1510 1272 1703 1337 legatus
1727 1281 1834 1336 estg

510 1372 569 1404 ea
592 1363 708 1404 sunt
730 1354 860 1402 inter
885 1369 946 1400 se,
962 1352 1221 1400 contraria.
1560 1351 1563 1352 ⁷

460 1468 474 1481 .
522 1463 526 1467 >
581 1434 662 1482 Ab
688 1432 963 1496 adjunctis:
1002 1430 1041 1479 si
1077 1447 1136 1479 ea
1174 1429 1350 1478 mulier
1389 1438 1741 1480 testamentum
1765 1431 1836 1481 fe-

511 1513 599 1572 cit,
635 1528 761 1576 quae
799 1528 850 1559 se
889 1510 1051 1575 capite
1081 1525 1334 1574 nunquam
1360 1509 1605 1566 diminuit,
1642 1526 1744 1558 non
1765 1511 1836 1577 vi„

511 1593 657 1641 detur
683 1607 745 1651 ex
770 1589 936 1638 edicto
959 1588 1196 1653 praetoris
1220 1588 1493 1636 secundum
1531 1605 1611 1637 eas
1643 1588 1837 1638 tabulas

511 1669 751 1735 possessio
793 1666 931 1716 dari:
980 1666 1265 1730 adjungitur
1295 1666 1446 1725 enim,
1480 1674 1537 1715 ut
1561 1667 1836 1735 secundum
1903 1672 1912 1681 '

513 1763 783 1805 servorum,
818 1746 1093 1794 secundum
1119 1745 1338 1803 exulum,
1364 1745 1637 1793 secundum
1658 1763 1836 1811 puero-

511 1843 620 1875 rum
660 1825 851 1875 tabulas
891 1825 1130 1890 possessio
1153 1824 1379 1872 videatur
1420 1840 1482 1872 ex
1523 1825 1689 1874 edicto
1713 1826 1833 1878 dari.

513 1905 596 1953 Ab
633 1903 1044 1952 antecedentibus
1084 1910 1266 1959 autem,
1310 1910 1361 1950 et
1401 1903 1836 1968 consequentibus,

513 1992 564 2034 et
603 1983 1012 2048 repugnantibus,
1046 1982 1142 2030 hoc
1184 1982 1361 2046 inodo:
1401 1983 1460 2029 ab
1500 1982 1835 2043 antecedenti-7

511 2064 622 2121 bus,
648 2061 697 2109 Si
721 2061 812 2109 viri
838 2060 985 2125 culpa
1006 2060 1196 2109 factum
1217 2068 1290 2108 est
1307 2060 1591 2119 divortium,
1616 2061 1707 2109 etsi
1731 2079 1836 2110 mu-v

511 2142 602 2190 lier
625 2140 856 2191 nuntium
880 2140 1085 2199 remisit,
1120 2148 1288 2187 tamen
1321 2156 1411 2203 pro
1450 2139 1614 2187 liberis
1637 2157 1837 2192 manere

513 2220 637 2269 nihil
683 2226 912 2284 oportet:
984 2236 1012 2266 a
1066 2219 1502 2282 consequentibus,
1555 2219 1605 2266 Si
1642 2220 1836 2280 mulier,

515 2316 630 2350 cum
653 2298 826 2346 fuisset
848 2305 1005 2362 nupta
1030 2315 1143 2346 cum
1168 2314 1227 2346 eo
1257 2298 1458 2361 quicum
1494 2299 1726 2346 connubii
1753 2299 1837 2364 jus

515 2394 614 2426 non
640 2384 785 2442 esset,
821 2377 1050 2436 nuntium
1080 2376 1300 2435 remisit3
1340 2376 1570 2438 quoniam
1612 2376 1696 2439 qui
1733 2379 1835 2426 nati

516 2465 649 2515 sunt,
683 2464 873 2520 patrem
899 2472 998 2504 non
1023 2463 1312 2520 sequuntur,
1335 2471 1425 2518 pro
1449 2454 1613 2503 liberis
1637 2472 1836 2506 manere

515 2534 638 2582 nihil
673 2542 897 2599 oportet3
948 2552 977 2582 a
1016 2534 1420 2599 repugnantibus,
1471 2533 1520 2581 Si
1555 2533 1836 2598 paterfami-

514 2613 602 2661 lias
627 2612 768 2661 uxori
793 2612 1080 2673 ancillarum
1108 2611 1470 2660 usumfructum
1506 2611 1691 2676 legavit
1724 2630 1754 2661 a
1785 2613 1838 2671 fif-

515 2691 599 2751 lio,
634 2708 796 2756 neque
820 2709 849 2741 a
873 2691 1092 2740 secundo
1115 2690 1298 2739 herede
1330 2690 1531 2755 legavit,
1569 2699 1762 2740 mortuo
1786 2692 1838 2740 fi-

515 2768 581 2817 lio
606 2768 781 2818 mulier
803 2768 1167 2836 usumfructum
1202 2784 1303 2817 non
1333 2768 1542 2816 amittet.
1614 2768 1764 2827 Quod
1789 2785 1838 2818 e-

516 2847 618 2893 nim
644 2847 795 2897 semel
818 2854 1115 2895 testamento
1139 2845 1286 2894 alicui
1311 2844 1479 2894 datum
1498 2853 1587 2903 est,
1613 2845 1667 2894 id
1689 2848 1750 2896 ab
1774 2862 1835 2906 eo

517 2922 692 2983 invitO,
716 2926 797 2975 cui
821 2926 992 2988 datum
1017 2933 1110 2986 est,
1149 2924 1330 2990 auferri
1363 2940 1464 2974 non
1486 2931 1666 2990 potest.
1736 2925 1834 2973 Re-
