2071 3508
723 871 1433 934 ANNOTATIONES

1069 1106 1115 1131 IN

498 1293 782 1344 LIBRUM
819 1291 1155 1342 TERTIUM
1192 1291 1289 1340 DE
1325 1289 1693 1340 ORATORE.

494 1729 586 1780 Pag.
607 1729 698 1766 2124.
726 1726 792 1763 lin.
813 1728 875 1764 26.
931 1725 1156 1778 reipublicae
1185 1723 1408 1777 dignitate]
1467 1722 1493 1762 i.
1511 1734 1546 1761 e.
1575 1721 1762 1773 dignitate

438 1809 461 1834 e
482 1794 681 1846 republica
699 1793 799 1830 bene
820 1797 941 1843 gesta.
998 1791 1238 1829 ERNESTUS.
1734 1804 1738 1807 -

495 1861 593 1899 Ibid.
621 1860 687 1897 lin.
708 1862 772 1897 28.
827 1858 1009 1896 honorum
1035 1857 1338 1910 perfunctione]
1389 1854 1413 1893 i.
1434 1867 1467 1893 e.
1500 1866 1524 1893 a
1552 1854 1766 1902 consulatu,

441 1928 481 1966 in
501 1940 578 1979 quo
598 1933 657 1965 est
674 1926 760 1963 finis
779 1925 983 1963 honorum.
1041 1925 1167 1962 IDEM.

497 1995 590 2045 Pag.
612 1996 703 2032 233.
731 1992 797 2029 lin.
826 1995 894 2030 24.
949 2004 1016 2043 ego
1050 1996 1189 2037 autem,
1223 2001 1453 2041 quanquam,
1485 1988 1579 2037 δια]
1639 1986 1768 2025 Labo-

444 2068 530 2100 rant
560 2061 599 2097 in
629 2060 704 2097 hoc
734 2058 821 2096 loco
852 2057 1063 2096 Lambinus
1092 2064 1132 2095 et
1158 2055 1352 2095 Pearcius.
1408 2054 1461 2092 Et
1489 2053 1693 2100 sententia,
1727 2061 1771 2092 ut

444 2135 576 2166 textus
604 2132 677 2172 est,
706 2138 784 2162 non
803 2137 893 2162 sane
914 2123 1004 2162 satis
1025 2130 1188 2161 constat.
1219 2121 1346 2159 'Mihi
1378 2120 1485 2159 venit
1516 2120 1557 2158 in
1586 2127 1770 2167 mentem,

446 2192 783 2245 transpositionem
803 2204 885 2229 esse
902 2191 1062 2228 factam.'
1116 2189 1192 2227 Fac
1211 2187 1439 2240 periculum,
1463 2194 1505 2225 et
1521 2188 1652 2233 verba,
1682 2186 1776 2239 quid

446 2266 522 2298 tam
560 2256 1009 2297 dissimile—Antonius?
1055 2269 1156 2308 pone
1185 2262 1273 2307 post
1300 2257 1524 2306 conjungar,
1550 2260 1591 2292 et
1617 2252 1705 2290 vide
1724 2265 1774 2290 an

448 2326 505 2363 sic
536 2331 690 2363 constet
710 2336 856 2370 sensus,
885 2330 926 2362 et
953 2331 1042 2374 apte
1070 2322 1277 2360 cohaereat
1296 2320 1431 2358 oratio.
1487 2319 1590 2357 Mihi
1618 2318 1774 2371 quidem

448 2392 613 2430 videtur.
669 2380 819 2427 IDEM.⁴

507 2459 601 2509 Pag.
621 2459 713 2495 241.
752 2456 818 2494 lin.
838 2459 874 2495 5.
917 2461 972 2493 *ut
1005 2468 1143 2499 rerum,
1177 2460 1218 2491 ut
1243 2466 1493 2506 personarum
1531 2450 1772 2503 dignitates]

453 2525 634 2577 Dignitas
654 2531 725 2570 est,
762 2523 960 2568 hocloco,
990 2522 1030 2559 in
1063 2520 1179 2559 modo
1209 2527 1248 2558 et
1277 2519 1544 2571 magnitudine
1563 2517 1631 2563 rei,
1662 2525 1779 2570 prout

455 2600 522 2630 aut
542 2603 695 2642 magna,
723 2597 790 2627 aut
819 2587 1037 2633 mediocris,
1067 2594 1133 2625 aut
1158 2599 1274 2638 parva
1293 2594 1363 2624 est.
1420 2585 1562 2623 Graeci
1594 2584 1650 2622 sic
1682 2585 1779 2632 ἀξίοις

456 2659 603 2696 dicunt.
661 2657 781 2694 Porro
800 2668 893 2692 mox
914 2662 980 2692 aut
1010 2653 1195 2692 laudandi
1223 2661 1291 2691 aut
1318 2651 1440 2690 landis
1473 2651 1644 2703 spurium
1662 2657 1780 2702 atque

456 2724 689 2775 ejiciendum
709 2729 779 2760 est.
835 2720 1015 2772 Denique
1035 2733 1105 2772 pro
1125 2720 1307 2758 nominem
1328 2718 1505 2770 rescripsi
1525 2717 1672 2757 nomino
1692 2729 1781 2755 cum

460 2789 644 2834 Pearcio3
671 2801 760 2827 nam
793 2801 871 2825 non
900 2787 1121 2825 dubitanter
1154 2786 1346 2838 loquitur:
1374 2792 1414 2824 et
1442 2785 1497 2823 sic
1530 2784 1675 2823 habent
1693 2782 1782 2823 edd.
1806 2776 1818 2793 ⁸

460 2865 549 2896 ante
571 2857 715 2896 Aldum
735 2867 881 2901 omneS,
902 2861 941 2894 et
961 2854 1065 2907 Lips.
1085 2854 1179 2894 item
1199 2853 1289 2893 MS.
1308 2851 1390 2891 Erl.
1447 2852 1573 2891 IDEM.
