2071 3508
392 1059 469 1098 34.

389 2472 465 2513 36.

510 410 560 447 12
980 408 1055 445 DE
1086 405 1352 445 ORATORE

504 535 604 567 uno
641 519 863 566 homines
901 517 1111 563 maxime
1146 514 1313 563 bestiis
1342 521 1608 579 praestent,
1645 513 1695 560 in
1729 509 1825 559 hoc

503 597 780 645 hominibus
827 595 940 658 ipsis
987 592 1286 640 antecellat?
1344 592 1417 640 Ut
1461 608 1575 638 vero
1613 590 1717 655 jam
1764 588 1828 637 ad

503 673 586 721 illa
611 690 798 721 summa
823 673 1108 729 veniamus3
1149 688 1273 734 quae
1308 670 1380 716 vis
1416 668 1508 716 alia
1541 669 1704 733 potuit
1738 674 1824 715 aut

504 751 744 815 dispersos
775 751 995 798 homines
1032 763 1184 796 unum
1221 749 1271 795 in
1305 747 1470 795 locum
1507 761 1826 810 congregare,

501 837 588 876 aut
625 846 652 876 a
692 828 796 876 fera
837 826 1113 891 agrestique
1149 826 1267 884 vita,
1303 824 1366 871 ad
1400 823 1535 871 hunc
1557 823 1828 869 humanum

502 906 691 953 cultum
718 906 1009 969 civilemque
1035 905 1301 962 deducere,
1344 910 1446 960 aut,
1462 901 1566 965 jam
1592 899 1827 948 constitu-

500 982 563 1030 tis
599 984 896 1042 civitatibus,
934 983 1086 1047 leges,
1116 982 1325 1046 judicia,
1358 979 1472 1043 jura
1512 977 1827 1026 describere?

504 1060 602 1119 Ac,
640 1078 702 1109 ne
739 1061 897 1124 plura,
939 1078 1062 1124 quae
1109 1067 1223 1107 sunt
1261 1074 1389 1121 pene
1436 1054 1827 1113 innumerabilia,

502 1147 776 1196 consecter,
813 1137 1226 1201 comprehendam
1259 1134 1428 1182 brevi:
1467 1134 1536 1181 sic
1573 1133 1704 1180 enim
1735 1140 1828 1180 sta-

500 1222 605 1272 tuo,
630 1214 839 1278 perfecti
874 1213 1076 1260 oratoris
1111 1213 1446 1260 moderatione
1486 1220 1536 1259 et
1571 1211 1827 1275 sapientia,

499 1309 600 1340 non
641 1291 797 1340 solum
835 1290 983 1354 ipsius
1031 1289 1341 1352 dignitatem,
1392 1289 1480 1336 sed
1521 1298 1572 1336 et
1615 1289 1826 1352 privato-

497 1388 606 1419 rum
628 1370 967 1434 plurimorum,
1007 1375 1057 1415 et
1091 1367 1345 1415 universae
1381 1366 1679 1431 reipublicae
1703 1366 1826 1414 salu-

498 1458 618 1507 tem,
643 1448 855 1494 maxime
882 1444 1138 1494 contineri.
1195 1444 1529 1500 Quamobrem
1552 1444 1745 1509 pergite
1769 1453 1826 1494 ut

498 1525 677 1585 facitis,
703 1524 1057 1582 adolescentes,
1083 1530 1228 1586 atque
1253 1522 1304 1568 in
1322 1521 1373 1568 id
1397 1522 1633 1580 studium,
1651 1522 1703 1568 in
1728 1540 1825 1586 quo

500 1605 634 1663 estis,
658 1602 964 1660 incumbite;
1004 1609 1060 1648 ut
1096 1607 1146 1648 et
1180 1600 1317 1648 vobis
1352 1599 1544 1658 honori,
1581 1607 1631 1648 et
1655 1601 1823 1649 amicis

499 1683 719 1742 utilitati,
745 1689 796 1728 et
820 1679 1119 1744 reipublicae
1139 1678 1473 1727 emolumento
1489 1695 1593 1726 esse
1611 1679 1821 1743 possitis.

567 1761 698 1808 Tum
742 1758 976 1807 Scaevola
1018 1758 1240 1816 comiter,
1281 1765 1337 1804 ut
1373 1757 1577 1814 solebat,
1626 1756 1822 1816 Cetera,

456 1871 466 1882 .
500 1839 676 1903 inquit,
718 1837 953 1885 assentior
995 1835 1187 1893 Crasso,
1217 1852 1279 1883 ne
1317 1843 1402 1882 aut
1443 1835 1504 1882 de
1548 1834 1604 1882 C.
1647 1834 1824 1894 Laelii,

498 1916 654 1963 soceri
678 1915 793 1973 mei,
819 1922 903 1961 aut
928 1914 988 1960 de
1013 1912 1156 1976 hujus
1174 1913 1344 1977 generi
1363 1921 1447 1960 aut
1471 1920 1593 1972 arte,
1619 1920 1704 1960 aut
1720 1912 1823 1976 glo-

497 1994 585 2052 ria,
611 1992 896 2040 detraham:
936 1991 1023 2038 sed
1046 1990 1127 2037 illa
1164 1990 1279 2048 duo,
1318 1990 1502 2045 Crasse,
1541 2007 1731 2049 vereor,
1767 1997 1823 2038 ut

497 2071 587 2119 tibi
611 2069 791 2134 possim
817 2067 1122 2125 concedere3
1163 2083 1334 2124 unum,
1371 2067 1503 2130 quod
1534 2068 1592 2115 ab
1624 2069 1823 2116 oratori-

496 2149 588 2196 bus
614 2148 856 2204 civitateS,
893 2154 942 2192 et
980 2147 1038 2192 ab
1081 2146 1221 2192 initio
1258 2147 1567 2205 constitutas,
1604 2155 1655 2195 et
1678 2165 1823 2213 saepe

498 2232 826 2282 conservatas,
843 2240 946 2271 esse
973 2223 1168 2282 dixisti3
1208 2222 1432 2282 alterum,
1458 2224 1608 2287 quod,
1631 2235 1823 2274 remoto

495 2305 623 2363 foro,
661 2303 918 2359 concione,
945 2301 1165 2364 judiciis,
1202 2309 1391 2359 senatU,
1428 2302 1640 2349 statuisti
1664 2311 1822 2352 orato-

499 2399 601 2431 rem
638 2383 689 2428 in
731 2380 863 2428 omni
904 2396 1087 2442 genere
1126 2380 1360 2426 sermonis
1413 2388 1463 2427 et
1503 2380 1821 2431 humanitatis

499 2477 602 2510 esse
626 2458 919 2524 perfectum.
970 2458 1093 2513 Quis
1119 2458 1248 2504 enim
1272 2458 1360 2505 tibi
1384 2458 1478 2506 hoc
1505 2462 1820 2521 concesserit,

499 2548 584 2588 aut
607 2538 748 2586 initio
772 2552 929 2600 genus
952 2535 1221 2591 hominum,
1253 2536 1304 2582 in
1337 2537 1584 2598 montibus
1608 2555 1664 2585 ac
1690 2538 1820 2587 silvis

500 2618 805 2682 dissipatum,
824 2631 923 2661 non
946 2614 1262 2678 prudentium
1281 2614 1492 2661 consiliis
1513 2616 1820 2680 compulsum

497 2695 678 2758 potius,
715 2709 860 2757 quam
885 2692 1176 2740 disertorum
1200 2692 1420 2739 oratione
1456 2692 1732 2753 delinitum,
1767 2711 1819 2742 se

500 2771 690 2835 oppidis
714 2770 1066 2833 moenibusque
1092 2769 1328 2832 sepsisse?
1363 2777 1448 2817 aut
1469 2786 1587 2817 vero
1610 2770 1822 2835 reliquas

499 2847 753 2906 utilitateS,
777 2854 862 2895 aut
891 2845 1221 2904 instituendis,
1256 2854 1342 2895 aut
1373 2847 1718 2896 conservandis
1751 2849 1819 2897 ci-
