2071 3508
737 370 931 410 ORATO
938 369 1113 410 RIBUS.
1513 374 1595 413 423

254 479 500 540 tentiam3
538 480 662 528 alter
686 487 903 534 ornatus,
942 494 1075 536 acer,
1112 484 1164 525 et
1187 493 1287 525 non
1313 478 1443 537 talis,
1479 497 1595 544 qua-

252 556 351 605 lem
377 566 433 607 tu
459 576 588 615 eum,
628 558 801 615 Brute,
828 555 934 620 jam
960 556 1374 605 deflorescentem
1411 574 1595 622 cogno-

252 636 384 696 visti,
421 637 508 686 sed
532 637 814 694 verborum,
852 642 902 682 et
926 634 1136 683 actionis
1166 652 1352 700 genere
1379 652 1596 684 commo-

253 715 364 763 tior.
435 715 614 780 Itaque
652 723 767 764 cum
795 714 1070 763 Hortensio
1111 714 1232 762 mihi
1274 715 1431 780 magis
1469 716 1595 765 arbi-

251 794 417 842 trabar
451 810 556 841 rem
583 811 708 853 esse,
747 793 882 859 quod
924 801 975 841 et
1011 792 1215 842 dicendi
1254 794 1429 842 ardore
1459 811 1595 842 eram

249 872 470 937 propior,
495 880 546 922 et
565 881 729 922 aetate
748 872 1078 938 conjunctior.
1150 873 1352 922 Etenim
1371 873 1596 921 videram

250 951 303 1000 in
326 952 503 1002 iisdem
536 954 710 1012 causis,
749 961 806 1002 ut
845 970 936 1020 pro
981 953 1056 1002 Μ.
1085 952 1346 1012 Canuleio,
1382 969 1473 1018 pro
1498 952 1594 1001 Cn.

252 1032 517 1083 Dolabella
552 1035 818 1095 consulari,
856 1052 971 1084 cum
997 1035 1148 1084 Cotta
1183 1034 1417 1100 princeps
1459 1032 1597 1081 adhi-

251 1113 385 1163 bitus
410 1123 554 1172 esset,
592 1115 780 1181 priores
804 1123 974 1164 tamen
999 1132 1147 1180 agere
1182 1121 1349 1179 partes
1376 1113 1598 1162 Horten-

252 1193 395 1242 sium.
486 1195 674 1245 Acrem
723 1196 855 1244 enim
904 1204 1166 1252 oratorem,
1216 1195 1498 1253 incensum,
1544 1200 1598 1241 et

252 1282 505 1338 agentem,
543 1283 594 1324 et
618 1293 876 1336 canorum,
912 1292 1183 1325 concursus
1211 1274 1490 1331 hominum,
1524 1270 1600 1320 fo-

253 1353 393 1417 rique
419 1355 653 1421 strepitus
679 1356 944 1404 desiderat.
1016 1355 1188 1404 Unum
1214 1353 1367 1417 igitur
1391 1367 1598 1410 annum,

255 1449 371 1480 cum
396 1434 711 1483 rediissemus
731 1452 792 1482 ex
816 1434 955 1491 Asia,
982 1450 1152 1480 causas
1176 1431 1367 1478 nobiles
1387 1430 1599 1493 egimus,

239 1528 370 1578 ⁴cum
395 1520 710 1577 quaesturam
735 1528 844 1570 nos,
882 1509 1195 1559 consulatum
1221 1509 1388 1564 Cotta,
1428 1507 1598 1555 aedili-

253 1598 410 1640 tatem
434 1599 631 1656 peteret
652 1591 968 1639 Hortensius.
1030 1588 1240 1636 Interim
1266 1604 1346 1635 me
1373 1595 1600 1651 quaesto-

254 1686 360 1718 rem
385 1669 653 1718 Siciliensis
678 1669 880 1733 excepit
916 1684 1105 1716 annus:
1159 1667 1311 1715 Cotta
1336 1682 1399 1715 ex
1424 1682 1602 1714 consu-

254 1749 362 1798 latu
386 1755 462 1797 est
498 1747 754 1813 profectus
778 1747 830 1795 in
855 1746 1103 1796 Galliam:
1140 1746 1374 1811 princeps
1413 1753 1465 1793 et
1497 1753 1605 1793 erat

257 1837 309 1878 et
326 1829 601 1877 habebatur
622 1827 940 1876 Hortensius.
1002 1826 1131 1874 Cum
1152 1832 1319 1873 autem
1340 1840 1471 1872 anno
1490 1830 1604 1888 post

258 1926 285 1957 e
311 1907 478 1957 Sicilia
502 1923 582 1954 me
618 1907 932 1972 recepissem,
963 1904 1068 1970 jam
1092 1904 1356 1966 videbatur
1391 1902 1515 1950 illud
1550 1903 1604 1950 in

258 2004 358 2046 me,
395 1986 639 2051 quidquid
677 1994 824 2045 esset,
861 2002 966 2034 esse
1004 1982 1305 2049 perfectum,
1343 1990 1394 2030 et
1418 1981 1602 2030 habere

259 2067 599 2115 maturitatem
636 2066 886 2130 quandam
911 2081 1065 2113 suam.
1137 2062 1300 2111 Nimis
1339 2061 1497 2110 multa
1533 2060 1604 2110 vi-

262 2147 382 2196 deor
424 2147 486 2195 de
527 2163 626 2206 me,
667 2147 772 2212 ipse
809 2144 1130 2211 praesertim:
1187 2142 1275 2191 sed
1312 2141 1448 2190 omni
1485 2140 1603 2189 huic

192 2261 201 2269 -
261 2225 476 2275 sermoni
515 2225 825 2291 propositum
863 2232 953 2280 est,
997 2239 1098 2271 non
1140 2229 1197 2270 ut
1233 2220 1509 2286 ingenium,
1553 2229 1606 2268 et

262 2305 597 2371 eloquentiam
635 2321 799 2356 meam
839 2302 1128 2369 perspicias,
1163 2301 1299 2349 unde
1334 2299 1486 2365 longe
1523 2299 1606 2347 ab·

262 2402 390 2445 sum,
427 2386 515 2434 sed
539 2394 596 2434 ut
618 2385 858 2445 laborem,
895 2392 946 2432 et
977 2382 1287 2432 industriam.
1361 2380 1491 2429 Cum
1516 2379 1607 2444 igi-

261 2474 344 2513 tur
368 2481 526 2513 essem
558 2466 609 2513 in
646 2464 870 2530 plurimis
907 2463 1084 2522 causis,
1127 2470 1177 2510 et
1212 2462 1264 2508 in
1298 2458 1608 2525 principibus

262 2545 499 2610 patronis,
518 2543 912 2608 quinquennium
932 2540 1037 2590 fere
1057 2546 1294 2596 versatus,
1313 2547 1421 2586 tum
1446 2537 1498 2583 in
1523 2553 1607 2601 pa-

263 2623 479 2672 trocinio
505 2622 749 2671 Siciliensi
785 2621 1001 2669 maxime
1026 2620 1078 2667 in
1105 2626 1359 2667 certamen
1383 2615 1499 2664 veni
1525 2615 1607 2663 de-

266 2704 490 2768 signatus
514 2701 686 2751 aedilis
713 2718 827 2750 cum
854 2700 1115 2765 designato
1142 2696 1345 2746 consule
1389 2695 1609 2744 Horten-

266 2784 353 2833 sio.
1425 2778 1429 2781 ’

337 2863 436 2915 Sed
460 2863 694 2930 quoniam
721 2860 880 2912 omnis
915 2860 998 2911 hic
1036 2875 1197 2910 sermo
1221 2864 1390 2907 noster
1413 2871 1515 2905 non
1539 2871 1613 2905 so·
1645 2847 1754 2912 93.

1114 2955 1150 2988 D
1176 2937 1210 2987 d
1244 2946 1277 2985 4
