2071 3508
753 355 1124 397 ORATORIBUS.
1518 369 1598 406 415

265 478 412 526 quam
449 480 592 529 posse
628 463 837 512 dulcius.
909 465 1071 513 Addis
1112 466 1262 514 etiam
1285 470 1453 518 nescio
1478 474 1597 536 quid

265 544 553 607 augustius:
591 542 791 590 nomine
829 558 918 590 nos
944 544 1053 608 capi
1090 544 1260 593 volens
1284 550 1461 596 summi
1485 551 1596 609 viri,

267 620 492 685 vitaeque
512 619 904 685 elegantissimae
923 622 1186 671 verissimis
1203 622 1448 674 laudibus,
1500 628 1598 677 Re-

263 714 406 747 move
423 699 545 747 haec
567 717 579 746 z
607 715 700 747 nae
724 699 818 747 ista
842 699 1001 749 dulcis
1026 701 1183 750 oratio
1207 702 1277 751 ita
1301 704 1364 752 sit
1387 704 1599 770 abjecta,

263 787 320 824 ut
360 794 468 826 eam
510 778 764 844 adspicere
806 796 954 828 nemo
1000 780 1134 829 velit.
1228 782 1508 833 Carbonem
1548 787 1600 834 in

264 856 465 904 summis
506 858 781 906 oratoribus
818 858 1042 908 habitum
1084 860 1220 909 scio:
1265 862 1353 910 sed
1394 880 1508 912 cum
1548 864 1600 911 in

263 934 469 982 caeteris
516 937 681 996 rebus,
721 945 829 985 tum
871 937 921 985 in
964 938 1194 997 dicendo,
1239 957 1446 1006 semper,
1502 959 1601 1008 quo

263 1012 387 1060 nihil
424 1022 500 1063 est
534 1015 728 1076 melius,
769 1016 822 1064 id
861 1015 1068 1076 laudari,
1112 1018 1472 1085 qualecumque
1509 1030 1601 1082 est,

264 1091 404 1141 solet.
476 1094 609 1143 Dico
647 1096 780 1144 idem
822 1096 884 1144 de
923 1096 1197 1146 Gracchis:
1243 1099 1336 1147 etsi
1375 1100 1437 1148 de
1461 1100 1519 1149 iis
1544 1119 1603 1150 ea

264 1180 379 1220 sunt
419 1191 448 1220 a
484 1180 534 1222 te
561 1174 709 1230 dicta,
755 1175 931 1238 quibus
963 1192 1057 1239 ego
1082 1177 1335 1225 assentior.
1408 1178 1602 1229 Omitto

263 1259 518 1300 caeteros:
559 1253 703 1301 venio
745 1253 809 1301 ad
847 1271 948 1313 eos,
989 1254 1040 1302 in
1067 1255 1242 1320 quibus
1271 1256 1376 1320 jam
1412 1258 1602 1322 perfec-

262 1337 363 1378 tam
405 1339 550 1396 putas
592 1348 697 1380 esse
740 1332 1092 1396 eloquentiam,
1129 1350 1250 1397 quos
1289 1351 1383 1399 ego
1419 1337 1604 1397 audivi,

264 1408 368 1457 sine
409 1411 743 1460 controversia
783 1428 989 1476 magnos
1025 1420 1257 1469 oratores,
1298 1414 1528 1464 Crassum
1554 1425 1604 1466 et

265 1488 561 1538 Antonium.
634 1491 714 1539 De
733 1491 909 1540 horum
944 1491 1173 1540 laudibus
1195 1493 1285 1540 tibi
1310 1510 1506 1558 prorsus
1531 1513 1602 1544 as-

263 1570 476 1618 sentior:
516 1570 604 1618 sed
627 1579 795 1619 tamen
831 1587 931 1618 non
955 1571 1050 1619 isto
1074 1571 1242 1630 modo,
1277 1580 1334 1620 ut
1361 1573 1603 1640 Polycleti

264 1650 619 1717 Doryphorum
644 1651 735 1700 sibi
760 1651 1007 1716 Lysippus
1032 1651 1209 1708 aiebat,
1249 1653 1318 1701 sic
1343 1660 1399 1702 tu
1424 1656 1604 1704 suasio-

264 1746 379 1778 nem
403 1730 527 1795 legis
548 1730 781 1779 Serviliae
805 1731 895 1779 tibi
915 1731 1199 1796 magistram
1217 1731 1385 1780 fuisse.
1459 1734 1603 1784 Haec

263 1827 500 1874 germana
537 1811 695 1859 ironia
736 1818 825 1859 est.
898 1810 1000 1858 Cur
1035 1811 1104 1859 ita
1143 1812 1371 1872 sentiam,
1407 1831 1507 1862 non
1533 1815 1603 1864 di-

269 1907 396 1949 cam,
417 1907 479 1938 ne
504 1907 583 1938 me
609 1890 700 1939 tibi
725 1890 960 1938 assentari
985 1898 1145 1955 putes.
1218 1891 1412 1940 Omitto
1436 1895 1603 1958 igitur,

264 1987 389 2034 quae
417 1970 479 2018 de
503 1970 561 2017 iis
585 1970 716 2035 ipsis,
755 1986 880 2034 quae
917 1969 979 2018 de
1006 1971 1170 2027 Cotta,
1209 1988 1333 2035 quae
1359 1972 1420 2021 de
1447 1974 1603 2040 Sulpi-

265 2050 358 2107 cio,
394 2067 518 2114 quae
543 2049 692 2097 modo
718 2049 780 2097 de
807 2049 978 2098 Coelio
1004 2050 1202 2098 dixeriS.
1275 2051 1317 2099 Ii
1343 2053 1473 2100 enim
1498 2053 1603 2104 fue-

266 2137 382 2178 runt
424 2137 559 2178 certe
598 2136 830 2177 oratores.
906 2129 1094 2186 Quanti
1119 2137 1304 2190 autem,
1341 2139 1392 2180 et
1417 2134 1603 2197 quales,

266 2218 320 2259 tu
345 2210 542 2259 videris.
630 2210 760 2259 Nam
796 2209 920 2258 illud
943 2210 1105 2259 minus
1141 2229 1276 2269 curo,
1317 2214 1451 2278 quod
1486 2232 1602 2264 con-

263 2291 459 2357 gessisti
484 2290 730 2356 operarios
749 2306 943 2338 omnes:
972 2299 1029 2339 ut
1053 2291 1172 2339 mihi
1197 2292 1460 2342 videantur
1478 2296 1602 2344 mori

265 2371 476 2421 voluisse
502 2370 743 2428 nonnulli,
781 2378 837 2419 ut
862 2388 890 2419 a
913 2379 964 2420 te
989 2371 1040 2419 in
1065 2380 1314 2421 oratorum
1340 2391 1601 2424 numerum

265 2452 583 2502 referrentur.

337 2532 480 2581 Haec
499 2549 613 2580 cum
630 2531 710 2581 ille
727 2533 950 2592 dixisset,
970 2533 1135 2598 Longi
1154 2537 1390 2584 sermonis
1406 2536 1602 2601 initium
1638 2527 1744 2590 87,

268 2611 506 2670 detulisti,
543 2612 763 2676 inquam,
802 2612 991 2670 Attice,
1030 2630 1233 2678 remque
1275 2616 1599 2672 commovisti,

266 2709 395 2740 nova
431 2692 763 2757 disputatione
798 2691 1014 2756 dignam,
1054 2710 1202 2756 quam
1236 2694 1288 2741 in
1313 2694 1447 2742 aliud
1480 2702 1604 2743 tem-

265 2788 358 2837 pus
383 2771 678 2820 differamus.
749 2770 999 2819 Volvendi
1036 2772 1168 2820 enim
1205 2780 1319 2821 sunt
1352 2771 1463 2836 libri
1489 2789 1602 2821 cum

266 2850 494 2911 aliorum,
551 2859 659 2900 tum
705 2851 756 2899 in
797 2851 967 2917 primis
1016 2851 1233 2901 Catonis.
1329 2852 1603 2917 Intelliges‚
