2071 3508
301 1329 412 1368 334.

312 2114 421 2154 335.

435 418 512 455 ‘208
919 412 994 451 DE
1024 410 1292 450 ORATORE

435 521 738 571 suasionibus
776 521 1015 569 tradenda
1057 528 1188 578 sunt,
1235 527 1321 567 aut
1364 517 1763 566 laudationibus:

435 609 551 649 sunt
575 601 705 649 enim
728 600 960 664 pleraque
987 598 1266 647 eommunia
1288 619 1300 658 3
1341 597 1428 646 sed
1461 606 1629 645 tamen
1659 613 1765 644 sua-

436 680 553 728 dere
590 679 792 744 aliquid,
831 686 916 726 aut
958 678 1258 735 dissuadere,
1290 676 1603 741 gravissimae
1645 674 1766 722 mihi

435 759 632 807 videtur
673 775 776 805 esse
822 773 1075 821 personae.
1147 756 1277 803 Nam
1321 763 1371 802 et
1407 753 1638 818 sapientis
1674 761 1764 809 est,

438 837 696 886 consilium
723 835 969 900 explicare
995 851 1137 882 suum
1164 833 1225 882 de
1250 833 1475 880 maximis
1500 833 1644 880 rebus
1665 851 1679 891 3
1719 839 1768 879 et

437 917 631 965 honesti
657 924 707 964 et
732 915 919 973 diserti,
957 923 1013 962 ut
1048 921 1214 961 mente
1249 911 1527 977 providere,
1563 909 1772 958 auctori-

390 1043 402 1055 ,
439 1003 541 1043 tate
578 996 804 1058 probare,
847 993 1067 1041 oratione
1108 991 1404 1055 persuadere
1440 989 1608 1054 possit.
1680 987 1773 1035 At-

442 1090 536 1137 que
585 1073 707 1119 haee
754 1072 805 1117 in
853 1078 1026 1118 senatu
1066 1070 1255 1116 minore
1302 1075 1539 1132 apparatu
1581 1065 1774 1130 agenda

442 1158 571 1198 sunt.
636 1150 837 1213 Sapiens
880 1149 1010 1196 enim
1054 1155 1127 1194 est
1169 1146 1461 1204 consilium3
1509 1145 1775 1208 multisque

443 1229 546 1276 aliis
572 1227 772 1276 dicendi
810 1226 1160 1290 relinquendus
1196 1224 1364 1272 locus:
1402 1223 1602 1270 vitanda
1628 1223 1777 1270 etiam

444 1303 633 1372 ingenii
659 1305 1000 1355 ostentationis
1026 1304 1253 1368 suspicio.
1305 1303 1494 1351 Coneio
1520 1301 1653 1366 capit
1676 1317 1778 1349 om-

446 1403 561 1434 nem
585 1386 683 1433 vim
710 1385 960 1443 orationis,
998 1392 1047 1431 et
1070 1383 1364 1447 gravitatem
1389 1381 1777 1446 varietatemque

447 1465 709 1514 desiderat.
781 1464 915 1527 Ergo
949 1463 1000 1509 in
1042 1461 1296 1510 suadendo
1334 1460 1457 1507 nihil
1493 1468 1567 1508 est
1591 1459 1778 1524 optabi-

446 1545 558 1603 lius,
583 1559 729 1608 quam
755 1542 984 1606 dignitas.
1055 1541 1184 1587 Nam
1211 1539 1295 1603 qui
1319 1539 1585 1586 utilitatem
1615 1546 1778 1602 putat,

447 1640 547 1671 non
581 1622 700 1686 quid
746 1621 959 1668 maxime
994 1619 1114 1667 velit
1153 1635 1336 1676 suasor,
1374 1618 1460 1665 sed
1485 1617 1606 1680 quid
1629 1617 1778 1665 inter-

451 1702 569 1749 dum
608 1701 762 1764 magis
802 1707 1051 1764 sequatur,
1089 1698 1240 1745 videt.
1311 1697 1474 1744 Nemo
1514 1703 1588 1743 est
1629 1695 1776 1752 enim,

449 1780 737 1845 praesertim
773 1779 824 1825 in
859 1786 961 1826 tam
987 1776 1117 1825 clara
1143 1776 1358 1831 civitate,
1387 1775 1505 1838 quin
1529 1781 1675 1838 putet
1699 1790 1782 1822 ex-

448 1858 716 1923 petendam
753 1857 964 1904 maxime
991 1855 1315 1919 dignitatem:
1355 1853 1441 1901 sed
1473 1852 1628 1900 vincit
1653 1851 1782 1900 utili-

450 1944 524 1984 tas
562 1935 870 2000 plerumque,
916 1949 1028 1979 cum
1072 1933 1239 1979 subest
1279 1931 1360 1978 ille
1403 1930 1567 1988 timor,
1607 1946 1664 1977 ea
1698 1946 1782 1977 ne-

453 2015 636 2081 glecta,
684 2029 746 2060 ne
790 2011 1082 2074 dignitatem
1131 2009 1331 2073 quidem
1377 2025 1518 2072 posse
1564 2008 1781 2056 retineri.

457 2091 802 2142 Controversia
842 2098 1008 2137 autem
1044 2089 1173 2135 inter
1207 2087 1462 2134 hominum
1499 2086 1785 2145 sententias,

456 2180 541 2220 aut
565 2171 614 2218 in
640 2170 723 2217 illo
750 2177 842 2226 est,
866 2176 1031 2215 utrum
1058 2167 1119 2213 sit
1144 2165 1312 2213 utilius
1334 2166 1349 2212 ?
1387 2173 1472 2212 aut
1498 2165 1644 2212 etiam
1671 2182 1784 2213 cum

455 2251 507 2298 id
549 2247 799 2305 convenit,
842 2253 1081 2303 certatur,
1117 2253 1282 2291 utrum
1316 2242 1563 2290 honestati
1603 2243 1786 2306 potius,

456 2345 517 2376 an
543 2326 743 2376 utilitati
770 2323 1126 2372 consulendum
1151 2323 1246 2369 sit?
1273 2322 1414 2378 Quae
1434 2321 1548 2384 quia
1564 2336 1786 2384 pugnare

458 2424 601 2471 saepe
626 2407 755 2452 inter
779 2420 829 2451 se
853 2402 1101 2460 videntur,
1140 2401 1222 2464 qui
1252 2399 1517 2447 utilitatem
1543 2397 1787 2457 defendit,

459 2483 767 2536 enumerabit
805 2480 1065 2529 commoda
1101 2479 1251 2543 pacis,
1301 2494 1469 2542 opum,
1514 2477 1787 2541 potentiae,

458 2563 718 2632 pecuniae,
742 2559 1080 2624 vectigalium,
1118 2556 1347 2621 praesidii
1371 2556 1602 2619 militum,
1628 2562 1790 2603 caete-

462 2660 622 2693 rarum
662 2655 843 2697 rerum,
886 2653 1089 2702 quarum
1127 2636 1345 2683 fructum
1393 2633 1607 2682 utilitate
1647 2633 1788 2681 meti-

462 2738 590 2780 mur,
630 2720 849 2782 itemque
890 2715 1205 2764 ineommoda
1243 2712 1616 2761 contrariorum.
1687 2711 1787 2767 Qui

465 2802 527 2848 ad
552 2798 844 2863 dignitatem
868 2794 1096 2859 impellit,
1121 2792 1359 2857 majorum
1385 2789 1628 2855 exempla,
1663 2804 1788 2854 quae

467 2885 611 2928 erunt
633 2875 711 2925 vel
736 2891 850 2925 cum
872 2873 1094 2940 periculo
1116 2871 1345 2938 gloriosa,
1381 2869 1600 2934 colliget,
1629 2873 1790 2933 poste-
