2071 3508
382 428 463 466 332
898 418 975 458 DE
1006 417 1207 459 CLARIS

378 534 558 583 faciat:
613 532 861 596 scripsere,
896 530 1074 594 inquit,
1116 529 1198 576 alii
1236 543 1335 575 rem
1370 527 1607 575 versibu':
1658 534 1710 576 et

375 613 630 662 luculente
676 612 876 676 quidem
923 610 1236 673 scripserunt,
1294 608 1483 655 etiamsi
1529 606 1707 664 minus,

378 710 525 757 quam
548 702 622 753 tu,
651 694 819 758 polite.
890 692 1000 739 Nec
1025 708 1141 739 vero
1166 691 1256 738 tibi
1283 689 1422 738 aliter
1447 689 1601 736 videri
1627 687 1711 743 de-

377 773 486 832 bet3
516 773 598 836 qui
623 790 652 820 a
675 772 866 820 Naevio
889 770 968 818 vel
994 770 1239 834 sumpsisti
1256 768 1424 824 multa,
1447 768 1485 815 si
1508 767 1676 815 fateris
1695 787 1710 826 3

378 851 476 910 vel,
527 853 565 899 si
606 869 771 916 negas,
828 849 1116 913 surripuisti.
1212 848 1338 895 Cum
1376 847 1471 894 hoc
1521 846 1713 893 Catone

377 923 665 994 grandiores
690 938 809 977 natu
832 928 1035 976 fuerunt
1061 927 1117 975 C.
1139 925 1424 982 Flaminius,
1451 924 1509 971 C.
1534 925 1712 980 Varro,

382 1010 445 1064 Q.
488 1009 754 1063 Maximus,
812 1008 875 1063 Q.
929 1005 1182 1063 Metellus,
1238 1005 1290 1052 P.
1335 1001 1597 1060 Lentulus,
1657 1001 1713 1049 P.

381 1088 602 1146 Crassus,
660 1087 744 1150 qui
792 1103 906 1134 cum
955 1085 1203 1148 superiore
1254 1082 1494 1130 Africano
1543 1078 1716 1129 consul

377 1166 489 1214 fuit.
563 1166 732 1229 Ipsum
773 1163 1053 1226 Scipionem
1095 1162 1376 1225 accepimus
1415 1176 1515 1207 non
1557 1157 1715 1206 infan-

377 1252 481 1291 tem
522 1242 688 1290 fuisse.
760 1241 912 1290 Filius
951 1241 1153 1304 quidem
1196 1239 1317 1303 ejus,
1358 1238 1413 1293 is,
1459 1238 1542 1301 qui
1579 1236 1716 1283 hunc

378 1322 620 1370 minorem
661 1321 941 1385 Scipionem
984 1336 1012 1366 a
1038 1317 1190 1365 Paulo
1224 1315 1493 1380 adoptavit,
1532 1315 1570 1362 si
1610 1330 1716 1362 cor-

377 1417 498 1465 pore
538 1399 784 1455 valuisset,
828 1399 878 1444 in
915 1397 1084 1461 primis
1108 1395 1304 1443 habitus
1334 1401 1462 1441 esset
1488 1392 1715 1440 disertus.

380 1479 615 1526 Indicant
651 1493 764 1524 cum
800 1473 1154 1529 oratiunculae,
1196 1481 1303 1520 tum
1327 1471 1530 1520 historia
1570 1486 1716 1535 quae-
1743 1495 1758 1508 .

380 1557 494 1605 dam
521 1556 734 1614 Graeca,
770 1554 952 1619 scripta
977 1552 1273 1602 dulcissime.

448 1651 770 1713 Numeroque
820 1648 994 1696 eodem
1045 1646 1141 1693 fuit
1178 1646 1300 1693 Sex.
1347 1645 1536 1701 Aelius,
1589 1643 1714 1709 juris

381 1730 583 1795 quidem
622 1727 777 1776 civilis
802 1726 1021 1774 omnium
1058 1724 1396 1788 peritissimus,
1436 1723 1523 1771 sed
1565 1723 1714 1770 etiam

381 1809 445 1857 ad
471 1807 739 1855 dicendum
763 1813 978 1870 paratus.
1051 1804 1130 1850 Dc
1151 1803 1418 1850 minoribus
1444 1811 1630 1860 autem,
1656 1801 1714 1849 C.

381 1887 625 1951 Sulpicius
651 1885 845 1943 Gallus,
882 1884 968 1947 qui
991 1883 1204 1930 maxime
1230 1882 1449 1929 omnium
1475 1880 1714 1928 nobilium

380 1965 588 2015 Graecis
628 1964 781 2012 literis
834 1963 1042 2020 studuit,
1101 1962 1238 2025 isque
1283 1969 1332 2008 ct
1373 1968 1620 2007 oratorum
1662 1959 1714 2007 in

378 2061 585 2093 numero
628 2053 702 2092 est
740 2043 950 2098 habitus,
1001 2049 1052 2088 et
1086 2040 1182 2088 fuit
1218 2039 1416 2104 reliquis
1454 2040 1598 2087 rebus
1640 2055 1715 2086 or-

378 2133 523 2172 natus
561 2131 709 2186 atque
749 2122 963 2185 elegans.
1048 2120 1159 2169 Jam
1203 2120 1333 2167 enim
1373 2128 1477 2166 erat
1518 2117 1714 2165 unctior

379 2204 621 2266 quaedam
665 2201 1063 2266 splendidiorque
1104 2198 1411 2247 consuetudo
1459 2196 1712 2261 loquendi.

378 2282 525 2336 Nam,
552 2280 647 2327 hoc
673 2288 897 2343 praetore
922 2278 1064 2326 ludos
1092 2276 1313 2341 Apollini
1337 2276 1572 2334 faciente,
1598 2292 1712 2323 cum

380 2359 652 2423 Thyestem
694 2358 911 2405 fabulam
953 2357 1221 2414 docuisset,
1259 2356 1321 2411 Q.
1368 2354 1576 2410 Marcio,
1616 2354 1709 2402 Cn.

379 2437 584 2486 Servilio
609 2436 910 2494 consulibus,
946 2443 1155 2482 mortem
1181 2434 1302 2481 obiit
1328 2432 1531 2481 EnniuS.
1593 2432 1714 2482 Erat

376 2522 551 2570 iisdem
576 2521 880 2584 temporibus
906 2519 1018 2567 Tib.
1058 2518 1332 2573 Gracchus,
1380 2517 1432 2563 P.
1459 2515 1602 2574 filius,
1627 2516 1712 2579 qui

376 2600 450 2648 bis
476 2599 647 2648 consul
673 2608 723 2647 et
748 2616 922 2647 censor
945 2597 1058 2656 fuit,
1079 2596 1217 2661 cujus
1243 2605 1317 2644 est
1334 2595 1490 2643 oratio
1516 2594 1713 2643 Graeca

377 2680 510 2742 apud
538 2679 792 2726 Rhodios:
833 2694 979 2742 quem
1023 2678 1181 2725 civem
1208 2692 1321 2723 cum
1346 2690 1566 2739 gravem,
1602 2682 1710 2721 tum

378 2757 526 2804 etiam
553 2758 867 2822 eloquentem
887 2765 1081 2805 constat
1104 2755 1271 2803 fuisse.
1344 2754 1399 2801 P.
1436 2753 1583 2801 etiam
1610 2751 1710 2799 Sci-

376 2836 575 2899 pionem
614 2837 865 2895 Nasicam,
902 2837 984 2901 qui
1027 2844 1102 2884 est
1127 2832 1394 2882 Corculum
1419 2831 1706 2896 appellatus,

379 2914 461 2977 qui
485 2914 605 2978 item
628 2915 702 2964 bis
729 2915 899 2964 consul
926 2924 975 2964 et
1000 2931 1173 2964 censor
1213 2912 1322 2968 fuit,
1362 2911 1584 2960 habitum
1608 2907 1704 2956 elo-
