2071 3508
718 431 887 470 LIBER
916 430 1170 471 TERTIUS.
1567 437 1647 475 299

313 540 625 608 significavit,
650 547 892 607 quantum
934 547 1063 588 esset
1102 540 1155 587 in
1193 537 1409 598 actione,
1435 540 1520 603 qui
1545 557 1648 589 ora-

312 623 500 670 tionem
525 618 736 667 eandem
767 618 912 678 aliam
955 635 1061 668 esse
1095 626 1314 684 putaret,
1351 625 1520 667 actore
1545 636 1650 666 mu-

311 709 432 750 tato.
505 699 643 757 Quid
665 698 762 747 fuit
798 699 850 747 in
888 699 1143 759 Graccho,
1180 716 1328 764 quem
1352 706 1428 758 tu,
1453 697 1652 757 Catule,
1684 705 1796 747 214.

312 779 486 828 melius
511 778 795 836 meministi,
828 779 964 844 quod
987 795 1068 828 me
1091 796 1248 845 puero
1271 786 1533 843 tantopere
1557 777 1653 826 fer-

311 858 482 908 retur?
518 859 625 914 Quo
649 876 721 907 me
742 859 885 908 miser
915 862 1155 924 confieram
1170 864 1194 909 ‚2
1232 875 1324 924 qao
1348 862 1566 917 vertam?
1604 858 1655 905 in

311 939 652 1002 Capitoliumne
671 943 694 988 ἒ
731 946 785 986 at
795 939 984 1001 fratris
1017 939 1252 1004 sanguine
1279 940 1554 987 redundat:
1592 954 1656 986 an

314 1020 500 1067 domam
519 1022 542 1067 ἒ
578 1026 837 1068 matremne
881 1027 937 1068 ut
965 1020 1203 1079 miseram,
1240 1020 1659 1082 lamentantemqae

313 1098 498 1146 videam
522 1106 572 1146 et
590 1098 860 1162 alffectam?
899 1116 1025 1163 quae
1064 1099 1134 1148 sic
1177 1099 1238 1147 ab
1280 1098 1366 1146 illo
1404 1105 1516 1147 acta
1552 1113 1657 1145 esse

317 1178 596 1237 constabat,
621 1176 798 1238 oculis,
822 1194 966 1236 voce,
984 1186 1151 1242 gestu,
1175 1177 1363 1226 inimici
1388 1185 1445 1225 ut
1467 1176 1659 1242 lachry-

316 1274 421 1310 mas
460 1265 633 1306 tenere
674 1273 776 1305 non
811 1266 1030 1322 possent.
1104 1257 1249 1306 Haec
1275 1274 1335 1305 eo
1360 1257 1475 1313 dico
1509 1245 1661 1320 pluri-

316 1337 430 1395 bus,
455 1336 590 1401 quod
613 1353 773 1400 genus
810 1337 907 1386 hoc
945 1345 1108 1400 totum
1150 1344 1388 1395 oratores,
1425 1335 1509 1400 qui
1545 1342 1661 1383 sunt

319 1416 541 1465 veritatis
566 1416 719 1480 ipsius
745 1423 958 1475 actores,
999 1415 1343 1480 reliquerunt;
1387 1415 1660 1476 imitatores

319 1505 488 1545 autem
511 1495 752 1555 veritatis,
778 1495 1059 1555 histriones,
1084 1494 1475 1560 Occupaverunt.

389 1574 471 1623 Ac
497 1575 602 1623 sine
628 1574 780 1623 dubio
804 1575 856 1622 in
882 1575 1017 1623 omni
1052 1592 1105 1623 re
1141 1575 1300 1623 vincit
1332 1574 1661 1622 imitationem
1696 1569 1802 1629 57.

319 1654 536 1703 veritas:
575 1654 664 1703 sed
702 1671 761 1702 ea
799 1654 839 1702 si
875 1654 990 1702 satis
1015 1654 1066 1701 in
1091 1654 1289 1703 actione
1316 1653 1535 1703 efficeret
1558 1654 1664 1718 ipsa
1695 1662 1807 1702 215.

321 1752 411 1801 per
447 1751 571 1794 sese,
610 1742 715 1783 arte
757 1732 984 1800 profecto
1020 1751 1122 1802 non
1155 1750 1451 1799 egeremus:
1489 1750 1664 1796 verum

304 1811 439 1880 ¹quia
476 1814 628 1869 animi
665 1814 930 1879 permotio,
973 1831 1099 1879 quae
1138 1815 1354 1866 maxime
1390 1822 1478 1862 aut
1502 1814 1666 1862 decla„

323 1893 479 1941 randa
503 1900 590 1941 aut
613 1892 853 1941 imitanda
873 1900 948 1941 est
971 1893 1188 1952 actione,
1203 1894 1494 1958 perturbata
1519 1910 1666 1958 saepe

322 1973 395 2021 ita
418 1979 512 2031 est,
546 1980 604 2020 ut
628 1974 921 2021 obscuretur
945 1989 1004 2020 ac
1027 1989 1158 2037 pene
1194 1974 1431 2021 obruatur
1452 1993 1465 2032 ;
1505 1972 1668 2027 discu-

326 2053 499 2101 tienda
523 2060 639 2102 sunt
663 2070 738 2112 ea,
764 2069 889 2117 quae
915 2053 1200 2112 obscurant,
1227 2060 1278 2101 et
1303 2070 1380 2112 ea,
1406 2069 1532 2117 quae
1552 2059 1669 2101 sunt

329 2132 600 2191 eminentia
638 2140 690 2181 et
728 2141 943 2197 promta,
983 2133 1238 2181 sumenda.
1312 2131 1491 2184 Omnis
1534 2132 1667 2196 enim
1699 2130 1811 2188 2165

327 2221 494 2260 motus
518 2211 669 2259 animi
695 2228 839 2270 suum
865 2212 1115 2276 quendam
1141 2229 1169 2260 a
1193 2219 1370 2260 natura
1388 2212 1541 2261 habet
1563 2210 1668 2259 vul-

330 2299 457 2350 tum,
500 2299 552 2339 et
588 2306 784 2350 sonum,
826 2299 878 2340 et
919 2299 1150 2356 gestum3
1189 2299 1453 2356 totumque
1490 2307 1671 2356 corpus

329 2370 562 2436 hominis,
599 2377 651 2418 et
676 2370 780 2435 ejus
805 2370 965 2425 omnis
988 2369 1174 2430 Vultus,
1206 2387 1477 2435 omnesque
1501 2387 1671 2430 voces,

331 2458 390 2500 ut
414 2449 552 2498 nervi
576 2450 627 2497 in
651 2448 850 2509 fidibus,
885 2450 955 2506 ita
990 2458 1186 2509 sonant,
1221 2458 1279 2498 ut
1303 2467 1333 2504 a
1355 2457 1496 2498 motu
1521 2450 1671 2497 animi

334 2545 532 2593 quoque
573 2538 690 2577 sunt
728 2528 913 2593 pulsae.
985 2529 1117 2577 Nam
1154 2546 1321 2588 voces,
1356 2536 1414 2577 ut
1439 2528 1670 2585 chordae,

336 2615 452 2656 sunt
476 2607 714 2665 intentae,
742 2625 868 2672 quae
893 2608 957 2657 ad
982 2625 1229 2673 quemque
1259 2616 1451 2658 tactum
1476 2624 1674 2672 respon-

337 2687 509 2747 deant,
533 2694 697 2746 acuta,
721 2687 902 2751 gravis,
927 2687 1045 2746 cita,
1069 2687 1229 2746 tarda,
1254 2704 1450 2752 magna,
1486 2703 1637 2751 parva
1657 2707 1672 2750 ᾗ

339 2783 460 2832 quas
484 2762 654 2815 tamen
678 2766 808 2814 inter
833 2783 1005 2815 omnes
1042 2775 1116 2815 est
1153 2784 1241 2816 suo
1267 2783 1492 2832 quaeque
1516 2766 1676 2832 inge-

339 2862 460 2896 nere
485 2845 764 2895 mediocris.
804 2845 978 2911 Atque
999 2847 1147 2896 etiam
1163 2846 1246 2895 illa
1264 2854 1381 2896 sunt
1409 2847 1470 2896 ab
1494 2845 1569 2895 his
1594 2845 1677 2894 dea

342 2924 480 2994 lapsa
502 2925 645 2994 plura
675 2943 880 2993 genera,
896 2926 1028 2990 lene,
1046 2944 1305 2996 asperum:
1344 2933 1677 2987 contractum,
