2071 3508
370 655 469 717 10.

507 406 586 442 496
1058 401 1275 474 TOPICA3

509 512 656 560 dere:
695 509 828 575 quod
850 525 1008 574 genus
1033 510 1312 576 argumenti
1353 510 1405 558 in
1444 510 1614 576 primis
1637 511 1829 561 firmum

507 590 663 638 videri
688 589 829 637 solet.

575 667 854 717 Similitudo
876 669 1113 732 sequitur,
1139 685 1263 733 quae
1287 665 1384 717 late
1408 675 1577 733 patet3
1617 669 1705 717 sed
1728 684 1833 717 ora·
1858 665 1861 667 ’

507 748 695 797 toribus
721 754 772 795 et
793 746 1095 811 philosophis
1119 747 1290 812 magis,
1331 764 1477 812 quam
1501 747 1655 796 vobis.
1726 742 1835 794 Etsi

510 827 641 876 enim
667 841 836 874 omnes
860 824 957 872 loci
983 832 1098 873 sunt
1116 826 1335 873 omnium
1357 826 1745 890 disputationum
1771 824 1835 873 ad

509 911 802 970 argumenta
826 903 1206 968 suppeditanda,
1230 912 1397 952 tamen
1423 903 1527 952 aliis
1547 903 1835 972 disputatio-

510 985 653 1032 nibus
701 983 1032 1031 abundantius
1078 991 1361 1039 occurrunt,
1411 982 1537 1030 aliis·
1561 984 1835 1047 angustius.

512 1063 688 1126 Itaque
712 1077 896 1125 genera
921 1061 1010 1109 tibi
1034 1069 1153 1109 nota
1177 1061 1302 1109 sint:
1340 1061 1426 1109 ubi
1467 1068 1633 1109 autem
1672 1060 1748 1108 his
1783 1078 1841 1109 ua

510 1149 635 1199 tare,
678 1140 989 1204 quaestiones
1029 1140 1164 1204 ipsae
1200 1147 1251 1188 te
1289 1138 1642 1187 admonebunt.
1712 1139 1840 1189 Sunt

513 1219 644 1268 enim
669 1218 1032 1277 similitudines,
1073 1234 1199 1282 quae
1224 1234 1286 1266 ex
1322 1217 1542 1282 pluribus
1568 1216 1839 1266 collationi-

510 1299 602 1348 bus
626 1297 925 1363 perveniunt
948 1310 1045 1362 quo
1070 1296 1261 1357 volunt,
1285 1296 1381 1345 hoc
1406 1295 1585 1344 modo:
1630 1295 1680 1344 Si
1703 1303 1840 1344 tutor

512 1377 660 1426 fidem
684 1385 932 1442 praestare
957 1376 1122 1434 debet,
1161 1377 1200 1424 si
1225 1376 1404 1435 socius,
1440 1376 1498 1435 si,
1536 1375 1616 1423 cui
1639 1375 1840 1424 manda-

512 1458 595 1516 ris,
632 1457 671 1504 si
696 1456 780 1520 qui
803 1455 1034 1504 fiduciam
1065 1456 1344 1521 acceperit3
1385 1456 1534 1505 debet
1558 1455 1707 1504 etiam
1730 1471 1841 1520 pro-

514 1542 727 1584 curator.
790 1534 933 1582 Haec
959 1550 1020 1582 ex
1043 1534 1265 1599 pluribus
1288 1534 1581 1600 perveniens
1600 1551 1697 1599 quo
1715 1534 1841 1594 vult,

514 1613 788 1679 appellatur
839 1613 1094 1661 inductio:
1151 1630 1275 1677 quae
1313 1613 1509 1662 Graece
1543 1614 1721 1671 ἑπαγωγνὶ
1755 1630 1842 1662 no-

514 1694 761 1752 minatur3
800 1708 896 1756 qua
930 1690 1195 1755 plurimum
1221 1700 1295 1740 est
1319 1709 1434 1740 usus
1458 1693 1509 1740 in
1535 1693 1841 1742 sermonibus

517 1773 758 1821 Socrates.
849 1767 1081 1818 Alterum
1123 1771 1454 1819 similitudinis
1494 1788 1653 1836 genus
1695 1771 1841 1820 colla-

516 1852 651 1900 tione
677 1850 899 1906 sumitur,
945 1866 1059 1898 cum
1084 1866 1183 1897 una
1206 1867 1283 1898 res
1312 1851 1417 1909 uni,
1454 1867 1543 1915 par
1577 1851 1683 1915 pari
1709 1868 1841 1900 com-

514 1938 732 1996 paratur,
770 1929 866 1976 hoc
891 1928 1069 1977 modo:
1116 1928 1551 1986 Quemadmodum
1576 1930 1616 1977 si
1645 1930 1697 1976 in
1721 1931 1842 1979 urbe

517 2012 578 2059 de
602 2010 781 2057 finibus
824 2009 1158 2057 controversia
1195 2017 1284 2065 est,
1323 2009 1437 2074 quia
1465 2009 1585 2056 fines
1609 2010 1765 2074 magis
1796 2027 1843 2058 a-

515 2106 715 2155 grorum
732 2087 964 2136 videntur
984 2104 1103 2144 esse,
1132 2104 1278 2152 quam
1297 2088 1449 2147 urbis,
1467 2087 1645 2137 finibus
1669 2105 1842 2154 regen-

518 2169 592 2216 dis
629 2167 831 2231 adigere
870 2167 1108 2215 arbitrum
1149 2183 1249 2215 non
1287 2168 1470 2232 possis:
1510 2168 1597 2227 sic,
1640 2167 1680 2216 si
1717 2185 1844 2234 aqua

515 2247 683 2313 pluvia
706 2247 757 2293 in
781 2247 902 2295 urbe
943 2254 1112 2305 nocet,
1154 2247 1386 2311 quoniam
1424 2264 1500 2296 res
1541 2255 1647 2296 tota
1686 2248 1844 2312 magis

518 2342 747 2391 agrorum
790 2333 878 2382 est,
923 2342 1078 2390 aquae
1118 2326 1314 2390 pluviae
1356 2326 1600 2375 arcendae
1641 2327 1843 2392 adigere

517 2421 618 2453 non
656 2403 810 2469 possis
853 2404 1105 2452 arbitrum.
1177 2404 1254 2451 Ex
1297 2404 1473 2453 eodem
1511 2405 1844 2454 similitudinis

516 2484 629 2532 loco
653 2483 802 2531 etiam
828 2482 1054 2547 exempla
1072 2490 1347 2540 sumuntur,
1374 2491 1430 2531 ut
1450 2483 1652 2532 Crassus
1675 2484 1726 2531 in
1747 2484 1844 2532 Cu-

518 2564 654 2611 riana
678 2578 825 2610 causa
849 2561 1085 2626 exemplis
1110 2561 1330 2625 plurimis
1354 2578 1469 2609 usus
1494 2571 1583 2619 est,
1610 2579 1763 2627 agens
1780 2563 1846 2613 de

518 2659 596 2700 eo,
633 2640 716 2705 qui
740 2647 1039 2688 testamento
1064 2640 1134 2688 sic
1161 2640 1395 2688 heredem
1419 2640 1729 2701 instituisset,
1767 2649 1847 2702 ut,

519 2720 558 2768 si
581 2719 707 2767 filius
740 2726 883 2767 natus
925 2727 1053 2768 esset
1088 2719 1140 2767 in
1183 2719 1357 2768 decem
1398 2719 1664 2780 mensibus,
1704 2720 1845 2785 isque

519 2806 741 2846 mortuus
765 2797 918 2863 prius,
955 2815 1101 2863 quam
1125 2799 1176 2846 in
1202 2815 1337 2847 suam
1363 2798 1570 2847 tutelam
1593 2799 1838 2860 venisset3

522 2876 768 2926 secundus
807 2877 949 2926 heres
984 2877 1309 2928 hereditatem
1352 2877 1614 2928 obtineret.
1698 2877 1842 2934 Quae
