2071 3508
263 596 374 638 259.

274 1388 385 1430 260.

290 2556 401 2597 ι261.

401 405 452 441 88
876 401 952 440 DE
983 399 1251 440 ORATORE

402 511 720 560 haerescere:
759 511 893 576 quod
927 528 1020 575 ego
1044 527 1143 558 non
1167 518 1269 558 tam
1293 507 1543 556 fastidiose
1568 506 1619 554 in
1645 522 1732 555 no-

405 591 499 651 bis,
524 607 669 655 quam
687 591 737 638 in
761 590 1093 646 histrionibus,
1121 588 1331 653 spectari
1354 595 1491 652 puto.
1553 587 1729 650 Itaque

407 686 496 720 nos
520 687 694 718 raucos
719 686 862 734 saepe
893 669 1215 717 attentissime
1252 667 1408 715 audiri
1442 666 1621 724 video,
1660 673 1731 713 te-

407 758 496 798 net
519 748 650 796 enim
674 764 751 796 res
773 748 895 812 ipsa,
932 756 1078 811 atque
1104 763 1282 794 causa:
1321 752 1371 792 at
1396 744 1668 807 Aesopum,
1693 742 1733 790 si

408 827 611 892 paulum
646 827 913 885 irrauserit,
950 826 1163 890 explodi.
1236 824 1285 871 A
1310 824 1484 888 quibus
1509 823 1639 870 enim
1663 822 1734 868 ni-

410 905 481 953 hil
504 913 699 971 praeter
721 905 1025 969 voluptatem
1061 904 1250 952 aurium
1290 902 1557 965 quaeritur,
1592 901 1641 946 in
1677 900 1738 946 iis

412 985 695 1043 offenditur,
736 984 880 1031 simu]
921 992 1067 1047 atque
1108 981 1414 1028 imminuitur
1453 979 1637 1043 aliquid
1675 979 1738 1026 de

412 1063 683 1127 voluptate.
759 1062 822 1108 In
868 1060 1148 1125 eloquentia
1194 1068 1359 1107 autem
1405 1058 1560 1106 multa
1606 1065 1739 1118 sunt,

416 1157 542 1204 quae
577 1148 800 1198 teneant,
837 1157 961 1203 quae
1004 1139 1042 1186 si
1078 1138 1241 1185 omnia
1271 1154 1462 1184 summa
1484 1154 1582 1184 non
1608 1144 1740 1195 sunt,

418 1222 494 1282 (et
516 1219 749 1283 pleraque
773 1226 941 1264 tamen
966 1233 1145 1280 magna
1180 1215 1317 1276 sunt)
1342 1231 1543 1264 necesse
1569 1223 1660 1274 est,
1685 1231 1743 1262 ea

416 1297 539 1361 ipsa,
566 1313 690 1360 quae
716 1302 844 1351 sunt,
871 1294 1112 1342 mirabilia
1133 1293 1305 1340 videri.

485 1376 639 1439 Ergo,
674 1382 731 1422 ut
754 1373 817 1421 ad
838 1373 1051 1437 primum
1076 1371 1198 1419 illud
1227 1378 1461 1429 revertar,
1498 1372 1559 1419 sit
1583 1379 1747 1420 orator

419 1455 559 1503 nobis
583 1455 642 1512 is,
662 1453 760 1517 qui,
781 1462 840 1500 ut
857 1452 1057 1500 Crassus
1078 1451 1354 1514 descripsit,
1373 1450 1746 1498 accommodate

420 1534 484 1581 ad
507 1532 905 1598 persuadendum
930 1531 1083 1596 possit
1114 1531 1294 1578 dicere.
1368 1531 1416 1578 Is
1441 1538 1605 1578 autem
1631 1546 1746 1578 con-

423 1613 651 1661 cludatur
687 1613 739 1659 in
775 1628 850 1670 ea,
875 1627 999 1675 quae
1026 1617 1140 1657 sunt
1162 1609 1212 1656 in
1238 1626 1329 1657 usu
1355 1609 1610 1657 civitatum
1643 1607 1748 1656 vul-

422 1692 528 1756 gari
578 1708 635 1739 ac
682 1689 897 1749 forensi3
958 1688 1255 1752 remotisque
1304 1688 1508 1736 caeteris
1557 1687 1748 1746 studiis,

424 1770 644 1834 quamvis
687 1786 743 1817 ea
779 1769 876 1816 sint
900 1767 1060 1832 ampla
1084 1776 1231 1831 atque
1266 1766 1533 1831 praeclara,
1567 1766 1618 1812 in
1653 1765 1749 1814 hoc

422 1865 524 1896 uno
561 1865 726 1913 opere,
764 1856 821 1896 ut
855 1849 925 1896 ita
963 1847 1139 1903 dicam,
1180 1853 1352 1894 noctes
1377 1854 1428 1894 et
1452 1846 1554 1893 dies
1578 1862 1752 1910 urgea-

423 1934 505 1975 tur
525 1947 540 1987 3
577 1927 895 1992 imiteturque
935 1926 1087 1983 illum,
1133 1925 1212 1973 cui
1249 1925 1352 1972 sine
1389 1924 1538 1972 dubio
1564 1939 1752 1972 summa

425 2006 496 2054 vis
522 2005 721 2054 dicendi
746 2005 1056 2064 conceditur,
1074 2004 1432 2052 Atheniensem
1458 2002 1754 2051 Demosthe-

427 2101 562 2143 nem,
599 2085 651 2132 in
689 2102 786 2149 quo
824 2092 1018 2133 tantum
1055 2083 1272 2131 studium
1297 2081 1462 2137 fuisse,
1489 2090 1754 2145 tantusque

428 2162 566 2210 labor
607 2163 802 2219 dicitur,
845 2172 903 2210 ut
936 2163 1149 2226 primum
1174 2161 1528 2225 impedimenta
1551 2168 1755 2208 naturae

432 2240 690 2304 diligentia
730 2241 1069 2303 industriaque
1111 2247 1396 2303 superaret3
1454 2254 1666 2302 cumque
1689 2238 1760 2286 ita

430 2318 604 2367 balbus
630 2326 775 2376 esset,
816 2326 873 2365 ut
909 2317 1011 2381 ejus
1047 2318 1197 2381 ipsius
1232 2317 1365 2374 artis,
1404 2317 1484 2363 cui
1519 2316 1759 2376 studeret,

431 2396 638 2460 primam
678 2396 871 2444 literam
906 2411 1006 2443 non
1029 2402 1195 2459 posset
1220 2395 1403 2452 dicere,
1426 2393 1637 2458 perfecit
1660 2410 1758 2442 me-

435 2476 658 2534 ditando,
689 2484 746 2522 ut
781 2491 927 2522 nemo
951 2473 1143 2539 planius
1168 2490 1227 2521 eo
1250 2473 1445 2520 locutus
1468 2480 1725 2536 putaretur
1746 2492 1758 2521 ε

436 2554 634 2602 Deinde
679 2571 791 2602 cum
833 2553 1029 2617 spiritus
1055 2551 1157 2616 ejus
1199 2559 1327 2599 esset
1363 2551 1633 2615 angustior,
1657 2559 1762 2599 tan-

439 2641 546 2681 tum
571 2633 873 2682 continenda
897 2632 1059 2679 anima
1081 2632 1133 2678 in
1158 2630 1370 2678 dicendo
1395 2638 1469 2677 est
1492 2637 1761 2690 assecutus,

439 2721 496 2760 ut
535 2729 635 2760 una
678 2711 1048 2761 continuatione
1089 2711 1350 2758 verborum
1385 2709 1462 2773 (id
1496 2708 1629 2773 quod
1658 2707 1762 2772 ejus

442 2792 623 2856 scripta
647 2791 924 2852 declarant)
947 2790 1093 2839 binae
1119 2790 1164 2838 ei
1182 2788 1524 2839 contentiones
1558 2786 1693 2835 vocis
1711 2794 1763 2834 et

438 2870 744 2919 remissiones
783 2870 1169 2920 continerentur.
1240 2867 1341 2926 Qui
1376 2866 1523 2916 etiam
1559 2869 1640 2929 (ut
1663 2879 1762 2912 me-
