2071 3508
441 442 520 480 438
942 442 1275 483 ORATORIAE

442 555 530 598 aut
553 548 838 610 inflexione,
871 559 956 600 aut
980 552 1300 616 adjunctione
1334 555 1614 603 verborum.
1687 556 1780 604 At-

445 645 541 693 que
567 630 715 678 etiam
741 638 816 678 est
838 631 962 680 haec
1001 632 1255 681 distinctio
1291 634 1342 680 in
1366 635 1528 682 verbis
1550 655 1562 694 3
1608 633 1777 691 altera,

446 715 656 769 natura3
712 712 1027 771 tractatione,
1075 712 1262 760 altera:
1335 721 1526 770 natura,
1586 722 1644 762 ut
1684 714 1783 762 sint

449 787 543 836 alia
583 790 883 848 sonantiora,
923 791 1163 855 graviora,
1207 791 1438 852 laeviora,
1476 801 1527 841 et
1568 793 1781 857 quodam

447 870 597 922 modo
639 871 902 930 nitidiora;
958 870 1052 918 alia
1090 880 1295 919 contra:
1355 873 1653 923 tractatione
1700 889 1784 920 au-

447 956 570 1007 tem,
596 966 710 997 cum
736 958 822 997 aut
839 950 1036 1014 propria
1055 959 1317 999 sumuntur
1341 969 1505 1000 rerum
1522 952 1784 1011 vocabula,

449 1034 536 1075 aut
577 1027 746 1075 addita
771 1029 834 1076 ad
858 1045 1059 1088 nomen,
1096 1038 1182 1078 aut
1206 1047 1352 1090 nova,
1388 1040 1474 1079 aut
1496 1032 1672 1096 prisca,
1699 1038 1786 1080 aut

451 1107 512 1155 ab
538 1114 731 1155 oratore
756 1107 1039 1155 modificata
1063 1115 1114 1155 et
1137 1107 1320 1156 inflexa
1355 1110 1570 1173 quodam
1599 1110 1749 1158 modo
1770 1127 1782 1166 ς

451 1185 615 1248 qualia
631 1194 747 1234 sunt
765 1203 840 1244 ea,
866 1203 991 1251 quae
1010 1186 1392 1246 transferuntur,
1417 1196 1503 1235 aut
1525 1188 1788 1236 immutan-

450 1272 550 1324 tur,
576 1273 662 1313 aut
687 1282 763 1324 ea,
800 1266 977 1329 quibus
1013 1274 1249 1330 tanquam
1286 1266 1553 1325 abutimur,
1589 1274 1677 1314 aut
1711 1265 1788 1326 ea,

451 1361 577 1409 quae
613 1344 951 1404 obscuramus,
999 1362 1125 1410 quae
1161 1345 1518 1394 incredibiliter
1551 1344 1788 1404 tollimus,

451 1441 677 1489 quaeque
702 1424 987 1481 mirabilius,
1032 1442 1179 1489 quam
1215 1425 1452 1473 sermonis
1478 1423 1788 1473 consuetudo

449 1505 652 1570 patitur,
693 1521 940 1552 ornamus.

518 1584 712 1631 FILIUS.
775 1583 955 1631 Habeo
992 1583 1053 1631 de
1090 1582 1395 1647 simplicibus
1419 1583 1614 1631 verbis:
1652 1600 1788 1633 nunc

454 1663 516 1711 de
544 1661 897 1726 conjunctione
924 1679 1121 1725 quaero.
1196 1662 1386 1710 PATER.
1447 1662 1657 1710 Numeri
1681 1663 1787 1727 qui-

454 1742 570 1789 dam
618 1748 733 1789 sunt
778 1741 829 1788 in
867 1740 1219 1805 conjunctione
1256 1742 1502 1800 servandi,
1553 1757 1789 1790 consecu,

453 1821 623 1885 tioque
664 1821 942 1869 verborum.
1024 1820 1271 1868 Numeros
1320 1837 1461 1869 aures
1509 1821 1642 1886 ipsae
1688 1837 1788 1870 me-

454 1900 666 1958 tiuntur,
703 1916 766 1948 ne
804 1908 1013 1947 autnon
1040 1900 1289 1963 compleas
1313 1901 1474 1947 verbis
1512 1901 1646 1964 quod
1678 1917 1790 1965 pro-

452 1978 689 2043 posueris,
728 1986 814 2026 aut
839 1977 1103 2026 redundes.
1176 1978 1479 2026 Consecutio
1504 1980 1690 2038 autem,
1725 1996 1790 2028 ne

451 2058 737 2122 generibus,
785 2057 1018 2114 numeris,
1065 2058 1389 2122 temporibus,
1436 2059 1673 2122 personis,
1711 2075 1790 2106 ca-

452 2137 603 2195 sibus,
649 2139 968 2201 perturbetur
1015 2137 1188 2184 oratio.
1277 2137 1423 2193 Nam,
1476 2145 1532 2185 ut
1578 2138 1629 2185 in
1679 2138 1790 2185 sim-

451 2215 665 2282 plicibus
711 2217 888 2273 verbis,
943 2217 1077 2280 quod
1126 2233 1226 2265 non
1277 2224 1351 2264 est
1394 2215 1663 2274 Latinum:
1719 2217 1788 2266 sic

451 2297 505 2344 in
531 2296 828 2361 conjunctis,
871 2296 1004 2360 quod
1042 2312 1142 2343 non
1185 2303 1260 2343 est
1298 2312 1623 2359 consequens,
1663 2295 1791 2343 vitu-

452 2375 728 2441 perandum
766 2382 855 2422 est.
939 2374 1236 2423 Communia
1288 2382 1454 2423 autem
1490 2373 1789 2438 simplicium

455 2454 934 2520 conjunctorumque
961 2463 1075 2502 sunt
1098 2454 1222 2501 haec
1247 2454 1464 2519 quinque
1489 2453 1626 2517 quasi
1649 2452 1790 2501 lumi-

454 2551 536 2592 na,
573 2533 865 2592 dilucidum,
890 2534 1059 2592 breve,
1083 2532 1356 2598 probabile,
1392 2532 1598 2591 illustre,
1624 2548 1788 2581 suave.

454 2613 748 2661 Dilucidum
784 2612 839 2661 fit
873 2612 1065 2660 usitatis
1094 2612 1274 2671 verbis,
1316 2611 1539 2676 propriis,
1588 2611 1790 2675 disposi-

454 2693 515 2740 tis
542 2700 627 2740 aut
652 2693 1110 2757 circumscriptione
1148 2690 1400 2749 conclusa,
1439 2698 1525 2738 aut
1546 2690 1789 2738 intermis-

454 2772 608 2831 sione,
668 2780 754 2819 aut
801 2772 1085 2820 concisione
1130 2771 1411 2818 verborum.
1505 2768 1787 2818 Obscurum

454 2860 636 2907 autem,
664 2859 750 2899 aut
772 2851 1106 2915 longitudine,
1130 2858 1217 2898 aut
1242 2848 1583 2898 contractione
1611 2846 1787 2896 oratio-

456 2929 548 2988 niS,
573 2937 659 2978 aut
681 2930 1022 2995 ambiguitate,
1049 2936 1136 2978 aut
1153 2927 1421 2978 inflexione
1444 2935 1593 2993 atque
1610 2927 1785 2976 immu-

2049 0 2071 584 *Qu-m
