2071 3508
490 415 546 451 46
971 410 1048 449 DE
1079 409 1344 449 ORATORE

489 535 587 577 am,
613 534 736 582 quae
761 518 974 567 maxime
996 520 1192 584 propria
1211 526 1374 567 essent
1397 525 1618 577 naturae,
1650 527 1817 568 tamen

489 598 565 645 his
604 596 720 662 ipsis
762 605 917 645 artem
943 598 1162 647 adhiberi
1186 598 1435 647 videram:
1473 614 1585 645 nam
1613 599 1673 646 de
1699 598 1818 646 acti-·

489 693 599 730 one,
640 684 691 724 et
710 676 771 724 de
796 678 1029 726 memoria
1054 677 1293 742 quaedam
1316 677 1501 736 brevia,
1531 677 1617 725 sed
1641 693 1822 741 magna

485 769 605 812 cum
631 755 1002 816 exercitatione,
1037 764 1302 822 praecepta
1324 764 1588 821 gustaram.
1660 756 1722 802 In
1744 754 1820 803 his

490 832 622 880 enim
656 833 761 882 fere
792 836 936 884 rebus
961 836 1117 884 omnis
1142 836 1346 884 istorum
1372 834 1614 882 artificum
1639 832 1820 881 doctri-

488 926 553 959 na
575 919 797 960 versatur
818 931 831 971 ;
871 930 1016 976 quam
1054 931 1147 978 ego
1173 916 1211 961 si
1235 914 1357 961 nihil
1383 914 1544 962 dicam
1569 911 1821 976 adjuvare,

487 989 711 1037 mentiar.
786 990 956 1038 Habet
996 992 1127 1039 enim
1166 992 1408 1056 quaedam
1440 992 1577 1056 quasi
1602 990 1664 1039 ad
1690 1006 1822 1039 com-

487 1066 792 1116 monendum
834 1074 1096 1125 oratorem,
1143 1084 1240 1131 quo
1283 1068 1500 1131 quidque
1535 1068 1735 1126 referat,
1771 1076 1823 1116 et

488 1163 586 1210 quo
610 1146 823 1201 intuens,
846 1146 905 1193 ab
931 1162 1005 1201 eo,
1033 1145 1366 1209 quodcunque
1386 1145 1476 1193 sibi
1494 1146 1822 1210 proposuerit,

348 1229 455 1272 146.
488 1223 649 1270 minus
673 1220 880 1270 aberret.
952 1223 1142 1270 Verum
1179 1240 1273 1287 ego
1309 1223 1438 1271 hanc
1462 1224 1562 1270 vim
1598 1223 1822 1287 intelligo

486 1318 592 1357 esse
617 1301 668 1348 in
692 1300 968 1365 praeceptis
988 1301 1232 1359 omnibus,
1252 1317 1352 1348 non
1376 1309 1432 1348 ut
1456 1318 1514 1348 ea
1537 1302 1694 1349 secuti
1720 1318 1822 1349 ora-

488 1387 619 1428 tores
644 1379 955 1442 eloquentiae
985 1378 1182 1426 laudem
1209 1379 1305 1426 sint
1331 1379 1512 1443 adepti,
1554 1380 1659 1438 sed,
1697 1396 1822 1442 quae

488 1474 575 1506 sua
600 1465 772 1522 sponte
797 1457 1020 1505 homines
1040 1457 1326 1521 eloquentes
1344 1457 1586 1517 facerent,
1606 1475 1663 1506 ea
1682 1474 1823 1522 quos-

490 1537 601 1584 dam
638 1537 936 1594 observasse,
975 1544 1123 1600 atque
1160 1536 1212 1583 id
1251 1536 1441 1600 egisse:
1481 1536 1550 1583 sic
1587 1553 1690 1583 esse
1722 1553 1821 1584 non

490 1615 821 1678 eloquentiam
864 1631 925 1662 ex
968 1613 1192 1671 artificio,
1231 1614 1317 1661 sed
1353 1613 1611 1661 artificium
1638 1630 1699 1661 ex
1725 1614 1823 1662 elo-

490 1693 693 1757 quentia
717 1700 889 1740 natum
911 1711 921 1740 :
962 1692 1095 1756 quod
1131 1699 1316 1750 tamen,
1352 1700 1407 1739 ut
1431 1699 1546 1739 ante
1573 1691 1694 1750 dixi,
1720 1708 1818 1740 non

383 1781 413 1814 Υ
492 1771 668 1835 ejicio:
708 1780 781 1820 est
817 1772 966 1830 enim,
1005 1772 1194 1819 etiamsi
1220 1771 1380 1818 minus
1405 1771 1733 1819 necessarium
1758 1771 1822 1818 ad

490 1851 618 1899 bene
644 1850 931 1908 dicendum,
968 1859 1134 1898 tamen
1173 1849 1236 1897 ad
1280 1849 1682 1913 cognoscendum
1720 1866 1821 1897 non

352 1941 458 1984 147.
490 1928 741 1976 illiberale.
802 1928 1062 1976 Praeterea
1091 1928 1380 1976 exercitatio
1406 1927 1647 1992 quaedam
1673 1928 1822 1976 susci-

490 2007 672 2071 pienda
707 2007 845 2055 vobis
887 2015 993 2066 est3
1034 2023 1313 2071 quanquam
1348 2023 1434 2055 vos
1470 2006 1669 2070 quidem
1695 2006 1821 2070 jam-

490 2086 681 2150 pridem
719 2086 832 2134 estis
870 2087 922 2134 in
961 2103 1140 2146 cursu3
1181 2086 1268 2134 sed
1288 2086 1343 2153 ij,
1369 2086 1452 2149 qui
1476 2086 1822 2149 ingrediuntur
1855 2091 1908 2159 gs

491 2164 542 2210 in
567 2164 795 2220 stadium,
824 2165 1005 2228 quique
1025 2182 1099 2223 ea,
1121 2181 1245 2229 quae
1262 2165 1457 2228 agenda
1481 2172 1595 2212 sunt
1618 2165 1669 2211 in
1694 2164 1821 2223 foro,

490 2248 726 2306 tanquam
750 2243 801 2289 in
825 2243 950 2301 acie,
979 2251 1185 2307 possunt
1210 2243 1358 2290 etiam
1382 2259 1517 2291 nunc
1542 2243 1820 2290 exercitati-

353 2335 460 2376 148,
492 2336 587 2369 one
611 2321 748 2386 quasi
770 2320 963 2369 ludicra
978 2321 1286 2385 praediscere
1306 2337 1363 2367 ac
1379 2319 1620 2368 meditari.
1671 2320 1820 2368 Hanc

491 2399 665 2463 ipsam,
689 2399 850 2462 inquit
874 2399 1136 2464 Sulpicius,
1161 2415 1302 2446 nosse
1320 2398 1573 2445 volumus:
1601 2406 1820 2446 attamen

491 2479 601 2538 ista,
627 2495 751 2543 quae
777 2480 861 2526 abs
898 2486 948 2527 te
982 2479 1197 2528 breviter
1233 2478 1294 2525 de
1327 2485 1430 2525 arte
1456 2477 1664 2526 decursa
1687 2483 1819 2535 sunt,

492 2558 661 2606 audire
688 2557 946 2621 cupimus3
986 2573 1265 2620 quanquam
1301 2563 1415 2603 sunt
1449 2556 1589 2603 nobis
1625 2571 1820 2619 quoque

490 2654 591 2687 non
614 2639 850 2688 inaudita.
919 2638 1108 2686 Verum
1148 2637 1230 2684 illa
1265 2653 1410 2685 mox:
1449 2652 1581 2684 nunc
1619 2635 1681 2683 de
1715 2635 1820 2699 ipsa

493 2719 848 2768 exercitatione
873 2717 992 2782 quid
1016 2717 1213 2775 sentias,
1238 2715 1530 2780 quaerimus.

353 2800 457 2861 33,
559 2797 803 2862 Equidem
826 2798 982 2863 probo
1016 2796 1126 2854 ista,
1158 2796 1358 2844 Crassus
1381 2794 1559 2857 inquit,
1584 2809 1707 2858 quae
1731 2807 1817 2839 vos

355 2893 462 2935 149.
493 2875 657 2924 facere
693 2876 875 2936 soletis,
915 2882 989 2934 ut,
1031 2890 1177 2924 causa
1211 2872 1372 2937 aliqua
1394 2872 1552 2937 posita
1577 2869 1816 2919 consimili
