2071 3508
518 389 738 432 LIBRUM
768 391 1024 432 TERTIUM
1054 391 1130 430 DE
1161 390 1441 431 ORATORE.
1562 396 1640 435 537

371 499 464 551 Pag.
484 504 574 540 280.
603 501 668 538 lin.
688 503 751 539 26.
808 513 873 538 nec
901 500 966 551 qai
992 499 1080 550 plus
1099 498 1249 536 lmninis
1269 501 1404 550 afferat
1435 501 1636 551 orationi]

314 565 567 605 BIanifestum
587 579 670 605 esse
689 566 853 604 arbitror
869 566 931 602 hic
951 577 1034 602 esse
1056 565 1244 602 lacunam.
1303 566 1402 602 Nam
1423 566 1484 604 ille
1505 567 1641 604 modus

314 644 391 669 nou
406 645 610 684 expressus
629 639 700 679 est,
720 638 760 669 et
779 631 953 682 sequitur
972 644 1016 668 ex
1035 630 1102 668 hoe
1116 643 1270 682 genere,
1293 631 1396 681 quod
1417 639 1545 670 tamen
1563 645 1640 670 non

314 706 647 737 commemoratur.
705 697 806 743 Fuit,
832 704 874 734 ut
893 696 1043 748 opinor,
1064 710 1174 749 quam
1191 699 1396 751 ἀλληγοςίοι,
1426 697 1512 734 vide
1534 698 1641 737 Orat,

312 777 397 817 cap.
416 767 481 805 27.
539 764 639 808 Quia
658 764 823 816 spatium
843 764 1019 803 relictum
1040 772 1123 802 erat
1142 763 1297 802 Graeco
1317 764 1449 809 verbo,
1479 765 1582 815 quod
1604 766 1641 802 in

310 830 499 882 principio
530 831 718 869 formulae
739 830 1043 883 typographicae
1073 831 1272 868 literarum
1294 830 1533 869 Graecarum
1564 844 1642 868 non

309 905 434 943 erant,
454 898 602 937 excidit
621 898 737 936 etiam
758 912 869 950 quam
885 911 954 949 per
969 910 1140 936 errorem
1160 898 1506 949 typographorum.
1564 897 1642 936 Mi-

309 977 394 1002 rum
416 972 487 1011 est,
509 965 547 1003 id
567 978 591 1003 a
610 966 763 1003 nemine
783 964 1091 1003 animadversum
1111 978 1206 1003 esse.
1264 965 1389 1002 IDEM.

364 1031 458 1083 Pag.
479 1034 570 1071 283.
599 1032 664 1070 lin.
686 1035 722 1073 7.
785 1032 904 1077 Quam
931 1031 1051 1084 lepide
1079 1030 1206 1078 lexeis,
1233 1033 1327 1081 ὕεα]
1392 1031 1533 1069 Sensus
1561 1038 1640 1070 est:

308 1097 467 1146 Lexeis,
487 1098 527 1136 id
545 1106 618 1146 est,
638 1099 755 1137 verba
774 1106 853 1145 tua,
875 1100 898 1136 ὁ
916 1098 1066 1145 Albuti,
1098 1098 1226 1150 lepide
1257 1106 1296 1136 et
1316 1098 1515 1149 eleganter
1535 1112 1641 1137 com-

308 1164 435 1216 posita
455 1172 804 1217 coagmentataque
824 1172 914 1203 sunt
932 1164 972 1202 in
992 1165 1180 1212 oratione,
1201 1172 1244 1202 ut
1263 1164 1300 1213 in
1321 1165 1554 1217 pavimento,
1582 1166 1641 1204 vel

309 1230 348 1268 in
368 1231 599 1270 emblemate
619 1230 885 1279 vermiculato,
921 1245 1055 1271 omnes
1085 1231 1296 1270 tesserulae
1316 1239 1406 1269 sunt
1424 1239 1506 1269 arte
1537 1244 1641 1270 com-
1668 1267 1672 1268 ⁷

306 1297 469 1348 positae.
527 1296 754 1337 Tesserulae
783 1306 873 1337 sunt
891 1299 1008 1351 lapilli
1028 1304 1095 1338 aut
1114 1298 1254 1337 lateres
1281 1298 1472 1350 quadrati,
1503 1299 1641 1350 quibus

306 1364 462 1403 aedium
475 1365 600 1404 solum
621 1365 893 1405 consternitur.
951 1367 1061 1418 Opus
1081 1365 1276 1405 tesserulis
1295 1373 1385 1417 apte
1406 1374 1640 1413 consertum,

306 1439 348 1469 et
367 1431 491 1484 effigie
508 1446 636 1471 rerum
656 1433 956 1484 animaliumque
975 1433 1215 1480 distinctum,
1246 1432 1438 1471 emblema
1452 1432 1643 1471 vermicu-

305 1499 428 1538 latum
444 1507 616 1538 vocatur.
666 1492 933 1538 STREBAEus.

360 1566 461 1605 Ibid.
491 1567 556 1605 lin.
583 1572 645 1605 11.
700 1566 1022 1616 rhetoricotero’.]
1082 1565 1173 1604 Vox
1195 1566 1362 1615 Graeca,
1384 1569 1639 1623 ῥητοςικότεςος,

305 1633 403 1672 artis
422 1633 649 1672 Rhetoricae
660 1633 839 1686 peritior.

359 1699 460 1737 Ibid.
487 1700 553 1737 lin.
586 1703 646 1740 19.
701 1700 737 1738 si
753 1699 866 1738 verba
886 1705 1050 1738 extrema
1070 1713 1152 1738 eum
1170 1700 1512 1752 consequentibus.]
1574 1702 1639 1740 In-

303 1766 436 1818 tellige
457 1766 631 1805 ultimam
651 1774 691 1805 et
709 1767 871 1818 primam
899 1766 1050 1804 literam
1080 1766 1280 1818 utriusque
1306 1767 1438 1813 verbi;
1467 1768 1572 1820 quod
1599 1770 1638 1808 in

303 1834 469 1886 gratiam
499 1846 635 1872 eorum
668 1833 860 1872 lectorum
892 1833 1042 1879 monui,
1087 1834 1151 1884 qui
1185 1833 1426 1885 exquisitiori
1458 1835 1638 1874 latinitati

303 1900 479 1939 nondum
494 1900 586 1938 satis
603 1907 694 1938 sunt
712 1899 876 1939 adsueti.
933 1899 1175 1938 ERNESTUS.

361 1968 454 2019 Pag.
476 1969 568 2007 284.
609 1967 675 2005 lin.
696 1969 785 2018 23]
847 1968 950 2005 Nam
983 1980 1064 2005 cum
1095 1967 1214 2006 vinxit
1252 1967 1370 2006 modis
1404 1974 1441 2007 et
1456 1971 1633 2021 firma]

306 2035 422 2074 Modz·
441 2042 529 2073 sunt
549 2034 689 2086 pedes3
700 2035 840 2086 ¹forma
861 2041 919 2072 est
938 2033 978 2071 in
991 2040 1186 2073 structura
1204 2034 1431 2074 sententiae.
1487 2036 1535 2074 In
1554 2050 1638 2076 mo-

305 2101 366 2140 dis
388 2101 575 2140 relaxatio
595 2109 667 2148 est,
689 2113 777 2139 cum
797 2114 874 2139 non
894 2114 1027 2140 severe
1048 2101 1259 2153 exiguntur
1278 2101 1398 2154 pedes
1416 2102 1467 2141 ad
1486 2111 1637 2143 certum

305 2182 438 2207 versus
457 2175 647 2206 metrum:
676 2157 715 2205 in
734 2167 858 2206 forma
877 2181 966 2206 cum
986 2180 1065 2206 non
1081 2168 1293 2220 exiguntur
1312 2176 1370 2207 tot
1389 2169 1522 2221 pedes,
1543 2181 1638 2222 quot

303 2244 395 2275 sunt
415 2236 455 2272 in
474 2248 587 2273 versu
606 2234 773 2286 poetico.
830 2234 954 2273 IDEM.

361 2303 457 2354 Pag.
477 2305 568 2342 290.
599 2302 664 2339 lin.
689 2304 749 2340 18.
805 2301 994 2355 carpenda
1014 2301 1222 2352 membris]
1267 2303 1437 2355 Carpere
1457 2305 1638 2344 membris

305 2370 533 2416 orationem,
553 2376 624 2414 est,
649 2381 726 2406 non
746 2368 803 2407 uti
822 2369 1168 2421 comprehensione
1187 2370 1408 2417 verborum,
1437 2371 1506 2410 sed
1519 2385 1639 2410 mem-

305 2437 443 2476 bratim
465 2437 684 2488 caesimque
709 2437 890 2476 scribere.
949 2437 1176 2477 ERanrus
1195 2437 1235 2476 in
1259 2437 1366 2476 Clav.

361 2504 455 2555 Pag.
483 2506 575 2544 293.
606 2503 670 2542 lin.
694 2507 755 2544 19.
811 2503 1013 2542 tendebant
1038 2505 1199 2554 tamem]
1262 2504 1338 2542 Pro
1358 2505 1516 2557 vulgato
1535 2513 1639 2545 tene-

305 2571 410 2620 bant,
444 2571 548 2622 quod
567 2584 658 2610 sane
678 2571 862 2623 explicari
884 2571 974 2610 satis
995 2572 1199 2610 commode
1224 2579 1367 2624 potest,
1401 2585 1451 2611 ex
1472 2573 1560 2612 edd.
1580 2587 1638 2625 pr.

306 2638 454 2678 restitui
474 2635 687 2684 tendebant,
718 2637 823 2689 quod
849 2637 939 2676 huic
961 2638 1047 2676 loco
1067 2645 1127 2676 est
1145 2638 1396 2691 aptissimum.
1453 2639 1539 2678 Nec
1559 2647 1638 2678 tam

304 2706 418 2745 facile
439 2705 522 2757 quis
536 2705 710 2744 tenebant
731 2712 856 2743 mutet
875 2705 913 2742 in
933 2704 1158 2752 tendebant,
1172 2718 1287 2757 quam
1308 2713 1455 2745 contra.
1514 2707 1639 2746 IDEM.

361 2773 455 2824 Pag.
488 2775 579 2812 295.
621 2772 686 2811 lin.
717 2777 754 2811 3.
810 2771 895 2811 huic
931 2772 1125 2810 contraria
1171 2786 1280 2825 saepe
1309 2774 1508 2826 percursio
1541 2776 1633 2825 est.]

308 2839 477 2879 Restitui
496 2840 573 2879 hoc
600 2852 652 2878 ex
672 2839 760 2878 edd.
791 2852 848 2892 pr.
877 2839 917 2877 in
939 2839 1077 2891 quibus
1097 2839 1160 2879 W.
1172 2852 1278 2879 -unus
1291 2841 1500 2893 percussio,
1534 2841 1639 2893 quod
