2071 3508
740 382 906 422 LIBER
936 380 1159 420 PRIMUS.
1560 388 1610 420 (53

277 494 514 544 omnibus
537 492 678 541 terris
703 492 877 540 domus
914 498 987 538 est
1023 489 1234 548 virtutis,
1270 487 1478 552 imperii,
1507 490 1610 554 dig-

278 573 450 622 nitatis
472 573 489 619 ?
532 570 685 635 Cujus
709 570 921 635 primum
947 569 1088 617 nobis
1113 585 1268 626 mens,
1305 584 1429 626 mos,
1467 568 1609 616 disci-

276 653 428 717 plina,
471 659 589 698 nota
614 667 718 698 esse
745 650 925 709 debet3
975 648 1054 697 vel
1080 649 1194 713 quia
1219 656 1293 697 est
1315 646 1491 712 patria,
1527 663 1609 710 pa-

273 746 386 778 rens
412 730 631 777 omnium
657 736 881 777 nostrum
905 750 917 787 ;
964 728 1044 775 vel
1069 729 1184 791 quia
1207 735 1345 775 tanta
1371 726 1611 790 sapientia

270 806 421 856 fuisse
446 808 497 855 in
524 807 638 872 jure
676 806 1026 856 constituendo
1050 806 1270 871 putanda
1297 815 1388 864 est,
1425 814 1609 869 quanta

268 886 367 935 fuit
401 887 452 933 in
487 885 562 934 his
598 886 748 934 tantis
796 885 970 950 opibus
1018 885 1209 949 imperii
1245 883 1604 948 comparandis.

272 964 561 1028 Percipietis
587 964 735 1012 etiam
760 963 891 1011 illam
919 980 980 1012 ex
1007 963 1293 1027 cognitione
1322 961 1445 1025 juris
1470 961 1605 1010 laeti·
1643 960 1732 1006 197
1739 992 1750 1002 ·

269 1044 389 1094 tiam
415 1052 466 1092 et
489 1043 814 1108 voluptatem,
839 1043 992 1107 quod,
1011 1051 1250 1106 quantum
1270 1041 1606 1105 praestiterint

271 1124 425 1171 nostri
451 1122 657 1187 majores
681 1122 946 1188 prudentia
971 1122 1179 1170 caeteris
1204 1123 1456 1186 gentibus,
1495 1129 1604 1169 tum

270 1200 503 1250 facillime
528 1201 836 1266 intelligetiS,
857 1202 894 1249 si
921 1218 1034 1249 cum
1060 1201 1254 1248 illorum
1281 1201 1531 1265 Lycurgo,
1554 1208 1605 1248 ct

272 1281 524 1339 Dracone,
550 1290 601 1329 et
627 1280 824 1339 Solone,
850 1288 1038 1327 nostras
1057 1279 1192 1343 leges
1219 1279 1443 1326 conferre
1468 1278 1604 1326 volu-

272 1359 422 1407 eritis.
493 1358 791 1407 Incredibile
818 1368 892 1406 est
917 1358 1068 1416 enim,
1100 1374 1246 1421 quam
1273 1357 1335 1404 sit
1360 1372 1505 1404 omne
1522 1355 1604 1419 jus

268 1438 434 1497 civile,
453 1446 648 1502 praeter
672 1438 766 1485 hoc
793 1446 1033 1495 nostrum,
1057 1435 1371 1484 inconditum
1392 1451 1449 1483 ac
1475 1451 1604 1500 pene

267 1516 566 1564 ridiculum:
618 1517 680 1564 de
717 1532 815 1580 quo
850 1515 1006 1562 multa
1042 1514 1175 1562 soleo
1211 1515 1261 1561 in
1298 1514 1605 1562 sermonibus

265 1593 567 1658 quotidianis
613 1594 798 1652 dicere,
857 1610 972 1642 cum
1019 1594 1275 1641 hominum
1323 1600 1627 1654 nostrorum3

264 1672 579 1738 prudentiam
607 1673 813 1722 caeteris
839 1673 1085 1731 omnibus,
1122 1680 1173 1719 et
1196 1672 1411 1719 maxime
1448 1671 1603 1719 Grae-

266 1751 352 1808 cis,
412 1759 679 1816 antepono.
776 1752 871 1799 His
919 1768 1014 1815 ego
1061 1751 1123 1812 de
1167 1751 1326 1799 causis
1363 1744 1635 1809 dixe1·a1n,⁵

266 1830 521 1890 Scaevola,
556 1831 633 1891 iis,
670 1832 753 1896 qui
778 1830 990 1896 perfecti
1015 1839 1233 1879 oratores
1270 1846 1374 1878 esse
1400 1829 1600 1886 vellent,

258 1909 384 1975 juris
410 1910 566 1959 civilis
593 1911 933 1974 cognitionem
960 1926 1064 1957 esse
1089 1909 1431 1957 necessariam.

331 1989 446 2039 Jam
487 2005 605 2037 vero
641 1989 746 2053 ipsa
787 2005 875 2053 per
917 2004 1022 2036 sese
1048 1996 1291 2051 quantum
1317 1988 1487 2036 afferat
1527 1988 1603 2047 iis,
1635 1974 1742 2034 4⁴5.

265 2070 350 2136 qui
376 2069 421 2118 ei
445 2076 700 2134 praesunt,
724 2068 938 2124 honoris,
961 2068 1168 2132 gratiae,
1196 2067 1470 2132 dignitatis,
1496 2069 1604 2132 quis
1640 2066 1748 2109 198»

262 2150 494 2215 ignorat?
540 2149 734 2213 Itaque,
770 2155 827 2195 ut
862 2148 994 2212 apud
1020 2147 1243 2196 Graecos
1268 2147 1421 2194 infimi
1446 2148 1604 2196 homi-

263 2245 367 2286 nes,
395 2227 680 2278 mercedula
704 2227 929 2287 adducti,
955 2227 1204 2275 ministros
1223 2243 1274 2274 se
1293 2228 1534 2292 praebent
1552 2228 1603 2276 in

252 2307 458 2373 judiciis
495 2308 791 2366 oratoribus,
827 2307 880 2366 ii,
917 2306 1003 2370 qui
1039 2306 1174 2374 apud
1199 2305 1308 2354 illos
1343 2316 1604 2368 πραγματικοὶ

263 2396 507 2438 vocantur
528 2406 540 2436 :
580 2387 649 2436 sic
674 2387 726 2434 in
751 2395 918 2435 nostra
943 2386 1144 2434 civitate
1171 2395 1346 2434 contra
1368 2386 1604 2451 amplissi-

262 2484 372 2516 mus
398 2468 607 2532 quisque
634 2474 685 2515 et
711 2465 1006 2515 clarissimus
1031 2466 1119 2523 vir,
1143 2475 1198 2514 ut
1222 2465 1324 2525 ille,
1350 2466 1433 2530 qui
1458 2483 1601 2531 prop-

262 2555 340 2595 ter
381 2547 509 2595 hanc
538 2545 664 2610 juris
691 2544 847 2594 civilis
884 2545 1141 2593 scientiam
1168 2545 1237 2593 sic
1262 2544 1536 2610 appellatus
1571 2562 1598 2592 a

263 2624 456 2690 summa
477 2629 625 2690 poeta
650 2634 744 2683 est,

426 2704 594 2758 Egregie
613 2703 791 2742 cordatus
810 2702 932 2748 homo,
948 2708 1053 2741 catus
1072 2701 1202 2741 Aelius
1218 2703 1352 2740 Sextus
1364 2719 1380 2747 ;

263 2773 506 2839 multique
530 2781 807 2839 praeterea,
849 2771 934 2836 qui
961 2787 1074 2820 cum
1100 2771 1302 2835 ingenio
1327 2771 1416 2819 sibi
1455 2774 1600 2837 [auc-

264 2853 404 2918 tore]
429 2852 725 2919 dignitatem
750 2851 1076 2918 peperissent,
1099 2849 1438 2916 perfecerunt,
1469 2858 1526 2899 ut
1549 2851 1600 2898 in
